1992 3094
125 123 359 170 'LIBANII
383 121 608 167 ORATIO
641 121 958 167 ADVERSUS
990 122 1339 168 PAEDAGOGI
1368 124 1649 170 CONVICIA
1712 127 1818 180 205

127 262 281 331 ’ρήσω
320 257 600 326 τάμαυτοῦ
641 255 772 310 οὐδὲ
812 259 976 311 δείσω
1007 261 1408 328 κακοδαίμονος
1441 265 1819 331 συκοφαντίαν

97 349 512 416 ’παιδαγωγοῦ,
567 347 768 399 τούσδε
815 344 876 399 δὲ
926 350 1056 411 τοὺς
1110 350 1352 415 δειλούς,
1406 351 1454 402 εἰ
1501 351 1589 403 καὶ
1642 353 1819 420 μήπω,

131 435 260 490 ἀλλ’
286 436 464 504 ἴδοιμί
499 453 629 488 ποτε
667 435 1002 504 γενομένους
1035 437 1327 507 ἀνδρείους
1361 437 1451 491 καὶ
1484 440 1820 506 γιγνώσκον-

134 546 229 589 τας
268 524 501 587 αὐτούς·
557 522 649 576 καὶ
688 524 828 591 ὑμᾶς
868 524 946 593 δέ,
986 522 1027 577 ὦ
1066 528 1273 594 παῖδες,
1314 528 1486 594 ἴδοιμι
1524 535 1822 594 μισοῦντας

131 616 260 677 τοὺς
315 612 641 682 ὀφείλοντας
695 612 827 682 ἡμῖν
881 614 1056 682 δίκην.
1134 614 1163 667 ὃ
1212 616 1260 667 εἰ
1306 613 1396 668 καὶ
1443 624 1550 668 νῦν
1596 614 1657 669 ἐν
1702 625 1820 679 ταῖς
1866 638 1886 670 ⁶

132 701 418 772 ὑμετέραις
456 696 526 769 ἦν
564 710 790 770 ψυχαῖς,
841 700 1107 772 ἐξέρριπτ’
1139 702 1209 756 ἂν
1247 702 1336 756 καὶ
1378 699 1540 766 οὗτος
1577 703 1663 757 ἐπὶ
1704 714 1821 767 ταῖς

131 792 515 860 βλασφημίαις.
583 789 680 858 ἐφ’
711 783 753 863 ᾧ
787 800 1090 861 προσκυνεῖ
1127 789 1228 859 μὲν
1269 792 1297 845 ὁ
1337 801 1435 845 τοῦ
1476 792 1607 846 νέου
1645 794 1818 862 πατὴρ

131 881 232 948 τὴν
278 879 476 949 Τύχην,
517 879 589 942 ὡς
629 877 719 932 ἐπὶ
758 882 922 950 τείχει
961 900 1019 933 τε
1057 879 1148 933 καὶ
1188 887 1410 951 φρουρᾷ
1446 889 1546 934 τοῦ
1586 889 1681 950 τῆς
1708 887 1819 933 Δα-

131 969 266 1037 νάης
321 967 646 1038 ἰσχυροτέρᾳ
706 970 983 1037 θαλάμου,
1046 969 1075 1022 ὁ
1124 968 1184 1021 δ’
1214 968 1367 1023 ἐστὶν
1426 970 1626 1039 ἥμερος
1686 971 1821 1039 πρὸς

133 1059 263 1120 τοὺς
300 1055 474 1125 ἡδέως
513 1057 661 1130 αὐτῷ
695 1058 1189 1128 συνδιατρίβοντας
1226 1057 1331 1111 κᾶν
1365 1057 1564 1128 καλέσῃ
1603 1078 1684 1122 τις
1722 1060 1820 1112 τὸν
1845 1081 1887 1113 ιο

132 1145 263 1199 νέον
301 1143 394 1199 ἐπ’
425 1134 670 1216 ἄριστον,
710 1144 931 1214 ἔπεμψε,
971 1146 1075 1200 κᾶν
1113 1146 1199 1199 ε’πὶ
1241 1148 1485 1214 δεῖπνον,
1525 1147 1691 1216 ἐφῆκε
1730 1146 1819 1201 καὶ

134 1234 280 1308 αὐτῷ
326 1240 401 1308 τῷ
453 1235 527 1304 μὴ
583 1236 943 1288 συνδειπνεῖν
997 1236 1317 1306 εὐφραίνων
1369 1237 1466 1290 τὸν
1520 1234 1819 1305 ἑστιάτορα.

133 1323 217 1376 30.
253 1324 260 1394 Ι
294 1322 385 1376 καὶ
431 1331 658 1377 τοιαῦτα
703 1334 882 1377 ποιῶν
927 1325 1016 1377 καὶ
1070 1332 1297 1378 τοιαῦτα
1349 1323 1656 1394 ἐπιτρέπων
1701 1337 1907 1381 RH283

132 1412 222 1465 καὶ
282 1420 511 1466 τοιαῦτα
573 1416 924 1483 χαριζόμενος
978 1414 1123 1483 ὅμως
1177 1406 1319 1477 ἀξιοῖ
1381 1414 1618 1483 φοβερὸς
1680 1407 1821 1467 εἶναι

130 1509 245 1564 τοῖς
283 1502 637 1565 διδασκάλοις
682 1503 774 1555 καὶ
813 1501 1032 1571 βλέπων
1071 1504 1268 1572 ἄγριον
1318 1500 1615 1571 ἐφέστηκεν
1653 1502 1821 1555 οὐδὲν
1845 1524 1886 1556 1⁵

133 1589 327 1643 ἱκανὸν
365 1593 619 1658 νομίζων,
658 1599 771 1645 πᾶν
808 1588 1038 1644 ἔλαττον
1075 1598 1175 1644 τοῦ
1214 1593 1616 1660 προσήκοντος,
1655 1589 1710 1654 ἐξ
1742 1585 1822 1643 ὧν

131 1677 311 1747 ἀηδῶς
364 1680 434 1732 ἄν
483 1686 608 1733 τινα
655 1681 877 1748 διαθείη
927 1689 1167 1747 σκοπῶν,
1223 1679 1410 1732 εἰσιὼν
1459 1679 1561 1746 μὲν
1614 1682 1821 1746 λυπῶν,

130 1764 294 1830 ἐξιὼν
348 1768 409 1822 δὲ
461 1770 674 1839 χαίρειν
728 1768 999 1838 παρέχων,
1050 1771 1332 1836 φαυλίζων
1385 1765 1487 1837 μὲν
1539 1761 1582 1840 ᾧ
1630 1775 1821 1837 χρῆται

134 1856 465 1929 διδασκάλω,
505 1859 806 1925 θαυμάζων
845 1858 906 1911 δὲ
946 1857 1152 1927 ἕτερον,
1193 1865 1257 1927 τῇ
1296 1864 1396 1914 τοῦ
1437 1856 1533 1909 τὸν
1564 1855 1694 1909 νέον
1731 1875 1822 1924 με·

133 1947 424 2014 ταστήσειν
462 1945 656 2016 ἀπειλῇ
690 1948 953 2000 δουλείαν
992 1945 1271 2014 ἐπιφέρων
1309 1951 1383 2017 τῷ
1417 1952 1579 1997 τοῦτο
1613 1947 1820 2013 φοβου-
1844 1966 1887 1999 20

133 2031 295 2105 μένῳ.
371 2033 455 2086 31.
511 2034 577 2088 οὐ
618 2036 727 2104 μὴν
767 2036 796 2089 ὅ
837 2055 898 2103 γε
937 2035 1112 2102 πατὴρ
1161 2041 1258 2087 τοῦ
1298 2032 1430 2086 νέου
1477 2030 1567 2086 καὶ
1608 2032 1820 2101 ὁμώνυ-

134 2140 235 2187 μος
264 2130 522 2176 τοιοῦτον
551 2124 825 2192 ἠνάγκασε
858 2125 1027 2191 λόγον
1058 2122 1337 2191 γενέσθαι,
1370 2122 1496 2174 οὔτε
1529 2122 1632 2189 γὰρ
1658 2120 1822 2182 αὐτὸς

135 2204 205 2277 ἦν
235 2213 399 2274 κακὸς
438 2211 565 2264 οὔτ’
588 2209 660 2281 ἦν
691 2212 838 2285 αὐτῷ
871 2219 1122 2273 τοιοῦτος
1153 2211 1517 2279 παιδαγωγός,
1557 2208 1685 2262 ἀλλ’
1708 2207 1819 2261 ἐπι-

137 2301 299 2367 εικής,
336 2299 572 2370 μέτριος,
613 2302 874 2371 σώφρων,
914 2300 978 2353 ὃν
1016 2297 1118 2367 μὲν
1153 2296 1250 2368 ἦγε
1291 2299 1584 2367 φυλάττων
1622 2298 1710 2350 καὶ
1743 2292 1823 2351 ὧν
1908 2366 1923 2372 Μ

137 2383 302 2455 ἐχρῆν
340 2387 634 2458 ἀπείργων,
673 2391 776 2459 τὴν
805 2389 960 2453 τάξιν
998 2389 1060 2442 δὲ
1099 2388 1166 2441 οὐ
1197 2388 1477 2457 ταράττων
1515 2385 1646 2439 οὐδ’
1677 2385 1709 2439 ἃ
1747 2387 1819 2454 μὴ
1844 2407 1886 2440 85

258 2582 280 2620 1
313 2574 357 2622 τ’
385 2579 587 2636 ἐμαυτοῦ
621 2581 705 2624 Mo
736 2581 785 2623 et
814 2596 869 2636 γρ
901 2578 950 2621 in
974 2592 1108 2634 marg
1131 2577 1234 2621 Mor
1303 2592 1347 2619 τι
1379 2576 1576 2632 ἐμαυτοῦ
1609 2575 1710 2618 Mor
1740 2574 1821 2630 qui

137 2633 194 2678 τὰ
225 2634 424 2692 ἐμαυτοῦ
457 2639 563 2682 coni
706 2643 732 2681 2
764 2639 873 2689 τοὺς
904 2638 954 2683 δὲ
979 2639 1013 2681 Ι
1034 2637 1040 2695 Ι
1068 2637 1118 2680 δὲ
1151 2636 1259 2686 τοὺς
1289 2650 1364 2679 om
1388 2637 1422 2679 I
1551 2639 1576 2677 3
1610 2633 1704 2679 ἴδοι
1738 2634 1821 2678 Mo

142 2691 246 2738 Mor
318 2713 374 2753 γρ
400 2695 484 2742 ἴδω
515 2697 566 2740 in
587 2712 721 2755 marg
745 2697 847 2741 Mor
888 2700 894 2752 Ι
936 2695 1108 2753 μήποτε
1140 2696 1226 2739 Mo
1254 2695 1355 2738 Mor
1396 2697 1402 2748 Ι
1443 2694 1753 2751 γινώσκοντας
1786 2693 1828 2735 V

202 2757 227 2796 6
259 2753 500 2811 ἡμετέραις
532 2758 616 2801 Mo
639 2756 742 2800 Mor
873 2760 899 2800 8
931 2754 1125 2811 Δανάης
1153 2754 1223 2798 Re
1291 2752 1506 2809 δαπάνης
1535 2751 1645 2795 libri
1676 2751 1756 2795 sed
1786 2767 1821 2795 π

139 2822 240 2855 0¹⁸⁸
274 2813 324 2867 V,
355 2814 457 2858 Mor
620 2820 646 2859 9
681 2812 754 2860 ὅδ’
782 2815 1044 2860 APIMoV
1127 2813 1168 2857 εἰ
1191 2809 1239 2858 δ’
1267 2812 1368 2856 Mor
1541 2815 1595 2854 10
1625 2807 1695 2860 τίς
1725 2810 1768 2853 V

142 2873 195 2912 1⁶2.
227 2871 341 2916 αὐτὸ
371 2873 424 2917 τὸ
455 2875 491 2917 Ι
511 2875 517 2930 Ι
544 2875 802 2930 εὐφραῖνον
825 2875 859 2917 Ι
1006 2878 1059 2916 14
1092 2871 1115 2915 ὁ
1149 2870 1231 2928 μὲν
1262 2871 1364 2915 Mor
1514 2874 1567 2914 15
1600 2869 1764 2926 ἄγριον
1795 2869 1828 2912 Ι

141 2927 222 2971 sed
252 2947 279 2987 γ
309 2932 359 2974 in
381 2946 456 2976 ras
480 2933 552 2976 m³
577 2934 584 2989 Ι
612 2933 771 2978 οὐδενὶ
806 2933 1003 2977 CPaMo
1029 2931 1130 2974 Mor
1251 2934 1306 2973 24
1339 2928 1392 2973 ὃν
1423 2930 1457 2972 Ι
