1992 3094
214 124 280 176 76
732 121 959 165 LIBANII
991 120 1215 165 ORATIO
1247 120 1395 164 XXIX

322 258 407 310 27.
441 256 622 326 Ὑπὲρ
657 255 988 326 Ἀντιόχου
1021 252 1165 324 οὖν,
1206 255 1317 326 ἐρεῖ
1355 276 1452 323 τις,
1491 253 1627 309 ἔδει
1668 261 1904 310 λυπεῖν

211 347 574 412 Κάνδιδον,
628 342 790 414 ὑπὲρ
836 353 950 398 τοῦ
1000 353 1346 398 σιτοποιοῦ
1393 354 1518 397 τῶν
1564 364 1900 412 γνωριμω-

210 435 418 488 τάτων
467 434 608 499 ἕνας
655 433 762 502 ἐγὼ
803 431 864 486 δὲ
902 435 963 486 τὸ
1005 433 1175 500 μέσον
1213 434 1314 502 μὲν
1352 441 1448 501 τῆς
1486 432 1696 502 ἀμφοῖν
1734 434 1904 502 τύχης

212 523 312 576 οὐκ
352 523 597 591 ἠγνόουν
643 521 760 576 οὐδ’
794 522 866 585 ὡς
905 522 933 575 6
973 522 1074 591 μὲν
1122 523 1305 575 οἰκίαν
1350 520 1601 590 κέκτηται
1639 522 1902 591 μεγάλην,

167 633 187 665 5
213 612 241 665 6
283 612 343 664 δὲ
381 612 592 680 μισθὸν
622 621 734 664 τῶν
770 611 1081 680 οἰκημάτων
1120 609 1182 663 ἐν
1214 604 1296 673 οἷς
1329 612 1467 665 οἰκεῖ
1505 612 1732 679 τίθησιν
1771 609 1890 663 οὐδ’

212 701 283 762 ὡς
324 700 352 753 ὁ
385 697 487 768 μὲν
525 708 632 768 γῆν
670 697 779 768 ἔχει
810 702 1022 768 πολλήν
1061 719 1118 752 τε
1157 698 1247 752 καὶ
1284 699 1521 769 ἀγαθήν,
1563 699 1591 752 6
1626 696 1688 752 δὲ
1717 699 1903 768 μύλην

121 800 329 844 RH338
371 787 489 841 οὐδ’
546 789 552 856 Ι
610 789 682 851 ὡς
727 788 756 842 6
804 785 905 855 μὲν
950 797 1015 858 τῇ
1062 789 1256 857 γαστρὶ
1305 790 1599 857 χαρίζεται,
1653 787 1683 841 6
1731 785 1792 840 δὲ
1831 788 1904 840 οὐ

212 877 442 930 δύναται
482 875 602 930 οὐδ’
634 877 706 939 ὡς
751 883 826 949 τῷ
873 874 974 946 μὲν
1013 876 1205 945 ἀργεῖν
1250 874 1447 943 ἔξεστι,
1500 883 1575 949 τῷ
1609 874 1657 928 δ’
1691 875 1902 945 ἀνάγκη

212 974 420 1018 πονεῖν.
500 961 625 1019 οἶδα
679 973 849 1019 ταῦτα
901 964 992 1018 καὶ
1046 966 1223 1018 πολλὰ
1277 966 1414 1035 πρὸς
1463 965 1684 1027 τούτοις
1729 963 1902 1034 ἔτερα.

147 1077 189 1108 10
213 1054 297 1106 28.
361 1052 662 1122 ἐποιούμην
718 1054 779 1107 δὲ
835 1055 957 1107 τότε
1012 1055 1079 1107 οὐ
1134 1055 1240 1123 πρὸ
1295 1060 1395 1106 τοῦ
1452 1054 1738 1107 Κανδίδου
1801 1055 1906 1107 τὸν

223 1141 517 1210 Ἀντίοχον,
572 1142 709 1195 ἀλλὰ
763 1144 869 1213 πρὸ
924 1151 1023 1195 τοῦ
1080 1143 1276 1196 ἀδίκου
1324 1144 1384 1195 τὸ
1433 1143 1673 1195 δίκαιον·
1736 1150 1901 1196 τοῦτο

211 1227 312 1296 μὲν
343 1232 446 1299 γὰρ
480 1231 724 1301 ὑπῆρχεν
759 1229 1026 1303 Ἀντιόχῳ,
1059 1239 1159 1284 τοῦ
1188 1232 1478 1284 Κανδίδου
1514 1228 1574 1284 δὲ
1605 1227 1675 1299 ἦν
1707 1229 1899 1285 ἐκεῖνο.

213 1318 397 1381 οὐδεὶς
437 1320 498 1372 δὲ
537 1320 670 1372 οὐδὲ
700 1329 813 1372 τῶν
843 1320 1195 1373 ἀδικωτάτων
1227 1320 1545 1390 ἀνθρώπων
1576 1323 1906 1388 τολμήσειεν

213 1407 282 1460 ἂν
323 1409 511 1476 εἰπεῖν,
551 1408 624 1470 ὡς
663 1409 764 1461 οὐκ
805 1408 1091 1476 αἰδέσιμον
1133 1409 1162 1477 ἡ
1194 1415 1292 1462 τοῦ
1328 1410 1548 1461 δικαίου
1582 1407 1745 1472 τάξις.
1809 1409 1905 1461 διὰ

148 1518 189 1550 15
212 1503 375 1549 τοῦτο
416 1496 518 1549 κάκ
556 1506 668 1550 τῶν
700 1496 960 1566 ἀπράτων
992 1499 1362 1567 δικαστηρίων
1394 1497 1655 1560 ἀπιόντας
1687 1497 1906 1566 ὁρῶμεν

214 1587 566 1653 νενικηκότας
621 1585 723 1638 οὐκ
777 1584 860 1638 ἀεὶ
907 1588 1038 1649 τοὺς
1088 1587 1383 1656 εὐπόρους,
1439 1586 1577 1639 ἀλλά
1621 1604 1753 1639 ποτε
1799 1582 1904 1655 μὲν

212 1674 467 1740 τούτους,
514 1671 644 1726 ποτὲ
685 1671 747 1726 δὲ
785 1677 916 1736 τοὺς
953 1674 1315 1744 πενεστέρους
1361 1684 1473 1727 τῶν
1512 1676 1742 1727 δικαίων
1779 1693 1902 1727 ποι-

215 1762 430 1814 ούντων
470 1761 740 1830 ἑκάτερον.
818 1763 903 1815 29.
960 1766 1030 1816 σὺ
1071 1765 1132 1816 δὲ
1171 1757 1289 1826 οἷος
1329 1763 1398 1816 ἂν
1435 1760 1586 1831 ἦσθα
1636 1763 1727 1815 καὶ
1766 1763 1907 1831 πρὸς

214 1849 459 1912 ἐκείνους
499 1850 694 1918 λέγων·
751 1851 825 1903 οὐ
865 1855 1096 1919 καλῶς,
1145 1849 1186 1905 ὦ
1227 1853 1594 1921 ἄνθρωποι,
1634 1854 1904 1920 πεποιή-

148 1960 191 1992 20
214 1957 361 1991 κατε
412 1946 524 1991 τοῦ
575 1939 693 2007 μὲν
742 1939 1116 2007 ἡττωμένου
1166 1939 1308 2010 παρ’
1339 1941 1497 2009 ὑμῖν
1543 1942 1657 2009 τὴν
1705 1941 1903 1993 δύνα-

213 2046 324 2094 μιν
394 2027 849 2096 ἀτιμάσαντες,
919 2037 1033 2081 τοῦ
1105 2027 1172 2082 δὲ
1241 2031 1720 2098 κεκρατηκότος
1788 2029 1906 2097 τὴν

215 2114 569 2168 ἀσθένειαν
622 2118 1017 2185 τιμήσαντες
1071 2115 1217 2180 ἐξὸν
1270 2117 1700 2186 πεποιηκέναι
1754 2118 1904 2170 τού-

215 2206 506 2268 ναντίον;
562 2207 613 2258 εἰ
657 2204 706 2258 δ’
739 2205 841 2258 οὐκ
889 2204 959 2258 ἂν
996 2207 1134 2276 πρὸς
1179 2207 1443 2275 δικαστὴν
1480 2213 1644 2259 τοῦτο
1685 2205 1905 2274 ἐποίεις,

218 2292 309 2344 διὰ
347 2293 402 2344 τί
437 2293 573 2360 πρὸς
614 2292 726 2359 ἐμέ;
777 2303 1057 2364 πανταχοῦ
1098 2296 1200 2365 γὰρ
1249 2293 1421 2363 ἔγωγε
1459 2297 1657 2362 νομίζω
1697 2297 1903 2364 προσή-

335 2515 359 2553 2
394 2509 751 2567 γνωριμωτέρων
774 2513 809 2554 Ι
925 2517 949 2554 3
983 2513 1161 2570 ἀμφοῖν
1184 2519 1265 2569 τῆς
1289 2515 1334 2556 Β
1456 2518 1481 2556 6
1515 2514 1594 2556 καὶ
1625 2514 1750 2557 inser
1773 2512 1842 2556 A²

216 2573 240 2610 8
275 2568 298 2612 ὁ
330 2569 452 2613 inter
483 2570 543 2619 ὡς
575 2571 622 2612 et
653 2573 715 2629 τῷ
746 2570 871 2615 inser
895 2574 979 2616 Mo
1069 2579 1132 2616 τῶ
1162 2573 1198 2615 Ι
1223 2572 1304 2614 sed
1336 2580 1371 2614 ῶ
1404 2585 1461 2615 ex
1493 2571 1516 2615 ὸ
1551 2586 1653 2616 corr
1675 2571 1745 2614 m²
1771 2575 1777 2628 Ι
1807 2571 1902 2623 ἔξε-

215 2642 313 2671 στιν
332 2629 415 2671 Mo
477 2628 571 2672 ἐστι
595 2628 728 2685 Bong
755 2634 760 2687 Ι
788 2637 879 2674 τῶν
905 2631 990 2675 Mo
1017 2631 1023 2688 Ι
1051 2629 1103 2675 δὲ
1128 2631 1219 2675 edd
1333 2636 1358 2673 9
1388 2638 1541 2674 ποιεῖν
1569 2631 1605 2675 O
1719 2635 1771 2674 15
1797 2632 1900 2674 δια-

214 2694 347 2730 τοῦτο
382 2687 646 2730 PBMIMo
682 2689 687 2742 Ι
722 2688 972 2743 ἀπράκτων
1006 2691 1079 2733 VI
1103 2690 1185 2733 sed
1208 2689 1255 2732 in
1281 2690 1370 2732 hoc
1402 2707 1429 2733 κ
1461 2703 1562 2734 eras
1745 2693 1798 2732 18
1831 2685 1900 2733 οἷ-

215 2748 310 2789 σθα
342 2747 387 2789 Β
537 2750 589 2788 19
638 2745 787 2802 λέγειν
818 2747 884 2790 Re
917 2745 1016 2799 οἶος
1047 2747 1105 2792 ἂν
1136 2744 1265 2805 ἦσθα
1296 2746 1445 2804 λέγειν
1476 2749 1603 2792 idem
1635 2747 1902 2805 significare

216 2805 425 2847 statuens
458 2807 599 2860 atque
639 2804 836 2849 ἐδύνασο
878 2804 936 2849 ἂν
968 2806 1115 2863 λέγειν
1165 2810 1171 2863 Ι
1222 2807 1390 2862 ἄνδρες
1422 2809 1506 2851 Mo
1687 2811 1742 2850 20
1788 2806 1902 2863 ἡμῖν

225 2863 349 2963 ῘῙαῙΙῘ3
371 2864 451 2906 sed
483 2863 531 2905 in
562 2863 651 2906 hoc
682 2880 710 2919 η
742 2863 791 2906 in
822 2882 851 2908 v
883 2879 997 2920 corr,
1029 2867 1074 2910 U
1200 2870 1256 2908 24
1297 2864 1421 2910 διατί
1453 2867 1514 2909 Μ
1521 2866 1591 2909 V]
1615 2867 1621 2923 Ι
1648 2864 1964 2925 προσήκειις,,,

215 2935 290 2963 om
355 2936 446 2978 ong
