1992 3094
961 820 1122 874 XLV.

307 929 481 979 Oratio
530 930 610 979 vel
655 931 825 993 potius
873 929 1077 993 scriptio
1122 928 1268 994 πρὸς
1313 927 1415 978 τὸν
1461 927 1705 993 βασιλέα
1759 927 1892 995 περὶ

195 1012 306 1053 τῶν
338 1005 650 1068 δεσμωτῶν
681 1019 810 1052 anno
837 1004 941 1051 386
974 1004 1055 1052 vel
1085 1003 1236 1066 paulo
1268 995 1436 1069 post1)
1469 1003 1533 1050 ad
1556 1003 1891 1053 Theodosium

197 1080 381 1142 scripta
420 1095 520 1141 qua
556 1078 822 1126 videndum
861 1093 965 1126 esse
1003 1079 1251 1126 monstrat
1288 1076 1528 1126 Libanius
1567 1094 1628 1126 ne
1666 1078 1792 1142 legis
1830 1077 1894 1128 de

196 1153 420 1202 custodia
457 1168 654 1200 reorum
692 1152 754 1199 ab
792 1154 1093 1213 imperatore
1129 1151 1207 1199 die
1249 1153 1318 1200 30
1349 1168 1414 1198 m.
1445 1151 1732 1200 Decembris
1771 1151 1891 1200 anni
1956 1156 1957 1159 ’

198 1228 303 1276 380
357 1227 493 1275 latae
548 1219 690 1292 (Cod.
730 1225 913 1274 Theod.
951 1225 1023 1273 IX
1064 1227 1112 1288 3,
1131 1219 1187 1292 6)
1238 1241 1416 1289 parum
1469 1227 1601 1274 ratio
1647 1226 1892 1275 habeatur
1980 1279 1981 1282 Ἴ

199 1302 497 1362 omninoque
528 1302 585 1348 ut
623 1315 874 1348 carcerum
913 1315 1030 1347 cura
1061 1302 1242 1363 agatur
1270 1301 1454 1360 monet,
1495 1295 1752 1362 ‘corporis'
1786 1300 1890 1349 fere

194 1375 372 1423 finibus
420 1375 790 1437 circumscripta
830 1375 1029 1423 mansit.
1105 1372 1296 1439 Parvus
1338 1373 1496 1437 igitur
1533 1389 1768 1422 numerus
1815 1375 1892 1422 est

197 1448 420 1497 codicum
451 1447 630 1510 quibus
663 1448 726 1496 ad
755 1450 978 1496 nostram
1009 1449 1226 1495 aetatem
1255 1449 1493 1510 pervenit.
1562 1447 1692 1495 Sunt
1722 1449 1890 1496 autem

197 1523 251 1570 hi
294 1524 382 1570 10:
1950 1547 1951 1550 =
1980 1565 1984 1569 .

312 1599 357 1644 1.
391 1595 711 1644 Chisianus
741 1595 874 1643 RVI
892 1597 960 1644 43
996 1588 1092 1662 (=
1110 1588 1172 1662 O)
1203 1610 1328 1643 saec.
1344 1595 1463 1643 XIV
1494 1595 1722 1644 f01.302.
1761 1595 1888 1644 Vide
1947 1593 1950 1599 ’

194 1672 230 1718 t.
262 1669 287 1717 I
324 1687 371 1732 p.
401 1671 468 1718 10
482 1686 552 1732 sq.
594 1671 644 1717 et
682 1685 833 1731 supra
871 1687 918 1732 p.
948 1670 1067 1718 164.
1145 1668 1361 1718 Contuli.
1943 1708 1945 1710 .

310 1745 356 1791 2.
395 1743 661 1792 Patmius
701 1745 805 1791 471
851 1737 946 1811 (=
977 1737 1074 1811 Pa)
1115 1759 1239 1791 saec.
1272 1743 1388 1791 XIV
1427 1744 1512 1792 fol.
1547 1744 1692 1792 259³:
1762 1742 1895 1812 Vide
1936 1755 1943 1797 j
1990 1739 1992 1791 ἐ

194 1820 231 1865 t.
262 1817 287 1864 I
325 1833 372 1879 p.
399 1819 550 1879 41sq.
590 1820 639 1865 et
685 1833 834 1880 supra
872 1835 919 1880 p.
947 1819 1068 1866 251.
1158 1817 1381 1866 Contulit
1429 1833 1595 1866 meum
1643 1819 1696 1865 in
1746 1833 1890 1866 usum

198 1890 407 1939 Staurus
446 1892 686 1940 Teliacus.

309 1966 355 2012 3.
405 1965 778 2014 Monacensis
819 1983 898 2030 gr.
931 1967 1036 2014 483
1087 1965 1207 2014 olim
1252 1966 1641 2030 Augustanus
1690 1958 1785 2032 (=
1817 1956 1894 2032 A)

197 2053 320 2087 saec.
345 2038 390 2086 X
427 2039 511 2087 fol.
541 2040 683 2087 196¹&
760 2039 886 2087 Vide
924 2042 959 2088 t.
984 2039 1010 2088 1
1041 2057 1088 2102 p.
1118 2040 1182 2088 15
1199 2055 1268 2102 sq.
1347 2037 1562 2088 Contuli.
1972 2066 1976 2090 1

309 2113 357 2160 4.
409 2111 740 2161 Vaticanus
779 2113 1099 2162 Palatinus
1137 2131 1215 2177 gr.
1248 2115 1351 2162 282
1395 2105 1490 2179 (=
1515 2106 1581 2179 P)
1621 2104 1929 2162 εαθο.ΧΙῩ·“’
1971 2114 1975 2122 ”’

197 2185 281 2233 fol.
296 2187 415 2234 143.
468 2186 623 2234 Manu
646 2187 862 2236 secunda
885 2203 911 2236 e
935 2187 1100 2236 codice
1124 2187 1367 2236 Urbinate
1391 2187 1470 2235 vel
1493 2188 1610 2235 huic
1633 2187 1890 2236 simillimo
1916 2194 1920 2201 '
1962 2207 1963 2210 ¹

198 2261 442 2308 correctus
476 2262 563 2308 est.
639 2260 766 2309 Vide
797 2264 832 2309 t.
864 2261 889 2308 I
919 2278 967 2323 p.
995 2264 1064 2310 20
1081 2277 1151 2324 sq.
1185 2263 1236 2310 et
1266 2277 1416 2325 supra
1446 2278 1494 2324 p.
1521 2261 1605 2309 82.
1674 2259 1887 2310 Contuli.
1918 2275 1920 2290 ³
1960 2332 1962 2334 Ι

319 2416 360 2468 1)
391 2413 512 2458 Nam
548 2414 702 2473 legem
743 2429 770 2459 a
809 2416 1070 2461 Theodosio
1109 2416 1215 2460 xm
1244 2416 1348 2460 Kal.
1373 2416 1470 2460 Iun.
1504 2415 1643 2459 huius
1676 2415 1789 2460 anni
1819 2415 1888 2459 12.-
1918 2409 1920 2412 ’
1964 2395 1967 2447 ἶ

198 2473 297 2515 tam
322 2471 447 2529 (Cod.
466 2473 638 2518 Theod.
657 2475 741 2519 XV
758 2477 853 2532 5‚2)
877 2475 1079 2519 valuisse
1111 2490 1136 2520 e
1166 2475 1318 2520 verbis
1343 2475 1567 2519 orationis
1591 2490 1635 2532 p.
1656 2479 1757 2532 369,
1774 2479 1802 2518 4
1818 2488 1886 2531 sq.
1911 2467 1913 2470 ⁴
1944 2471 1962 2522 *F

200 2528 230 2586 ἥ
261 2546 309 2575 τε
339 2530 427 2588 γὰρ
460 2530 586 2589 δείλη
617 2533 812 2589 καθαρὰ
842 2536 979 2580 τοῦδε
1007 2541 1089 2579 τοῦ
1122 2533 1274 2593 φόβου
1305 2533 1334 2591 ἤ
1364 2551 1411 2578 τε
1444 2533 1625 2591 ἀνάγκη
1655 2539 1739 2590 τῆς
1767 2531 1887 2585 θέας
1918 2535 1923 2539 ”
1960 2584 1961 2587 ¹

199 2588 380 2645 ἡμερῶν
410 2599 551 2635 τινῶν
583 2592 719 2646 ἐστιν,
751 2590 853 2637 ἀλλ’
881 2595 964 2652 οὐχ
996 2593 1180 2650 ἀπάσης
1207 2594 1430 2649 sequitur,
1461 2595 1516 2636 ut
1536 2606 1689 2648 neque
1713 2591 1886 2637 Gotho·
1919 2619 1926 2637 .-
1952 2615 1954 2617 ·

198 2647 329 2692 fredo
375 2650 676 2695 Theodosium
712 2653 831 2696 hane
869 2653 1004 2710 legem
1042 2667 1098 2696 ex
1129 2658 1264 2709 parte
1302 2654 1363 2696 ad
1401 2652 1598 2697 Libanii
1637 2652 1886 2696 orationem
1915 2647 1918 2649 ’
1938 2683 1946 2699 η,
1972 2660 1976 2707 g

199 2709 404 2752 sanxisse
428 2709 678 2753 conicienti
704 2724 856 2766 neque
880 2711 1104 2756 Sieversio
1127 2726 1173 2768 p.
1192 2715 1278 2755 203
1302 2711 1558 2755 orationem
1583 2712 1691 2767 post
1713 2723 1884 2754 annum

202 2769 286 2809 385
318 2766 538 2823 scriptam
573 2768 749 2813 dicenti
780 2769 1059 2827 adstipulari
1090 2769 1280 2827 possim.
1335 2769 1551 2826 Tempori
1582 2769 1708 2826 quod
1739 2766 1884 2813 statui
1904 2778 1924 2813 ἐ
1950 2791 1952 2803 =

200 2824 341 2867 etiam
388 2827 623 2882 convenit,
667 2829 792 2885 quod
837 2829 1063 2873 nonnulla
1109 2842 1228 2886 quae
1268 2829 1488 2873 adnotavi
1527 2829 1589 2872 ad
1627 2828 1884 2872 orationem
1922 2819 1948 2878 ’ζ’

200 2884 691 2986 ἓὲἓὲἓῖωἷίεαωθηιιω
722 2887 824 2943 ipso
856 2902 977 2931 anno
1010 2892 1096 2931 386
1121 2888 1195 2947 (cf.
1220 2903 1264 2944 p.
1287 2890 1388 2944 163)
1421 2887 1644 2944 scriptam
1675 2886 1884 2944 proxime
1903 2886 1951 2971 ᾖς’
