1992 3094
507 80 736 125 LIBANII
768 78 990 125 ORATIO
1021 80 1104 125 AD
1135 80 1391 126 ICARIUM
1759 86 1795 139 3

222 225 303 272 10.
343 221 828 269 Vindobonensis
859 220 1002 282 phil.
1028 237 1106 285 gr.
1130 219 1295 268 XCIII
1327 214 1421 287 (=
1447 215 1516 289 V)
1549 239 1674 273 saec.
1698 225 1796 274 XII

106 298 190 347 fol.
220 298 337 345 145.
413 294 539 342 Vide
577 296 611 342 t.
636 294 662 341 I
699 311 746 356 p.
774 294 842 342 35
858 309 928 356 sq.
1007 293 1221 345 Contuli.

217 371 258 419 E
284 369 461 432 quibus
486 367 787 416 adhibendos
812 384 917 417 esse
940 369 1059 416 duxi
1082 368 1273 417 codices
1301 368 1690 419 CAPIPaMoV
1708 374 1795 435 qui

104 447 157 493 in
181 445 302 493 duas
334 443 594 492 discedunt
623 442 841 490 familias
874 459 1083 504 quarum
1114 443 1252 505 prior
1275 443 1525 492 codicibus
1554 443 1794 495 GAPIPa

104 520 216 579 Mo,
267 518 424 566 altera
470 516 635 565 codice
683 516 731 564 V
770 517 1061 564 continetur.
1138 517 1213 563 De
1251 517 1446 566 ratione
1493 535 1617 580 quae
1662 522 1795 569 inter

104 593 193 641 hos
225 591 442 655 singulos
480 589 744 638 intercedit
782 590 846 638 ad
877 593 1086 638 stemma
1123 593 1158 638 t.
1183 590 1235 638 11
1264 607 1310 653 p.
1338 593 1443 639 448
1484 595 1793 655 propositum

102 668 153 715 te
199 666 370 730 delego
416 664 541 712 illud
587 681 740 711 unum
788 663 971 712 addens
1009 665 1086 712 Pa
1130 666 1183 711 in
1229 666 1513 721 universum
1560 667 1623 714 ad
1660 668 1791 716 idem

103 740 204 788 fere
250 739 500 801 exemplar
546 740 696 800 atque
733 739 824 786 Mo
874 738 959 787 sed
1005 739 1193 786 maiore
1240 755 1352 787 cum
1397 740 1491 787 fide
1536 741 1695 790 redire
1742 745 1792 790 et

102 829 445 876 nonnusquam
489 814 541 859 in
587 812 882 860 lectionibus
928 814 1031 860 sive
1077 815 1242 860 textus
1288 814 1445 875 ipsius
1493 814 1594 863 sive
1642 831 1790 863 manu

104 887 316 937 secunda
354 887 406 934 in
444 887 668 950 margine
706 886 883 948 positis
924 901 1035 934 cum
1068 887 1116 935 V
1149 888 1438 935 consentire.

215 960 562 1010 Grammaticis
600 960 1054 1024 florilegiorumque
1090 961 1376 1009 auctoribus
1416 963 1576 1010 oratio
1614 978 1792 1025 parum

105 1038 304 1098 accepta
341 1035 451 1084 fuit.
529 1034 666 1082 Duos
713 1036 912 1082 tantum
958 1050 1016 1081 ex
1055 1050 1114 1082 ea
1160 1038 1414 1097 excerptos
1462 1037 1516 1083 in
1554 1036 1735 1086 Roseto
1748 1031 1790 1103 1)

102 1109 352 1158 Macarii
385 1108 856 1171 Chrysoc'ephali
888 1110 977 1171 qui
1001 1108 1166 1157 codice
1198 1109 1351 1157 simili
1384 1112 1532 1172 atque
1555 1103 1641 1177 1²)
1674 1127 1790 1159 usus

104 1186 192 1245 est,
230 1184 364 1232 locos
402 1184 607 1231 invenis.

213 1255 385 1306 Oratio
416 1257 633 1320 primum
664 1257 798 1305 edita
830 1258 904 1304 est
940 1273 970 1305 a
992 1256 1108 1305 Fed.
1133 1257 1383 1306 Morello
1415 1257 1523 1306 Lib.
1548 1273 1659 1321 opp.
1684 1261 1720 1307 t.
1738 1259 1791 1307 H

100 1348 148 1394 p.
175 1332 465 1380 455——459
508 1334 558 1379 et
583 1332 875 1380 513—-514
916 1346 1003 1394 „ex
1032 1332 1164 1379 codd.
1196 1346 1342 1379 mmss.
1376 1331 1514 1380 Rom.
1549 1336 1592 1380 ct
1619 1333 1789 1381 Bava-

99 1405 242 1466 rvico‘ss
283 1408 344 1454 ut
380 1406 433 1453 in
470 1405 639 1454 Indice
677 1406 949 1467 praemisso
987 1405 1195 1468 legitur,
1242 1406 1327 1454 sed
1365 1422 1542 1468 parum
1580 1408 1787 1470 integre.

101 1479 295 1529 Desunt
334 1479 465 1527 enim
495 1479 647 1528 verba
682 1479 798 1527 inde
829 1494 860 1526 a
897 1478 950 1529 τὸ
990 1476 1202 1543 θέατρον
1240 1496 1286 1541 p.
1321 1483 1404 1541 11,
1424 1482 1487 1527 11
1530 1495 1685 1542 usque
1725 1481 1788 1529 ad

101 1548 128 1602 ὃ
146 1548 324 1612 ’κεῖνος
351 1555 434 1614 16,
455 1555 520 1601 17
553 1553 763 1615 finisque
793 1553 908 1600 inde
941 1569 971 1600 a
1001 1553 1165 1601 verbis
1198 1553 1518 1615 sequentibus
1548 1552 1671 1620 πρὸς
1703 1554 1789 1604 τὸν

78 1626 327 1693 ,δεύτερον
364 1643 521 1690 usque
561 1627 625 1675 ad
656 1628 845 1675 exitum
883 1643 982 1675 non
1022 1642 1133 1675 cum
1164 1628 1410 1690 prioribus
1443 1628 1671 1676 cohaeret
1703 1629 1788 1676 sed

21 1716 26 1722 ·
101 1702 383 1765 appendicis
414 1703 523 1750 loco
554 1703 728 1764 postea
753 1701 950 1750 additus
976 1705 1063 1750 est.
1117 1699 1266 1750 Cuius
1291 1703 1365 1749 rei
1389 1703 1537 1764 culpa
1559 1718 1658 1750 non
1681 1705 1788 1750 tam

99 1776 151 1823 in
190 1775 437 1824 codicibus
477 1778 566 1838 qui
604 1776 810 1823 Morello
861 1775 972 1823 usui
1011 1776 1212 1823 fuerunt
1260 1802 1329 1808 —
1376 1791 1493 1823 nam
1530 1776 1580 1823 in
1622 1776 1787 1824 codice

99 1847 346 1899 Bavarico
376 1851 406 1898 i.
434 1866 472 1898 6.
503 1850 787 1898 Monacensi
818 1867 888 1913 gr.
918 1851 1019 1898 101
1056 1851 1217 1897 oratio
1248 1851 1398 1911 plena
1427 1850 1786 1912 correctiorque

101 1926 261 1972 exstat
313 1940 470 1986 neque
525 1925 672 1972 aliter
726 1924 784 1972 de
840 1923 1005 1972 codice
1051 1924 1275 1971 Romano
1327 1925 1359 1971 i.
1401 1940 1439 1971 e.
1499 1925 1785 1987 apographo

100 1997 352 2047 Allatiano
407 2000 509 2046 sive
555 1998 775 2046 Palatini
823 1997 925 2045 sive
970 1997 1205 2045 Vaticani
1253 1991 1411 2064 939⁸)
1464 1997 1786 2045 iudicandum

101 2071 193 2119 erit
220 2098 281 2104 —
311 2088 460 2134 quam
498 2073 551 2119 in
591 2072 793 2120 editoris
830 2071 986 2134 ipsius
1024 2072 1340 2135 neglegentia
1379 2071 1659 2133 quaerenda
1697 2075 1784 2121 est.

210 2145 491 2194 Reiskius
537 2148 805 2208 postquam
844 2145 1136 2209 gravissima
1174 2145 1381 2194 vulnera
1418 2145 1533 2193 huic
1571 2145 1784 2193 orationi

101 2233 131 2266 a.
160 2219 364 2268 Morello
396 2221 542 2269 illata
578 2219 1077 2268 Animadversionum
1116 2219 1366 2267 volumine
1399 2221 1571 2281 quinto
1602 2235 1650 2280 p.
1678 2220 1781 2266 285

8 2273 36 2354 A*
100 2294 276 2342 —291
313 2294 579 2342 divinando
612 2294 821 2353 sanavit,
859 2286 1101 2359 primus4)
1143 2309 1251 2341 eam
1282 2294 1527 2356 integram
1558 2293 1783 2341 emenda-

100 2368 299 2428 tamque
330 2385 387 2416 ex
411 2369 706 2432 Augustano
730 2368 1112 2429 Monacensique
1144 2366 1391 2415 codicibus
1422 2366 1652 2428 praebuit
1682 2366 1782 2413 edi·
1876 2382 1892 2388 ‘¹

99 2439 232 2488 tione
271 2458 420 2503 quam
458 2458 580 2489 uxor
618 2442 812 2489 curavit
849 2444 884 2489 t.
917 2440 967 2488 II
997 2458 1044 2503 p.
1073 2443 1342 2490 91—109.

209 2513 374 2564 Pauca
412 2516 623 2564 correxit
661 2514 931 2564 Cobetus.

220 2627 262 2683 1)
295 2623 361 2670 Cf.
385 2628 419 2671 t.
436 2626 457 2669 I
487 2641 531 2683 p.
557 2630 657 2670 351.
803 2627 846 2682 2)
881 2624 947 2669 Cf.
971 2639 1017 2681 p.
1039 2630 1107 2680 16,
1124 2631 1165 2669 4.
1310 2627 1355 2682 3)
1387 2623 1452 2669 Cf.
1478 2624 1548 2668 t.I
1579 2639 1623 2681 p.
1650 2627 1719 2668 58.

101 2683 145 2738 4)
176 2684 296 2728 Ante
321 2698 426 2728 eum
449 2685 662 2743 integrae
687 2683 911 2728 orationis
938 2684 1261 2741 apographum
1285 2698 1310 2728 e
1328 2684 1487 2728 codice
1503 2684 1779 2740 Augustano

99 2739 277 2786 factum
309 2742 621 2789 Gothofredus
662 2743 852 2799 quidem
882 2745 1048 2786 nactus
1081 2746 1173 2798 est,
1217 2743 1297 2787 sed
1329 2758 1422 2787 non
1453 2741 1632 2799 publici
1663 2740 1779 2784 iuris

15 2801 27 2814 ¹
99 2798 224 2845 fecit.
287 2800 353 2846 Cf.
388 2816 508 2860 quae
546 2803 596 2846 in
627 2802 833 2846 editione
865 2801 1089 2846 orationis
1127 2816 1211 2858 pro
1250 2801 1437 2858 templis
1470 2803 1619 2857 (1634)
1650 2815 1694 2856 p.
1722 2804 1777 2843 56

6 2879 26 2903 ,1
101 2857 221 2904 dixit
250 2862 299 2905 et
327 2861 399 2904 t.I
420 2876 466 2918 p.
486 2867 553 2905 19.

1472 2962 1529 3005 1*
