1992 3094
170 96 279 148 440
662 94 891 137 LIBANH
922 92 1146 137 ORATIO
1178 93 1365 136 XLVIH

85 244 181 287 ΗΠ
206 247 290 287 539
324 229 438 282 ἀλλ’
479 229 583 282 ἀπὸ
625 231 814 294 τίνων,
859 228 1085 282 ἐκείνων
1125 229 1157 281 ἃ
1197 235 1304 281 νῦν
1338 226 1344 299 Ι
1379 228 1640 298 ὕβρισταί
1673 248 1732 282 τε
1769 228 1862 282 καὶ

171 320 675 388 προπεπηλάκισται
723 318 788 370 οὐ
835 321 996 388 χείρω
1046 320 1315 386 γενόμενα
1361 319 1462 386 τὴν
1503 318 1702 386 φύσιν,
1747 328 1862 381 πῶς

173 409 274 475 γὰρ
324 409 414 471 ἄνς
470 407 606 459 ἀλλὰ
653 407 744 459 διὰ
791 409 920 468 τοὺς
968 408 1204 474 σεμνοὺς
1257 405 1518 458 τουτουσὶ
1573 409 1704 469 τοὺς
1759 407 1861 460 οὐκ

174 495 462 560 ἀξιοῦντας
508 494 713 548 εἰδέναι
767 496 863 557 τὰς
912 493 1136 548 ἑαυτῶν.
1230 495 1381 557 ὅστις
1435 491 1538 548 οὗν
1593 494 1679 547 ἐπὶ
1732 498 1864 558 τοὺς

129 605 147 638 5
174 587 377 651 νόμους
424 583 716 652 ἐπείγεται,
764 584 932 636 ταύτὰ
981 583 1027 636 δ’
1070 582 1139 635 ἂν
1188 588 1393 649 εἴποιμι
1439 581 1530 636 καὶ
1579 582 1704 653 περὶ
1752 594 1864 637 τῶν

173 671 387 743 ἑτέρων,
427 671 692 741 κέκραγεν
732 668 894 734 οὗτος
931 673 1031 725 οὐκ
1071 673 1256 725 αὐτῶν
1296 670 1523 725 ἐκείνων
1563 671 1712 742 ἐρᾶν,
1751 682 1864 726 τῶν

174 759 233 814 δὲ
273 759 326 824 ἐξ
369 761 552 813 αὐτῶν
591 760 901 828 φυομένων.

285 851 369 902 24.
427 849 651 902 Οὐκοῦν
689 848 781 902 καὶ
821 847 882 902 σὲ
923 851 1007 903 δεῖ
1046 859 1290 918 σκοπεῖν,
1330 850 1477 913 ὅπως
1508 851 1540 919 ἢ
1574 849 1867 919 ἐμφράξεις

173 940 267 1001 τὰς
314 939 480 1001 ὁδοὺς
526 939 558 1007 ἢ
605 939 772 991 πάλιν
817 938 953 1002 ἕξεις
1000 939 1203 1001 αὐτοὺς
1248 937 1308 992 ἐν
1354 947 1428 1010 τῷ
1468 941 1864 1011 βουλευτηρίῳ.

109 1049 150 1080 10
174 1028 347 1079 πολλα
396 1026 444 1080 δ’
483 1026 553 1080 ἂν
600 1025 875 1097 ἐξεύροιεν
921 1028 1231 1097 φροντίδες.
1307 1028 1368 1080 τὸ
1415 1026 1464 1081 δ’
1505 1024 1608 1081 οὖν
1646 1045 1865 1097 προχει-

175 1119 431 1222 ρότατον,
486 1115 514 1169 ὁ
562 1118 737 1186 πατὴρ
787 1117 1060 1169 εἰσελθὼν
1115 1118 1190 1178 εἰς
1237 1118 1298 1170 τὸ
1354 1118 1708 1186 δικαστήριον
1753 1116 1786 1184 ἢ
1834 1116 1865 1169 ὁ

174 1203 463 1272 ἐπίτροπος
510 1205 542 1274 ἢ
590 1205 618 1258 ὁ
665 1203 873 1273 ἔφηβος
929 1206 1092 1267 αὐτὸς
1147 1205 1561 1274 ὁμολογησάτω,
1616 1225 1721 1258 καν
1776 1203 1860 1257 ἐπ’

175 1294 345 1362 ἄκρον
393 1292 631 1346 ἐκείνοιν
677 1293 963 1362 αφίκηται,
1014 1296 1176 1362 μήτοι
1221 1303 1332 1346 τῶν
1379 1313 1440 1362 γε
1488 1292 1867 1361 ὀφειλομένων

176 1381 649 1451 ἀποστερήσεσθαι
703 1383 803 1450 τὴν
856 1384 1033 1435 πόλιν.
1130 1385 1187 1434 τί
1213 1390 1492 1435 ,τοιοῦτον
1548 1383 1867 1449 δεδράκατε,

110 1491 151 1522 15
176 1474 385 1538 μᾶλλον
418 1467 478 1523 δὲ
519 1469 869 1539 ἑμελλήσατε;
941 1471 1025 1522 25.
1073 1480 1184 1524 τῶν
1217 1469 1278 1523 ἐν
1314 1474 1546 1540 Φοινίκῃ
1580 1471 1704 1523 τινὰ
1735 1473 1867 1538 βου-

177 1560 278 1626 λὴν
317 1557 553 1628 ᾄδουσιν
601 1559 703 1612 ἀπὸ
738 1557 939 1628 Ῥώμης
979 1559 1032 1623 ἐξ
1073 1560 1259 1613 αὐτῶν
1296 1569 1408 1612 τῶν
1454 1567 1552 1612 τοῦ
1595 1566 1867 1626 σοφιστοῦ

177 1657 375 1716 χειρῶν
445 1647 838 1717 ἀφελκύσασαν
911 1651 1239 1711 νεανίσκους
1309 1648 1369 1701 ἐν
1446 1653 1868 1716 λειτουργοῦσιν

178 1738 345 1805 ἔχειν,
395 1737 530 1789 ὥστε
578 1736 808 1799 ἐκείνοις
845 1737 1168 1806 μεταμέλειν
1207 1745 1307 1790 τοῦ
1346 1756 1404 1789 τε
1443 1741 1586 1789 πλοῦ
1627 1736 1716 1788 καὶ
1755 1745 1867 1788 τῶν

177 1826 302 1893 περὶ
355 1826 452 1877 τὸν
511 1826 764 1895 Θύμβριν
821 1825 1203 1895 ἀνηλωμένων.
1295 1833 1459 1878 τοῦτο
1514 1828 1745 1886 πολλαῖς
1798 1822 1868 1876 ἂν

113 1934 154 1965 20
178 1911 382 1981 ὑπῆρξε
428 1916 654 1967 πόλεσιν
703 1914 783 1983 ἐφ’
828 1915 959 1977 ὅσας
1005 1916 1038 1983 ἡ
1085 1922 1185 1967 τοῦ
1233 1922 1403 1966 ταῦτα
1450 1913 1868 1981 συμπράξαντος

90 2013 295 2057 R11540
328 2003 593 2072 ἄρχοντος
639 2002 886 2071 ἐγίγνετο
937 2003 942 2073 Ι
991 2005 1240 2073 πρόνοια.
1329 2000 1443 2055 ἀλλ’
1492 2002 1594 2054 οὐκ
1641 2001 1869 2069 ἐβουλή-

299 2197 319 2234 1
356 2192 411 2235 of.
438 2207 481 2248 p.
503 2196 669 2246 281‚10
793 2197 846 2235 19
881 2192 938 2236 cf.
964 2208 1009 2249 p.
1029 2197 1195 2248 391‚19

300 2368 468 2412 Ιάλλα
502 2370 635 2412 IBM
661 2369 796 2425 Bong
845 2372 850 2426 1
902 2370 994 2413 ἀπὸ
1027 2368 1190 2425 τίνων;
1223 2367 1421 2452 ἐκείνων2
1443 2369 1510 2412 Re
1603 2366 1695 2412 ἀπό
1727 2384 1868 2411 τινων

181 2425 369 2472 ἐκείνων
401 2427 510 2470 libri
542 2429 673 2484 Bong
809 2433 835 2471 4
866 2429 949 2480 τὰς
980 2431 1025 2473 Β
1058 2430 1141 2472 sed.
1173 2447 1194 2480 ς
1227 2429 1320 2471 add
1351 2428 1421 2471 m2
1564 2432 1590 2471 5
1621 2426 1767 2470 ταύτὰ
1798 2427 1867 2470 Re

237 2494 381 2529 ταῦτα
414 2486 523 2530 libri
553 2487 686 2543 Bong
819 2493 843 2531 6
878 2487 1042 2543 ἑτέρων
1076 2488 1192 2543 ὁρᾶν
1224 2490 1298 2532 Ρα
1331 2488 1412 2532 sed
1443 2505 1498 2544 γρ
1531 2484 1723 2531 ἐκείνων
1756 2486 1868 2540 ἐρᾶν

180 2544 228 2586 in
260 2559 391 2602 marg
415 2545 630 2588 11128
664 2546 910 2602 ἐμφράξεις
943 2547 1105 2603 scripsi
1138 2561 1163 2591 e
1187 2548 1232 2590 P
1253 2547 1335 2590 sed.
1367 2563 1406 2591 ει
1438 2560 1493 2590 ex
1519 2563 1548 2601 η
1583 2559 1683 2588 corr
1713 2544 1795 2599 1113,
1821 2545 1866 2587 Β

182 2605 445 2647 auctoribus
478 2605 545 2647 Re
577 2607 624 2648 eb
656 2603 827 2648 Cobeto
861 2605 1084 2649 Coll.137
1167 2605 1404 2664 ἐμφράξῃς
1432 2604 1603 2660 reliqui
1634 2603 1744 2646 libri
1775 2603 1868 2646 edd

240 2667 264 2704 9
306 2661 584 2719 δικαστηρίω
624 2665 659 2706 Ι
819 2668 870 2707 11
913 2665 1187 2719 προσελθὼν
1225 2667 1260 2708 Ι
1310 2666 1315 2721 Ι
1374 2664 1438 2714 εἰς
1475 2663 1527 2707 τὸ
1568 2661 1868 2718 δικαστήριον

181 2735 255 2764 om
288 2723 332 2765 Β
372 2724 376 2777 Ι
417 2722 743 2779 βουλευτήριον
775 2723 836 2765 Μ
863 2723 997 2797 B‚0ng
1124 2729 1176 2766 12
1210 2723 1351 2775 αυτὸς
1382 2722 1547 2779 scripsi
1580 2723 1767 2765 auctore
1798 2721 1866 2763 Re

240 2776 372 2829 οὗτος
403 2780 511 2823 libri
544 2782 635 2824 edd
801 2786 853 2824 13
888 2782 1033 2836 ἄκρον
1065 2782 1132 2826 Re
1195 2782 1350 2837 ἄκρων
1382 2782 1492 2825 libri
1523 2781 1656 2837 Bong
1705 2782 1710 2836 Ι
1760 2778 1868 2835 μήτι

184 2838 445 2882 ΟΜΟΙΒΜ
464 2839 596 2895 Bong
720 2845 772 2883 18
799 2838 904 2883 ὥστ’
933 2841 1001 2884 Re
1117 2845 1171 2884 19
1196 2841 1320 2899 θύβρ
1325 2858 1370 2884 ιν
1397 2841 1529 2885 ΜοΡ
1641 2843 1695 2882 20
1720 2845 1867 2882 ταῦτα

183 2896 533 2951 συμπράξαντος
564 2899 607 2942 Α
642 2899 722 2942 sed
754 2905 899 2942 ταῦτα
932 2913 1020 2955 συμ
1051 2899 1100 2941 in
1132 2913 1266 2956 marg
1388 2905 1441 2943 21
1476 2897 1654 2955 ἐγένετο
1689 2898 1773 2941 Μο
