1992 3094
197 77 306 129 484
763 72 990 115 LIBANII
1021 70 1244 116 ORATIO
1276 71 1312 114 L

199 210 258 265 δὲ
299 213 351 264 οἱ
389 211 489 277 μὲν
530 207 757 269 ἑαυτοὺς
787 206 1084 275 ἠφάνισαν,
1125 206 1153 259 ὁ
1192 205 1239 258 δ’
1275 204 1506 273 οἰμώξας
1545 207 1634 259 καὶ
1674 205 1878 276 πλήξας

197 309 259 370 τῇ
307 297 444 368 χειρὶ
492 298 551 350 τὸ
599 295 849 365 μέτωπον
897 294 1124 363 ἀπῆλθε.
1201 295 1289 346 καὶ
1338 296 1452 347 ἔστι
1499 303 1613 357 τοῖς
1661 295 1880 358 ἀθλίοις

197 389 257 442 ἐν
296 389 484 456 εἰρήνῃ
523 387 755 453 πόλεμος
793 382 1050 454 χρῄζουσι
1083 381 1184 451 μὲν
1223 391 1317 451 τῆς
1346 386 1573 451 πόλεως,
1613 383 1878 437 ἀκούουσι

199 474 257 528 δὲ
295 477 440 543 παρὰ
479 483 588 526 τῶν
628 475 820 542 ἔργων,
861 472 944 524 ὅτι
984 472 1084 540 χρὴ
1127 472 1357 541 φεύγειν
1395 473 1496 539 τὴν
1534 474 1712 525 πόλιν.

153 586 171 617 5
306 564 389 615 30.
461 566 633 614 Τοῦτο
690 558 749 612 δὲ
799 561 859 612 τὸ
912 562 1173 628 χαλεπόν,
1230 556 1270 611 ὦ
1325 562 1578 628 βασιλεῦ,
1633 562 1880 628 γίγνεται

196 653 572 722 χαλεπώτερον
621 652 950 719 προσθήκην
995 648 1103 701 ὑπὸ
1157 656 1256 701 τοῦ
1312 656 1510 719 καιροῦ
1566 650 1738 715 λαβὸν
1792 646 1880 712 ἐπὶ

195 742 294 794 τὸν
341 748 575 809 χειμῶνα
621 739 767 807 παρὰ
816 747 927 789 τῶν
978 736 1263 806 ἀρχόντων
1313 735 1560 790 ἐκταθέν.
1646 737 1706 800 ὃς
1757 737 1878 805 ἵστη

197 832 466 898 πρότερον
499 827 750 879 ἐπελθὼν
785 834 946 878 τοῦτο
978 826 1040 878 τὸ
1080 826 1329 894 ἀδίκημα.
1401 826 1538 878 ἀλλὰ
1568 834 1675 879 νῦν
1708 833 1881 894 ψῦχος

197 919 296 986 μὲν
330 916 418 969 καὶ
451 918 622 983 πηλὸς
653 914 742 967 καὶ
784 917 1003 982 ὄμβρος,
1043 917 1184 967 πολὺ
1222 915 1434 967 τούτων
1470 914 1716 982 ἕκαστον,
1750 913 1881 966 ἀνα-

132 1027 173 1058 ιο
195 1007 334 1074 πνοὴ
377 1003 436 1058 δὲ
469 1005 802 1072 οὐδαμόθεν.
873 1000 1003 1055 οὐδὲ
1043 1001 1158 1055 ἔστι
1197 1004 1460 1056 σπονδῶν
1500 1011 1704 1072 τυχεῖν,
1745 1001 1883 1054 ἀλλὰ
1963 1033 1992 1047 .-

198 1094 406 1162 λέγεται
445 1091 545 1160 μὲν
582 1094 689 1146 ὑπὸ
729 1102 839 1146 τῶν
879 1092 1138 1162 ὁρώντων
1168 1094 1298 1154 τοὺς
1329 1094 1556 1160 πόνους,
1597 1091 1679 1144 ὅτι
1711 1098 1882 1143 ταῦτα

198 1183 263 1235 οὐ
311 1183 444 1235 κατὰ
489 1184 589 1250 τὴν
635 1183 940 1247 πολιτείαν,
998 1180 1284 1249 ἐκφέρεται
1339 1181 1400 1234 δὲ
1454 1181 1597 1248 ὅμως
1652 1180 1680 1234 ὁ
1733 1185 1881 1248 χοῦς,

196 1275 405 1339 μᾶλλον
443 1269 503 1323 δὲ
544 1271 571 1324 ὁ
615 1273 802 1339 πηλός,
841 1268 958 1323 ἔστι
998 1268 1048 1322 δ’
1090 1266 1156 1322 οὗ
1189 1270 1278 1322 καὶ
1311 1272 1597 1340 βόρβορος.
1667 1267 1762 1337 ὑφ’
1803 1262 1883 1320 ὧν

198 1359 520 1429 ἀμφοτέρων
576 1360 814 1428 ἄχρηστα
868 1367 983 1421 τοῖς
1039 1365 1327 1427 σιτηγοῦσι
1381 1360 1446 1410 τὰ
1502 1360 1723 1423 σακκία,
1777 1356 1883 1410 κᾶν

133 1469 173 1500 15
198 1446 448 1516 ἐμβαλὼν
488 1449 564 1510 εἰς
604 1448 745 1500 οὕτω
789 1448 1101 1513 διακείμενα
1142 1455 1298 1500 σῖτον
1337 1448 1495 1517 ἄγῃς,
1544 1446 1880 1515 διέφθειρας.
1971 1506 1992 1518 η,

197 1544 292 1604 τῆς
331 1535 377 1588 δ’
420 1536 681 1589 ἐντεῦθεν
727 1537 933 1603 βλάβης
982 1534 1069 1587 ἐπὶ
1116 1536 1215 1588 τὸν
1262 1537 1432 1604 ἄρτον
1473 1534 1768 1605 ἐρχομένης
1806 1535 1883 1597 εἰς
1970 1558 1989 1580 2*

198 1627 298 1692 τὴν
336 1632 435 1677 τοῦ
476 1628 629 1677 σίτου
670 1625 832 1693 τιμὴν
872 1625 900 1677 ὁ
941 1626 1168 1692 κομίσας
1207 1622 1506 1693 ἐζημίωται.
1585 1624 1670 1676 31.
1725 1621 1881 1676 ταυτὶ

201 1713 261 1764 δὲ
308 1715 370 1765 τὰ
417 1714 567 1780 πάθη
610 1715 699 1765 καὶ
746 1721 810 1782 τῇ
850 1715 1005 1766 πόλει
1044 1714 1144 1780 τὴν
1183 1714 1308 1782 περὶ
1355 1715 1455 1781 τὴν
1495 1714 1709 1782 τροφὴν
1748 1726 1882 1778 συμ-

201 1802 382 1869 φορὰν
425 1800 684 1867 ἐπέτεινε,
731 1800 820 1853 καὶ
869 1801 1129 1870 τέταρτον
1177 1803 1485 1870 προσετέθη
1533 1803 1716 1854 κακόν.
1792 1801 1882 1853 καὶ

135 1909 178 1941 20
201 1896 306 1941 νῦν
345 1889 692 1958 ἀριθμοῦμεν
731 1891 796 1942 τὰ
835 1899 945 1942 τῶν
983 1899 1139 1958 μυῶν
1179 1892 1343 1959 ἔθνη,
1390 1892 1519 1952 τοὺς
1563 1892 1743 1958 ὄφεις,
1790 1890 1884 1951 τὰς

203 1976 448 2045 ἀκρίδας,
495 1979 593 2031 τὸν
639 1986 789 2047 χοῦν.
867 1979 1224 2031 παιδεύονται
1275 1979 1378 2047 γὰρ
1431 1971 1513 2042 οἷς
1565 1982 1882 2046 ζημιοῦνται
1971 1995 1992 2049 ¹.

201 2067 450 2134 φεύγειν,
506 2068 686 2136 ὥσπερ
738 2088 789 2119 τι
844 2068 1157 2135 βάραθρον,
1212 2068 1375 2136 τήνδε
1427 2069 1528 2135 τὴν
1579 2069 1740 2120 πόλιν
1790 2065 1880 2119 καὶ
1977 2068 1992 2077 ‘

204 2157 378 2221 ζητεῖν
428 2151 493 2206 οὗ
543 2163 712 2208 ταῦτα
763 2156 830 2208 οὐ
881 2158 1180 2208 πείσονται.
1257 2157 1394 2209 ὥστε
1441 2150 1523 2218 οἷς
1570 2158 1635 2208 οὐ
1683 2163 1831 2208 πᾶσα
1873 2156 1878 2226 j
1975 2179 1992 2211 ι

114 2251 153 2293 R
176 2251 314 2297 [1567
348 2242 554 2312 ἀνάγκη
587 2245 735 2313 δεῦρ’
769 2244 926 2311 ἰέναι,
962 2246 1282 2311 βαδίζουσιν
1314 2245 1511 2298 ἄλλοσε
1549 2252 1884 2312 παραινοῦν·
1981 2233 1992 2249 ³

137 2349 179 2380 25
204 2348 289 2391 τες
328 2323 409 2392 οἷς
448 2334 879 2402 συντυγχάνοιεν
919 2333 1297 2402 ἀναστρέφειν.

326 2583 346 2620 1
382 2576 405 2622 ὃ
438 2581 482 2622 Α
515 2578 604 2623 Go‘c
665 2578 689 2624 ὅ
721 2582 766 2625 P
795 2581 875 2624 sed
909 2580 920 2594 '
951 2580 999 2623 in
1031 2595 1106 2624 ras
1137 2582 1207 2624 111⁴
1263 2583 1269 2637 Ι
1326 2581 1376 2625 δὲ
1410 2581 1476 2625 Re
1642 2585 1667 2623 2
1700 2580 1884 2636 ἀπῆλθε

207 2636 251 2678 Ρ
280 2637 359 2679 sed
391 2653 410 2680 ε
442 2638 490 2679 in
521 2651 595 2681 ras
627 2638 696 2682 111²
756 2640 969 2694 ἀπῆλθεν
1001 2642 1045 2683 Α
1079 2639 1170 2683 Got
1301 2645 1326 2683 3
1359 2642 1584 2696 punctum
1613 2641 1722 2696 post
1751 2637 1885 2683 πόλε-

206 2710 289 2748 μος
318 2694 425 2738 libri
458 2696 548 2740 edd
580 2699 776 2753 (comma
806 2698 1032 2754 Monnier)
1097 2698 1248 2742 delevi
1304 2701 1309 2755 Ι
1367 2698 1579 2756 χρήζουσι
1610 2699 1688 2742 ΡΙ
1713 2697 1804 2741 Got

207 2755 233 2793 8
266 2754 390 2796 τουτὶ
425 2755 462 2798 G
512 2759 516 2808 Ι
573 2757 723 2813 ψύχος
753 2756 861 2800 libri
893 2757 984 2800 edd
1046 2757 1102 2800 cf.
1129 2758 1207 2801 t.1
1239 2762 1405 2811 373‚8;
1438 2763 1605 2812 447‚3;
1635 2757 1679 2800 II
1710 2761 1809 2810 253,
1829 2759 1883 2800 18

269 2815 321 2853 10
354 2813 474 2857 ἔστιν
505 2815 551 2858 Δ
730 2820 782 2858 11
816 2815 1026 2871 ἀγόντων
1059 2817 1164 2859 coni
1193 2817 1407 2860 Monnier
1454 2818 1462 2873 1
1514 2814 1689 2867 πόνους
1721 2813 1885 2870 scripsi

208 2881 263 2910 ex
294 2871 327 2912 Ι
383 2870 519 2922 ὄνους
553 2873 678 2917 OAP
707 2873 796 2917 edd
920 2879 973 2917 13
1006 2875 1056 2919 δὲ
1087 2874 1156 2918 Re
1279 2879 1332 2918 18
1364 2874 1447 2931 τὴν
1480 2877 1541 2932 (2)
1574 2889 1647 2918 om
1679 2875 1712 2918 Ι
