1992 3094
277 99 506 143 LIBANII
538 100 763 145 ORATIO
794 100 878 144 AD
910 101 1308 147 THEODOSIUM
1337 102 1456 148 PRO
1490 101 1684 148 CURHS
1745 102 1854 156 467

159 243 332 289 ταῦτα
370 235 748 304 ἐργαζόμενον.
825 238 1002 308 τούτῳ
1046 240 1242 291 τοίνυν
1282 236 1410 306 ε’ξῆν
1448 237 1518 291 ἂν
1555 235 1703 307 ἔχειν
1741 258 1855 292 κοι-

160 327 374 388 νωνοὺς
428 324 531 377 οὐκ
585 325 811 392 ὀλίγους
859 327 950 378 καὶ
1003 327 1142 395 πρὸς
1187 327 1363 398 τούτῳ
1418 327 1574 379 ταυτὶ
1629 327 1732 380 τάν
1784 335 1861 400 τῷ

159 416 432 485 βαλανείῳ
473 414 796 482 διαφυγεῖν,
843 416 892 467 εἰ
937 416 1010 483 μὴ
1057 414 1253 484 κέρδος
1289 412 1363 483 ἦν
1400 415 1549 487 αὐτῷ
1588 416 1650 468 τὸ
1690 435 1853 483 μεμο-

160 508 392 556 νῶσθαι.
469 510 578 555 νῦν
624 501 672 556 δ’
713 502 741 555 ὁ
788 500 891 570 μὲν
937 505 1123 573 ἅρχων
1170 502 1417 571 ἐγέλασε,
1467 504 1528 556 τὸ
1575 505 1746 557 κακὸν
1792 503 1853 558 δὲ

159 594 398 662 ἔμεινεν,
445 593 478 661 ἡ
517 594 675 654 πόλις
715 589 775 644 δὲ
817 594 894 655 εἰς
931 593 1115 661 κώμης
1152 600 1330 661 σχῆμα
1369 591 1582 661 κατέβη.
1661 593 1851 663 διόπερ
1899 614 1922 647 ⁵

159 679 408 735 ἐπαινεῖν
447 682 549 750 ἔχω
589 681 688 733 τὸν
726 689 834 734 νῦν
873 688 1073 734 τοῦτον
1103 681 1354 750 ὕπαρχον
1385 689 1532 751 τρεῖς
1562 701 1716 744 τινας
1747 681 1852 735 ἀπὸ

160 771 495 835 δικαζόντων
539 770 723 838 <τῶν>
768 772 999 839 θρόνων
1046 771 1124 832 εἰς
1176 771 1387 838 βουλὴν
1440 773 1853 840 μετενεγκόντα,

157 863 370 925 μᾶλλον
409 855 471 911 δὲ
510 859 578 912 οὐ
618 859 679 911 τὸ
718 866 831 911 πᾶν
869 857 1091 912 ἐπαινῶ.
1167 867 1232 928 τῇ
1276 860 1380 928 γὰρ
1422 858 1558 929 ἀρχῇ
1598 860 1659 911 τὸ
1699 859 1854 923 τέλος

159 947 262 1017 οὐχ
301 948 667 1016 ὡμολόγησεν.
745 944 876 1000 οὐδε
923 949 1028 1016 γὰρ
1076 955 1224 1015 τρεῖς
1269 946 1340 1000 ἂν
1383 945 1611 1016 ἑωράκει
1648 950 1854 1014 μόνους

158 1043 232 1108 τῷ
283 1037 290 1106 Ι
348 1038 542 1090 δικαίω
599 1038 1130 1130 συναγωνιζόμενος,
1194 1034 1309 1090 ἀλλ’
1365 1036 1496 1090 οὐδὲ
1549 1037 1701 1089 ἔστιν
1732 1049 1938 1093 RH587

159 1127 336 1179 εἰπεῖν
375 1126 555 1188 ὅσους.
1877 1148 1918 1180 11

270 1215 356 1268 32.
412 1217 502 1267 Σὺ
542 1217 736 1268 τοίνυν
774 1213 902 1268 ἀνθ’
942 1213 1202 1268 ἁπάντων
1241 1221 1408 1281 γενοῦ
1447 1222 1566 1276 ταῖς
1604 1216 1851 1283 βουλαῖς,

158 1301 200 1357 ὦ
239 1305 487 1371 βασιλεῦ,
526 1313 645 1366 ταῖς
683 1304 785 1357 οὐκ
823 1301 1114 1366 ἐλάττονος
1146 1303 1394 1371 σπουδῆς
1434 1302 1609 1367 ἀξίαις
1647 1302 1680 1371 ἢ
1721 1303 1852 1371 ὅσης

159 1394 221 1446 αἶ
270 1394 546 1461 δυνάμεις.
636 1394 690 1445 αἱ
745 1392 847 1459 μέν
892 1411 954 1460 γε
999 1401 1119 1454 ταῖς
1167 1393 1359 1444 πόλεσι
1414 1393 1516 1460 τὴν
1576 1384 1852 1460 σωτηρίαν

159 1480 456 1552 φέρουσιν,
505 1483 561 1535 αἱ
610 1480 661 1535 δ’
699 1477 844 1535 εἷναί
886 1501 940 1534 τι
984 1487 1209 1534 ποιοῦσι
1257 1481 1316 1533 τὸ
1366 1482 1635 1550 σωτηρίας
1681 1478 1850 1543 ἄξιον.
1877 1501 1918 1534 15

158 1579 270 1624 τῶν
314 1573 539 1639 βουλῶν
579 1567 637 1624 δὲ
686 1571 758 1633 ὡς
805 1569 1093 1624 ἐδείκνυον
1138 1567 1499 1638 διακειμένων
1546 1567 1664 1622 οὐδ’
1710 1569 1849 1639 ὑπὲρ

159 1659 289 1713 ὅτου
321 1660 495 1712 καλὸν
521 1660 875 1712 κινδυνεύειν
908 1661 1006 1711 ἔνι.
1067 1665 1337 1711 τοσοῦτον
1368 1656 1634 1711 ἐντεῦθεν
1666 1654 1852 1727 αἶσχος

157 1747 517 1817 κατακέχυται
574 1758 686 1801 τῶν
739 1750 954 1801 πόλεων
1007 1755 1101 1814 τῆς
1155 1746 1373 1800 ἐκεῖθεν
1434 1745 1708 1815 ἀμορφίας
1762 1745 1851 1799 ἐπὶ

157 1845 270 1889 πᾶν
323 1836 745 1907 ἀφικνουμένης.
835 1838 1073 1906 ποίησον
1127 1836 1194 1904 δὴ
1257 1835 1426 1888 πάλιν
1479 1836 1698 1905 λαμπρὰ
1749 1832 1852 1903 μὲν

158 1926 224 1978 τὰ
261 1924 480 1999 ,θέατρα
525 1932 600 1998 τῷ
644 1927 849 1994 πλήθει
902 1926 1050 1994 παρὰ
1096 1933 1208 1977 τῶν
1253 1925 1550 1992 διδόντων,
1602 1924 1850 1994 λαμπρὰς
1875 1945 1919 1978 2⁰

160 2011 221 2066 δὲ
259 2021 335 2086 τῷ
368 2015 515 2087 αὐτῷ
548 2015 726 2086 τούτῳ
765 2015 859 2077 τὰς
903 2011 1190 2076 ἐπιδείξεις
1227 2022 1339 2066 τῶν
1377 2013 1582 2080 λόγων,
1630 2012 1705 2075 ὡς
1743 2020 1851 2066 νῦν

158 2123 221 2172 γε
269 2105 322 2156 οὶ
368 2100 471 2172 μὲν
517 2101 640 2156 οὐδ’
677 2104 919 2165 εἰπόντες
965 2103 1299 2172 πορεύονται
1345 2100 1654 2168 στένοντες,
1700 2102 1759 2155 οἱ
1793 2100 1845 2154 δ’

160 2191 244 2245 ὅτι
290 2188 449 2245 εἷπον
496 2191 712 2254 ἑαυτοῖς
758 2190 1133 2258 ἐπιτιμῶντες,
1187 2190 1279 2243 καὶ
1324 2192 1457 2258 μήν,
1514 2189 1542 2242 ὃ
1590 2189 1850 2257 μέγιστόν

279 2355 304 2394 6
336 2351 588 2395 Tatianum
619 2351 676 2395 cf.
701 2366 746 2408 p.
765 2355 851 2395 425
875 2352 971 2395 not.
992 2356 1038 2405 13
1064 2355 1165 2406 452,
1175 2355 1202 2395 8
1325 2354 1379 2394 18
1412 2349 1483 2394 Od
1505 2352 1531 2393 λ
1553 2354 1640 2393 433

279 2498 843 2556 3311etinmargM
999 2498 1111 2543 4δὲ
1143 2498 1210 2541 Re
1253 2500 1258 2554 Ι
1301 2496 1844 2572 ἄρχωνίηωωςΡἸ

160 2555 207 2604 δ’
234 2558 303 2602 Re
431 2563 457 2601 5
491 2565 640 2615 σχῆμα
671 2557 721 2600 in
752 2557 962 2616 σχήματα
993 2571 1095 2601 corr
1126 2557 1194 2601 A²
1255 2556 1464 2615 σχήματα
1497 2557 1542 2600 Ρ
1674 2561 1699 2599 6
1732 2563 1848 2602 νοῦν

158 2617 293 2675 Bong
448 2622 471 2660 7
503 2624 596 2661 τῶν
626 2617 802 2660 inserui
833 2618 941 2674 post
971 2615 1255 2669 δικαζόντων
1288 2630 1343 2660 ex
1374 2617 1422 2669 Ι,
1455 2616 1562 2672 post
1593 2615 1687 2659 ἀπὸ
1718 2615 1788 2659 Re

159 2691 236 2720 om
264 2676 436 2731 reliqm
466 2675 578 2719 libri
608 2675 742 2732 Bong
862 2680 887 2719 9
921 2675 1200 2732 ἑωράκειμεν
1232 2677 1280 2719 et
1313 2679 1366 2718 10
1395 2673 1849 2731 συναγωνιζομένους

160 2735 228 2780 Re
251 2735 392 2779 Anim
588 2739 638 2778 11
659 2749 725 2790 sq.
759 2732 907 2785 ὅσους.
941 2735 996 2778 συ
1028 2734 1095 2778 Re
1187 2733 1324 2786 ὅσους
1354 2734 1422 2778 οὔ.
1455 2733 1564 2776 libri
1596 2733 1728 2790 Bong

221 2799 276 2839 13
309 2791 470 2847 ἀξίους
492 2795 527 2837 Ι
632 2798 686 2840 15
719 2792 770 2838 αἳ
793 2795 886 2838 ΑΡ
906 2794 989 2838 sed
1011 2794 1062 2837 in
1084 2793 1173 2837 hoc
1197 2792 1251 2837 οῖ’
1267 2807 1483 2849 suprascr
1505 2792 1574 2835 m'
1636 2791 1694 2835 αἴ
1709 2793 1851 2836 ΙΒΜ

159 2853 294 2911 Bong
319 2856 327 2910 Ι
355 2852 406 2897 δὲ
430 2853 497 2896 Re
619 2858 675 2895 22
707 2852 753 2897 οἳ
777 2854 838 2910 (2)
862 2855 908 2898 A
970 2851 1023 2897 οἷ’
1040 2854 1086 2897 Ρ
1114 2853 1196 2896 sed
1221 2851 1233 2866 ‘
1264 2853 1313 2895 in
1340 2865 1415 2895 ras
1447 2851 1530 2905 m’,
1555 2851 1666 2895 BM
1684 2851 1842 2911 Bong}

112 2911 312 2957 wssRe

1492 2983 1578 3028 30⁸
