1992 3094
725 1002 933 1056 XXXII
973 1002 1149 1074 (XXX
1173 1002 1245 1077 R)

252 1124 426 1174 Oratio
465 1126 609 1191 πρὸς
641 1124 937 1175 Νικοκλέα
969 1124 1100 1191 περὶ
1137 1127 1518 1192 Θρασυδαῖον
1549 1128 1629 1177 vel
1659 1128 1826 1190 potius

141 1200 343 1262 scriptio
384 1216 512 1249 anno
548 1202 650 1249 387
686 1201 836 1264 paulo
875 1202 990 1264 post
1020 1202 1218 1250 veniam
1248 1203 1412 1250 motus
1442 1201 1764 1251 Antiochenis
1798 1219 1827 1251 a

140 1273 413 1324 Theodosio
459 1276 780 1338 impetratam
791 1269 833 1342 ¹)
881 1275 946 1323 ad
983 1275 1236 1324 Nicoclem
1281 1275 1401 1324 data
1448 1291 1546 1337 qua
1587 1274 1825 1324 Libanius

128 1348 320 1396 iniuria
368 1364 471 1397 sese
511 1365 541 1397 a
581 1349 897 1412 Thrasydaeo
943 1351 1160 1399 incusari
1197 1351 1444 1398 monstrat
1485 1349 1616 1411 quod
1655 1353 1827 1398 auctor

139 1422 301 1484 fuerit,
347 1425 407 1471 ut
444 1423 530 1472 ille
575 1425 765 1472 invitus
803 1439 930 1472 unus
970 1440 996 1472 e
1035 1424 1214 1487 legatis
1260 1423 1400 1471 fieret
1447 1423 1531 1485 qui
1570 1423 1632 1472 ad
1671 1425 1825 1486 impe-

137 1498 353 1545 ratorem
383 1499 715 1559 mitterentur,
741 1493 999 1561 ‘corporis'
1030 1497 1209 1546 finibus
1233 1497 1605 1560 circumscripta
1626 1499 1825 1559 mansit,

139 1585 235 1632 quo
280 1571 469 1619 factum
516 1574 591 1620 est
627 1574 685 1619 ut
722 1574 894 1635 paucis
941 1572 1189 1621 codicibus
1237 1572 1298 1619 ad
1344 1575 1564 1620 nostram
1611 1574 1826 1620 aetatem

137 1645 428 1707 perveniret.
509 1645 605 1703 Qui
642 1649 759 1695 sunt
795 1646 850 1694 hi
888 1662 992 1695 sex:

251 1722 294 1766 1.
352 1718 514 1768 Codex
562 1719 881 1770 Chisianus
929 1720 1162 1768 RV143
1220 1714 1314 1786 (=
1350 1714 1410 1784 C)
1473 1734 1594 1768 saec.
1627 1715 1826 1783 XIJXII

136 1791 390 1842 f01.263²’.
453 1794 650 1843 Folium
692 1795 797 1843 264
837 1794 1001 1844 verbis
1039 1792 1314 1858 μενέὸημον
1351 1792 1443 1858 γάρ
1491 1787 1560 1859 (p.
1590 1786 1823 1859 154,16)

54 1867 57 1870 ⁴
136 1866 328 1916 desinit.
406 1867 619 1931 Reliqua
670 1884 787 1932 pars
838 1869 1076 1918 orationis
1126 1883 1281 1930 usque
1329 1867 1392 1915 ad
1437 1867 1584 1915 finem
1634 1866 1823 1916 duobus

135 1940 267 1989 foliis
307 1943 501 1991 amissis
538 1943 702 2005 periit.
763 1943 891 1992 Vide
922 1946 957 1991 t.
982 1943 1008 1991 I
1038 1960 1085 2005 p.
1116 1944 1183 1991 10
1197 1958 1267 2005 sq.
1331 1940 1544 1989 Contuli.

246 2016 292 2063 2.
354 2016 726 2066 Monacensis
773 2034 852 2081 gr.
894 2018 999 2065 483
1057 2017 1174 2066 olim
1228 2017 1555 2079 Augustanus
1609 2007 1703 2080 (=
1752 2008 1820 2080 A)

135 2102 256 2137 saec.
281 2090 327 2137 X
357 2090 440 2138 fol.
471 2092 589 2140 149.
650 2091 779 2139 Vide
810 2095 846 2139 t.
871 2091 896 2138 I
934 2108 980 2153 p.
1010 2093 1075 2140 15
1092 2106 1162 2152 sq.
1242 2088 1457 2137 Contuli.

255 2250 298 2299 1)
328 2247 486 2292 Verba
514 2263 560 2304 p.
589 2252 688 2304 150,
714 2251 821 2303 6sq.
855 2245 1055 2306 παρῄνει
1084 2244 1283 2302 πέμπειν
1316 2244 1340 2288 ὃ
1366 2243 1616 2301 στρατηγὸς
1647 2243 1709 2295 ὡς
1737 2243 1820 2287 τὸν

60 2307 62 2309 ’
135 2304 323 2363 βασιλέα
355 2305 604 2366 πρεσβείαν
641 2307 723 2351 καὶ
759 2313 814 2365 τῇ
854 2304 1047 2362 πατρίδι
1086 2306 1283 2364 βοηθεῖν
1322 2304 1391 2354 ὡς
1430 2302 1580 2347 οὔπω
1620 2302 1818 2346 κινδύ-

135 2381 243 2409 νων
282 2369 552 2422 καθαρῶς
597 2364 1018 2424 ἀπηλλαγμένῃ,
1065 2365 1469 2421 προσγεγενῆσθαι
1507 2360 1594 2418 γὰρ
1632 2368 1729 2411 τοῖς
1768 2361 1818 2405 ἐν

133 2429 187 2481 τῇ
219 2423 374 2470 στάσει
403 2432 567 2477 κακοῖς
595 2425 649 2470 τὸ
679 2425 765 2483 τὴν
790 2426 1091 2470 ἐλπισθεῖσαν
1116 2422 1262 2467 πάλαι
1293 2419 1543 2479 πρεσβείαν
1567 2420 1627 2477 μὴ
1650 2419 1819 2465 τετελέ-

134 2485 250 2527 σθαι
287 2499 381 2528 non
419 2485 489 2528 ita
517 2484 720 2528 multum
750 2484 975 2541 temporis
1006 2483 1130 2526 inter
1159 2483 1338 2525 motum
1368 2480 1566 2538 triginta
1596 2481 1820 2535 quattuor

134 2541 312 2586 dierum
340 2545 390 2599 (t.
408 2543 450 2586 II
474 2548 574 2599 269,
595 2549 617 2586 1
636 2544 678 2587 R
710 2543 768 2587 cf.
786 2543 894 2587 Arn.
913 2542 1035 2599 Hug‚
1060 2541 1308 2585 Antiochia
1338 2555 1382 2596 p.
1402 2544 1456 2582 26
1482 2553 1525 2582 n.
1545 2543 1601 2581 53
1625 2540 1673 2581 et
1697 2553 1740 2594 p.
1760 2541 1816 2580 28

133 2603 226 2644 not.
262 2605 364 2660 107)
406 2616 511 2647 vere
550 2603 661 2646 anni
700 2607 784 2646 387
830 2604 1039 2646 exortum
1079 2603 1127 2644 et
1165 2599 1466 2656 scriptionem
1508 2597 1816 2650 interiectum,

133 2660 273 2704 verba
295 2677 338 2718 p.
353 2667 451 2717 161,
465 2668 565 2717 lsq.
591 2662 768 2720 ἐχθρὸν
785 2661 868 2718 μὲν
894 2658 964 2711 οἷς
986 2667 1121 2704 τοῦτο
1139 2659 1225 2703 οὐκ
1248 2657 1440 2713 ἤρεσκεν
1466 2657 1670 2712 ἔφασκον
1695 2651 1818 2699 εἶναι’

133 2733 187 2774 με
224 2723 287 2779 τῷ
318 2722 507 2779 βασιλεῖ,
551 2719 717 2776 φίλον
758 2720 816 2765 δὲ
855 2723 924 2778 τῷ
956 2718 1214 2776 τυράννῳ
1245 2719 1337 2760 κτλ.
1370 2715 1625 2759 Maximum
1657 2715 1816 2769 tyran-

134 2791 244 2821 num
273 2780 478 2823 nondum
516 2780 692 2824 victum
729 2779 1003 2833 ostendunt,
1045 2776 1126 2832 qui
1159 2777 1235 2820 die
1268 2780 1323 2819 28
1363 2774 1537 2819 mensis
1566 2772 1673 2817 Iulii
1705 2773 1816 2816 anni

135 2839 219 2880 388
249 2836 523 2883 interfectus
557 2841 639 2883 est.
704 2838 832 2892 Quae
868 2852 972 2882 cum
1003 2837 1073 2880 ita
1104 2836 1219 2891 sint,
1262 2835 1521 2878 orationem
1559 2833 1660 2888 ipso
1693 2844 1814 2875 anno

134 2898 218 2939 387
244 2897 467 2954 scriptam
484 2911 639 2954 quam,
663 2900 717 2941 ut
733 2896 986 2941 Sieversius
1010 2911 1054 2952 p.
1074 2899 1158 2938 204
1184 2894 1382 2950 putavit,
1408 2893 1495 2936 hoc
1511 2890 1815 2948 posteriorem

76 2974 83 2978 ·
133 2966 232 2998 esse
264 2957 468 3001 statuere
500 2955 636 3001 malo.

1464 3025 1551 3068 10*
