1992 3094
198 102 301 156 196
704 100 933 145 LIBANII
964 100 1189 145 ORATIO
1222 101 1414 146 XXXIV

179 239 426 307 ’φεύγειν
486 238 758 307 μάρτυρες
819 229 903 299 οἷς
957 237 1114 289 αὐτοὶ
1168 238 1497 304 πεποιήκασι
1551 238 1892 308 γεγένηνται,

193 327 483 394 μέλλοντες
530 327 633 394 γὰρ
683 323 766 377 ἐπ’
806 324 981 394 ἀγρὸν
1027 323 1179 393 ἥξειν
1226 323 1316 378 καὶ
1371 333 1535 379 τοῦτο
1591 325 1891 395 ἐγνωκότες

178 420 370 486 πολλῇ
433 415 594 485 τέχνῃ
659 415 924 476 λαθόντες
985 412 1195 486 ᾤχοντο
1265 413 1519 477 ἀπιόντες
1589 416 1892 484 δράσαντες

184 504 327 571 ’πρὶν
367 505 542 556 εἰπεῖν
582 502 610 555 ὃ
653 503 947 571 δράσουσι,
996 502 1339 570 φοβούμενοι
1385 503 1458 571 μὴ
1507 504 1688 570 λόγων
1727 503 1891 558 ἀκού·
1979 527 1981 529 ’

138 615 171 648 ·5
197 606 333 646 σωσι
387 594 728 661 κατεχόντων
783 589 1021 659 ἐχόντων
1076 589 1136 642 ἐν
1191 590 1405 653 ἑαυτοῖς
1460 596 1537 654 εἰς
1591 593 1652 644 τὸ
1705 600 1889 646 πεῖσαι

196 683 450 748 δύναμιν.

312 771 392 823 10.
458 773 569 822 Τοῦ
618 770 689 837 μὴ
739 777 991 821 συνεῖναι
1038 770 1235 822 τοίνυν
1281 768 1470 831 αὑτοῖς
1517 774 1685 822 αἰτιοι
1730 789 1891 822 κατα-

196 860 422 923 στάντες
471 859 571 911 τὸν
618 858 702 910 ὅτι
748 866 861 910 τῶν
907 855 1034 926 παρ’
1065 858 1220 926 ἡμῶν
1268 858 1470 920 αὑτοὺς
1516 857 1891 928 ἀπεστέρησαν

197 948 510 1017 ἀχθόμενον
541 950 819 1016 τολμῶσιν
851 947 1138 999 αἰτιᾶσθαι
1168 955 1280 999 τῶν
1304 946 1494 1009 αὑτοῖς
1525 946 1890 1016 δεδογμένων,

131 1060 174 1092 ιο
201 1038 381 1107 ὥσπερ
423 1036 492 1089 ἂν
533 1041 588 1088 εἴ
619 1055 703 1098 τις
742 1034 883 1088 ἑκὼν
923 1033 1108 1087 ἐλθὼν
1141 1036 1218 1097 εἰς
1256 1038 1462 1105 χωρίον
1502 1036 1750 1105 ἄνυδρον
1788 1030 1882 1088 εἶτ’

197 1124 285 1179 ἐπὶ
339 1127 551 1194 κρήνην
598 1123 783 1178 ἐλθὼν
828 1119 893 1192 ἧς
939 1124 1110 1176 αὑτὸν
1155 1123 1358 1193 ἡμέρας
1411 1125 1565 1187 τινὰς
1619 1123 1890 1194 ἐξέβαλεν,

197 1213 420 1283 ἐγκαλοῖ
466 1223 583 1277 τοῖς
621 1222 881 1284 κρουνοῖς
927 1212 1105 1280 λέγων
1153 1213 1282 1275 ὅσας
1329 1213 1430 1266 οὐκ
1477 1215 1629 1266 ἔπιεν
1675 1212 1890 1283 ἡμέρας.

199 1305 250 1356 οἱ
292 1302 340 1356 δ’
373 1302 442 1355 ἂν
482 1308 689 1356 εἴποιεν
727 1302 864 1370 πρὸς
913 1301 1105 1354 αὐτόν·
1168 1301 1329 1354 ἀλλὰ
1376 1300 1452 1354 δι’
1486 1303 1662 1371 ἡμῶν
1708 1322 1777 1370 γε
1822 1303 1890 1355 τὸ

197 1392 369 1461 ὕδωρ
433 1390 704 1460 ἐφέρετο
766 1390 872 1443 καὶ
933 1392 1342 1457 βουλόμενον
1402 1399 1582 1443 πιεῖν
1643 1391 1760 1443 οὐκ
1814 1389 1891 1444 ἂν

132 1502 174 1536 15
199 1480 675 1549 ἀπηλαύνομεν.
756 1479 838 1531 11.
892 1479 1030 1549 πρὸς
1077 1481 1240 1546 Διός,
1287 1480 1335 1532 εἰ
1375 1477 1425 1531 δ’
1457 1479 1617 1548 ἀφείς
1663 1499 1744 1542 τις
1791 1481 1892 1548 τὴν

199 1577 295 1637 τῆς
334 1569 552 1632 ἀκτῖνος
591 1567 929 1637 μετέχουσαν
967 1576 1074 1636 γῆν
1111 1568 1262 1635 ἥκων
1301 1569 1379 1630 εἰς
1417 1569 1478 1621 τὸ
1517 1570 1840 1638 Κιμμερίων
1882 1566 1887 1640 Ι

104 1672 151 1715 R
174 1671 320 1714 11271·
360 1659 552 1720 σκότος
589 1658 765 1725 μῆνάς
803 1676 957 1718 τινας
996 1656 1106 1709 ἐκεῖ
1145 1658 1435 1726 διατρίψας
1478 1656 1662 1710 ἐλθὼν
1701 1657 1787 1710 ἐπὶ
1826 1658 1891 1709 τὰ

192 1749 449 1815 ,πρόσθεν
489 1742 567 1799 ὧν
615 1744 754 1798 ἑκὼν
799 1746 1089 1814 ἠτύχησεν,
1136 1743 1325 1816 ᾐτιᾶτο
1364 1747 1465 1799 τὸν
1505 1747 1660 1799 δεῖνα
1705 1747 1889 1814 πόρρω

193 1844 294 1904 τῆς
355 1837 531 1897 αἰτίας
593 1836 915 1904 ἄνθρωπον,
978 1834 1079 1886 οὐκ
1134 1832 1204 1886 ἂν
1257 1831 1327 1903 ἦν
1382 1835 1757 1903 συκοφάντης;
1821 1836 1890 1887 σὺ

130 1947 176 1979 20
202 1930 384 1996 σαυτῷ
426 1932 526 1977 τοῦ
567 1924 750 1991 φωτὸς
789 1922 1129 1991 ἐφθόνησας·
1185 1930 1367 1994 σαυτῷ
1414 1925 1609 1976 τοίνυν
1657 1924 1890 1992 λάγχανε

200 2014 301 2081 τὴν
339 2014 516 2081 δίκην.

322 2148 375 2187 16
409 2144 467 2187 of.
492 2143 586 2187 t.11
612 2148 711 2198 149,
730 2147 786 2186 20

321 2267 376 2306 20
409 2261 513 2317 ἤτοι
546 2266 698 2321 σαυτῷ
731 2260 911 2318 ἐγκάλει
947 2261 1013 2305 V²

322 2385 346 2423 3
379 2379 599 2431 ἀπιόντες
628 2381 675 2424 Ρ
703 2379 784 2423 sed
816 2396 870 2423 ντ
900 2379 950 2422 in
973 2392 1048 2423 ras
1072 2379 1143 2423 m⁴
1271 2384 1296 2422 5
1330 2377 1529 2437 ἐχόντων
1561 2381 1608 2423 Ρ
1635 2379 1716 2423 sed
1746 2394 1808 2422 τω
1840 2379 1890 2422 in

204 2453 280 2483 ras
306 2439 375 2482 m⁴
520 2444 543 2482 7
577 2439 736 2488 αὐτοῖς
768 2439 990 2483 GPMoV
1006 2438 1108 2482 Mor
1135 2441 1141 2495 Ι
1169 2438 1472 2494 μεταστάντες
1502 2438 1605 2481 Mor
1742 2442 1767 2481 8
1799 2444 1889 2481 τῶν

206 2499 402 2542 ΟΡαΜο
475 2511 551 2541 om
574 2497 676 2541 Mor
726 2500 730 2553 Ι
780 2505 1008 2554 παρημῶν
1034 2499 1078 2542 V
1223 2503 1247 2540 9
1282 2498 1441 2547 αὐτοῖς
1473 2499 1517 2541 V
1663 2502 1714 2540 11
1750 2497 1890 2548 αὐτὸς

207 2559 290 2602 Mo
316 2557 418 2600 Mor
444 2560 450 2611 Ι
476 2556 609 2606 τινὰς
639 2558 673 2599 Ι
699 2557 781 2600 sed
813 2573 836 2606 ς
867 2557 961 2599 add
983 2556 1054 2599 m⁸
1197 2561 1251 2599 12
1285 2556 1453 2612 ἐγκαλῆ
1488 2557 1609 2601 GMO
1685 2556 1888 2612 ἐγκαλῶν

202 2616 304 2660 Mor
331 2617 336 2674 Ι
363 2631 474 2659 num
492 2619 753 2671 Κρουνοῖςῗ
808 2614 995 2673 χρόνοις
1009 2615 1111 2658 Mor
1135 2615 1216 2671 qui
1240 2613 1477 2672 ἐγχωρίοις
1494 2615 1599 2659 coni
1700 2620 1753 2658 12
1779 2611 1887 2670 ἡμέ-

205 2692 290 2730 ρας
320 2702 377 2707 -
411 2679 465 2718 13
496 2675 548 2718 τὸ
580 2674 630 2717 in
653 2688 788 2731 marg
814 2674 920 2719 Μο2
1042 2679 1096 2718 13
1129 2674 1175 2718 οἳ
1198 2675 1290 2718 AP
1319 2675 1400 2718 sed
1432 2674 1480 2716 in
1511 2674 1599 2717 hoc
1631 2673 1679 2716 in
1712 2672 1764 2717 οἵ
1788 2686 1889 2716 corr

203 2734 285 2788 ω’,
319 2736 404 2779 Mo
480 2732 534 2778 οῖ’
559 2733 719 2778 VMor
746 2734 751 2791 Ι
780 2733 907 2788 ὑμῶν
942 2734 1139 2778 ΟΡαΜο
1163 2733 1264 2777 Mor
1291 2736 1296 2788 Ι
1324 2749 1374 2789 γε
1405 2733 1530 2776 inser
1554 2733 1610 2776 Ι3
1762 2735 1815 2774 15
1847 2730 1887 2775 εἰ

205 2793 296 2849 δὴὶ)
421 2797 474 2836 16
507 2790 759 2849 κιμμερίων
785 2793 830 2835 Ρ
858 2792 939 2835 sed
971 2810 1036 2836 ων
1068 2793 1117 2836 in
1140 2806 1215 2835 ras
1245 2794 1299 2834 ut
1326 2791 1509 2835 videtur
1541 2805 1596 2835 ex
1617 2806 1671 2836 οσ
1704 2805 1804 2835 corr
1818 2789 1888 2834 m³

206 2852 253 2895 et
288 2851 299 2866 '
338 2866 478 2907 supra
510 2868 531 2895 ε
570 2863 694 2905 erae,
734 2853 768 2894 Ι
805 2851 885 2894 sed
925 2850 1165 2907 κιμμέριον
1198 2864 1412 2907 suprascr
1434 2851 1503 2893 m³
1625 2855 1678 2894 18
1711 2850 1772 2901 ὡς
1803 2849 1886 2893 Mo

205 2910 307 2954 Mor
430 2915 481 2954 19
517 2909 829 2965 συκοφάντης·
866 2911 938 2953 Ρα
