1992 3094
178 117 283 169 378
693 115 922 159 LIBANII
952 113 1175 159 ORATIO
1207 112 1352 159 XLVI

290 258 334 304 6.
398 256 798 304 Barberinus
837 255 889 303 II
929 257 995 303 41
1048 248 1142 321 (=
1174 247 1241 322 B)
1291 269 1414 302 saec.
1454 254 1547 301 XV
1599 254 1683 303 fol.
1720 256 1865 303 267&
1954 270 1982 287 ’·-’

179 331 305 377 Vide
343 332 378 377 t.
404 330 428 377 I
458 347 505 392 p.
533 331 601 376 24
619 344 689 391 sq.
769 328 981 377 Contuli.

289 407 334 451 7.
384 403 822 465 Neapolitanus
862 403 913 450 II
943 403 984 450 Ε
1021 404 1086 450 17
1129 418 1253 450 saec.
1286 402 1405 449 XIV
1435 402 1520 450 fol.
1550 403 1669 450 168.
1738 402 1864 450 Vide

175 479 211 525 t.
242 477 267 525 I
305 495 351 540 p.
388 479 487 524 211
507 492 576 539 sq.
618 478 668 524 et
709 478 828 524 392.

1963 228 1982 296 ξ

1958 303 1986 439 *ἴ

288 552 333 599 8.
373 550 704 598 Vaticanus
738 567 814 615 gr.
842 552 907 598 81
938 543 1144 618 (=Va)
1178 565 1302 598 saec.
1320 549 1413 597 XV
1443 550 1527 597 fol.
1557 551 1676 598 233.
1737 549 1864 598 Vide
1958 536 1976 591 ἰ

174 627 209 673 t.
242 625 267 673 I
304 643 351 687 p.
388 627 491 673 209
511 640 580 686 sq.
659 623 872 672 Contuli.

289 701 334 746 9.
373 698 854 746 vindobonensis
892 698 1034 760 phss.
1075 715 1154 762 gr.
1186 696 1350 745 XCIII
1389 691 1483 764 (=
1508 691 1578 764 v)
1612 713 1735 748 saec.
1768 697 1866 745 XII

174 773 258 820 fol.
293 774 412 820 252.
489 772 616 820 Vide
655 774 689 819 t.
722 772 748 819 Ι
785 789 832 834 p.
867 773 934 820 35
955 787 1025 834 sq.
1106 770 1318 820 Contuli.

286 845 380 902 Qui
421 863 519 908 quo
558 846 932 894 necessitudinis
971 846 1170 894 vinculo
1209 847 1341 893 inter
1379 862 1428 894 se
1469 847 1720 893 coniuncti
1751 847 1864 906 sint,
1965 859 1982 871 ”

175 922 382 969 stemma
422 936 571 982 supra
608 937 655 982 p.
684 921 751 968 45
793 921 1044 982 prolatum
1081 920 1174 967 tibi
1215 919 1443 968 ostendit.

284 994 491 1042 Nullum
529 995 692 1042 locum
731 996 1013 1055 excerptum
1050 994 1232 1041 inveni.

285 1068 479 1117 Primus
542 1083 670 1116 anno
737 1069 876 1116 1627
942 1068 1217 1116 orationem
1284 1068 1337 1114 in
1397 1067 1557 1126 lucem
1618 1069 1865 1129 protraxit
1943 1072 1947 1074 ’

173 1142 457 1190 Morellus
489 1143 524 1190 t.
549 1142 601 1189 H
631 1159 676 1204 p.
705 1143 994 1189 421-432
1031 1157 1054 1190 e
1086 1141 1340 1197 codicibus,
1380 1144 1437 1188 ut
1474 1143 1579 1203 ipse
1611 1143 1664 1188 in
1695 1141 1863 1190 Indice

173 1217 442 1278 praemisso
480 1217 566 1277 ait,
605 1230 751 1264 mnss,
780 1217 929 1264 Valic.
955 1217 1234 1264 Bibliothec.
1268 1219 1310 1262 ct
1339 1216 1591 1264 Bavarica
1620 1216 1864 1272 Palatina

176 1290 351 1352 quibus
399 1290 587 1338 codices
626 1289 925 1338 Vaticanum
966 1291 1030 1338 81
1083 1292 1132 1337 et
1178 1289 1463 1338 Palatinum
1505 1282 1664 1356 2821)
1713 1289 1864 1353 signi-

173 1364 356 1425 ficavit,
385 1381 438 1411 re
468 1366 631 1411 autem
655 1380 787 1425 vera,
819 1366 876 1411 ut
898 1364 1190 1411 lacunarum
1213 1364 1577 1425 lectionumque
1603 1378 1864 1412 consensus

175 1437 330 1500 docet,
370 1439 471 1485 fere
513 1454 537 1486 e
577 1438 756 1486 codicis
783 1438 1017 1486 Vaticani
1044 1439 1110 1485 81
1153 1433 1439 1501 apographo
1480 1438 1541 1485 ab
1573 1431 1862 1504 Allat102)

174 1512 320 1559 facto.
383 1511 524 1568 Quod
555 1512 714 1560 oratio
745 1512 910 1559 media
940 1514 993 1559 in
1025 1513 1271 1560 sententia
1301 1527 1420 1559 voce
1452 1507 1590 1559 ἄπιτε
1620 1527 1668 1573 p.
1696 1512 1858 1572 398,2

175 1585 369 1645 desinit,
409 1601 712 1648 quamquam
747 1585 800 1633 in
840 1585 1005 1634 codice
1037 1586 1281 1647 Vaticano
1311 1587 1508 1648 integra
1548 1587 1723 1646 exstat,
1765 1601 1863 1633 non

174 1659 437 1707 mirabitur
469 1659 554 1721 qui
587 1675 754 1707 eorum
785 1661 1068 1707 meminerit
1099 1676 1226 1722 quae
1259 1660 1318 1707 de
1348 1659 1663 1723 neglegentia
1685 1659 1862 1707 Morel-

173 1733 307 1780 liana
346 1733 456 1795 plus
496 1734 646 1781 semel
684 1726 924 1800 monui3).

325 1806 473 1855 Cuius
528 1807 758 1855 editionis
813 1807 1092 1856 Reiskius
1146 1809 1413 1869 postquam
1466 1807 1684 1868 plurima
1737 1808 1862 1855 vitia

175 1880 670 1929 Animadversionum
700 1881 950 1929 volumine
991 1883 1164 1943 quinto
1195 1899 1242 1944 p.
1270 1881 1559 1928 242-258
1594 1880 1862 1928 divinando

176 1954 384 2014 sanavit,
417 1956 654 2003 orationis
685 1955 908 2018 integrae
940 1955 1110 2003 multis
1138 1955 1258 2003 locis
1291 1971 1348 2003 ex
1370 1954 1664 2018 Augustano
1698 1954 1862 2003 codice

177 2028 485 2075 emendatam
539 2029 803 2077 editionem
856 2029 1178 2091 praeparavit
1236 2044 1361 2091 quae
1419 2028 1480 2076 ab
1533 2043 1682 2076 uxore
1736 2031 1770 2076 t.
1811 2028 1863 2076 II

176 2118 221 2163 p.
251 2103 539 2150 463—493
579 2103 729 2164 prelis
771 2104 1031 2151 commissa
1069 2105 1156 2151 est.
1232 2103 1291 2149 In
1329 2102 1455 2150 hanc
1496 2103 1647 2150 etiam
1681 2117 1862 2167 magna

174 2190 289 2236 pars
331 2172 865 2224 ‘Animadversionuin'
905 2177 1120 2224 transiit.

286 2248 451 2297 Pauca
489 2250 699 2298 correxit
737 2249 1016 2298 Sintenis.

1963 763 1982 849 ξ

1956 892 1982 1259 ᾗ

1952 1300 1978 1571 Ξ

298 2376 338 2431 1)
376 2375 419 2418 Is
459 2389 569 2418 sane
607 2375 702 2419 iam
742 2389 863 2420 anno
902 2381 1016 2420 1623
1056 2375 1372 2419 bibliothecae
1405 2375 1662 2419 Vaticanae
1700 2374 1860 2419 illatus
1948 2364 1954 2421 J

177 2436 260 2487 est,
294 2434 375 2476 sed
398 2433 618 2478 Morellus
650 2435 779 2490 prius
812 2436 1134 2492 apographum
1164 2437 1330 2478 nactus
1363 2436 1476 2478 erat.
1540 2433 1606 2478 Cf.
1631 2450 1675 2491 p.
1697 2439 1779 2478 121
1793 2449 1859 2491 sq.
1940 2454 1969 2499 3-

295 2494 338 2547 2)
371 2491 436 2537 Cf.
461 2494 495 2536 t.
519 2493 540 2535 I
569 2508 614 2548 p.
641 2498 710 2537 58.

296 2553 339 2608 3)
372 2550 436 2595 Cf.
461 2567 506 2607 p.
536 2556 631 2595 190.
659 2556 766 2607 2093
797 2553 830 2595 t.
855 2553 899 2595 Π
931 2557 1015 2595 234
1049 2554 1096 2596 et
1128 2557 1226 2596 537.
