1992 3094
176 142 282 194 342
691 138 918 182 LIBANII
950 137 1174 182 ORATIO
1208 138 1351 181 XLIII

174 285 476 345 παρασχεῖν
514 275 856 345 προσδοκίαν
896 276 1140 342 ἔμειναν,
1190 275 1263 336 ὡς
1302 275 1407 343 ἄρα
1453 275 1514 326 τὸ
1563 273 1696 326 αὐτὸ
1737 274 1869 342 δρά-

84 378 288 422 RII425
322 378 535 430 σουσιν,
577 364 713 416 ὥστε
752 362 854 415 κάκ
893 372 1005 415 τῶν
1043 364 1343 430 βελτιόνων
1388 360 1394 432 1
1441 361 1704 430 γενέσθαι
1742 363 1867 415 τινὰ

174 454 365 520 λύπην.

283 541 330 593 9.
394 545 524 603 Πῶς
575 536 678 594 οὖν
729 538 798 592 ἂν
848 538 1074 601 ἕκαστος
1123 537 1238 608 ἔχοι
1292 541 1528 607 βεβαίως
1583 539 1682 602 οὓς
1734 537 1867 608 ἔχεις

128 652 147 683 5
175 631 219 682 εἰ
266 631 359 692 τὰς
405 629 730 691 ἀποστάσεις
778 631 1088 696 συνθήκαις
1131 627 1420 694 ἀνέλοιμεν
1468 627 1558 680 καὶ
1605 630 1677 698 μὴ
1726 627 1866 697 ἐξείη

172 718 383 787 τρέχειν
422 720 567 786 παρὰ
608 718 708 787 μὲν
747 719 961 770 τούτων
1001 718 1073 779 ὡς
1113 716 1380 785 ἐκείνους,
1427 718 1576 787 παρὰ
1624 714 1684 769 δὲ
1732 715 1867 770 ἐκεί-

174 828 287 860 νων
327 807 398 870 ὡς
433 808 680 873 τούτους,
723 799 845 859 οἷόν
883 826 935 858 τι
975 815 1091 868 τοῖς
1130 809 1384 870 παίζουσι
1423 804 1580 858 παισὶ
1621 808 1866 874 γίγνεται

170 896 294 964 περὶ
344 897 437 958 τὰς
485 897 701 963 γωνίας.
787 896 977 963 γνώτω
1027 893 1152 956 νεός
1199 894 1362 962 ἅπας,
1415 895 1488 957 ὡς
1534 894 1566 962 ἡ
1617 895 1708 947 διὰ
1755 903 1867 947 τῶν

172 984 526 1037 ἀποστάσεων
588 984 723 1052 αὕτη
787 982 1058 1036 πέπαυται
1119 985 1318 1053 τρυφή.
1419 984 1608 1051 γνώτω
1671 986 1867 1052 πατήρ,

106 1095 147 1126 10
175 1074 362 1140 γνώτω
401 1078 602 1143 μήτηρ,
650 1073 839 1141 γνώτω
887 1073 1251 1139 παιδαγωγός.
1329 1075 1386 1124 οἳ
1422 1079 1530 1124 νῦν
1577 1071 1678 1141 μέν
1725 1072 1868 1124 εἰσιν

171 1162 404 1225 ἅπαντες
443 1171 555 1214 τῶν
596 1160 680 1214 ἐπὶ
729 1163 955 1231 θρόνων
999 1160 1331 1230 καθημένων
1378 1162 1664 1228 δεσπόται,
1711 1180 1866 1227 γενο-

173 1250 354 1317 μένων
393 1250 454 1303 δὲ
494 1246 573 1303 ὧν
612 1243 769 1303 εἷπον
809 1257 1114 1318 γνωριοῦσι
1155 1257 1301 1318 σφᾶς
1339 1269 1396 1302 τε
1444 1250 1649 1312 αὐτοὺς
1687 1249 1866 1302 κάκεί-

171 1359 303 1401 νους
355 1340 445 1392 καὶ
502 1338 622 1392 ἀντὶ
674 1346 772 1391 τοῦ
824 1338 1050 1406 βλέπειν
1101 1339 1178 1400 εἰς
1235 1338 1438 1400 αὐτοὺς
1493 1337 1687 1401 ἀξιοῦν
1735 1340 1867 1400 τοὺς

170 1427 440 1496 ἡγεμόνας
494 1427 982 1496 ἀκολουθήσουσιν
1044 1419 1128 1489 οἷς
1181 1428 1215 1495 ἡ
1276 1435 1375 1479 τοῦ
1439 1428 1659 1480 δικαίου
1718 1425 1866 1490 τάξις

104 1537 146 1569 15
171 1516 443 1582 βούλεται.
530 1514 750 1569 ἔσονται
805 1513 865 1568 δὲ
921 1514 1138 1586 ἐνεργοὶ
1193 1513 1294 1585 μὲν
1350 1517 1593 1584 ἱμάντες,
1649 1513 1864 1584 ἐνεργοὶ

171 1601 231 1656 δὲ
295 1605 505 1673 ῥάβδοι.
607 1605 679 1668 ὡς
740 1613 847 1658 νῦν
909 1624 971 1673 γε
1032 1606 1179 1673 παρὰ
1240 1605 1342 1673 μὲν
1397 1613 1511 1667 τοῖς
1573 1602 1693 1658 οὐδ’
1741 1605 1864 1671 εἰσί,

168 1694 314 1762 παρὰ
363 1691 422 1746 δὲ
470 1703 585 1757 τοῖς
632 1694 1001 1763 ἀφοσιοῦνται
1053 1703 1244 1762 σαφῶς
1291 1695 1522 1747 εἰδότων
1569 1703 1680 1746 τῶν
1726 1713 1864 1762 χρω-

168 1781 373 1849 μένων,
437 1783 531 1850 ὡς,
595 1785 645 1835 εἰ
703 1782 921 1850 γένοιτό
983 1802 1035 1835 τι
1096 1790 1366 1835 τοσοῦτον
1421 1782 1630 1836 ὁπόσον
1692 1780 1864 1849 ἄξιον,

171 1871 341 1922 ἄλλου
389 1872 486 1924 τὸν
533 1871 663 1924 νέον
716 1871 949 1939 ἐποίησε.
1037 1869 1364 1937 δυναμένων
1419 1868 1479 1923 δὲ
1534 1879 1698 1924 τοῦτο
1752 1881 1865 1924 τῶν

102 1980 146 2011 20
170 1963 394 2027 πληγῶν
447 1960 612 2013 ταύτὸ
675 1970 821 2013 ποιεῖ
875 1958 965 2012 καὶ
1019 1960 1372 2028 παιδαγωγὸς
1426 1959 1493 2012 οὐ
1557 1962 1864 2030 θεραπευό-

169 2066 345 2114 μενος.
422 2047 454 2116 ἡ
503 2051 773 2118 θεραπεία
821 2045 881 2100 δὲ
927 2049 1150 2117 βάθρου
1191 2057 1403 2117 τυχεῖν,
1451 2048 1724 2118 ἀργύριον
1771 2052 1863 2100 λα-

171 2138 306 2203 βεῖν,
349 2134 696 2205 ἑστιαθῆναι,
744 2138 919 2190 πολλὰ
966 2136 1136 2207 ἕτερα.
1215 2136 1285 2190 ἂν
1330 2145 1502 2189 ταῦτα
1547 2137 1864 2207 ὑπομείνῃς,

172 2225 308 2292 ἔχεις
361 2225 459 2277 τὸν
519 2225 668 2278 νέον·
734 2224 802 2278 ἂν
858 2223 905 2278 δ’
946 2226 1047 2278 οὐκ
1103 2225 1336 2295 ἀνάσχῃ,
1384 2227 1499 2294 ’τὴν
1561 2226 1864 2278 ἀπόστασιν

175 2313 422 2379 ἤκουσας.
510 2313 592 2365 10.
655 2314 864 2367 οὐκοῦν
915 2313 982 2366 οὐ
1033 2315 1207 2382 μόνον
1256 2314 1390 2383 ὑμῖν
1436 2314 1664 2383 ὑπάρξει
1711 2316 1863 2382 κομί-

101 2421 146 2452 25
173 2405 379 2453 σασθαι
419 2402 509 2453 διὰ
549 2412 659 2454 τῶν
699 2408 1002 2470 συνθηκῶν
1048 2404 1151 2471 τὴν
1190 2401 1539 2472 ἐλευθερίαν,
1588 2403 1725 2456 ἀλλὰ
1771 2401 1863 2455 καὶ

173 2497 285 2550 τοῖς
325 2489 472 2551 νέοις
513 2490 761 2558 ἀμείνοσι
800 2489 1061 2558 γενέσθαι
1101 2491 1394 2558 βλακεύειν
1434 2492 1525 2543 διὰ
1564 2495 1659 2553 τὰς
1699 2490 1863 2558 ἀνάγ-
1936 2500 1941 2502 ’

171 2596 268 2638 κας
315 2578 415 2629 οὐκ
465 2580 666 2646 ἔχουσι.
744 2579 829 2631 δεῖ
880 2579 983 2647 γὰρ
1037 2580 1104 2647 δὴ
1155 2579 1421 2648 μένοντας
1470 2578 1502 2647 ἢ
1553 2580 1861 2646 βούλεσθαι

290 2772 314 2808 ‘2
346 2766 452 2810 τινὰ
481 2768 525 2810 Β
558 2766 639 2810 sed
672 2784 732 2810 να
763 2766 813 2809 in
842 2780 919 2810 ras
950 2767 1021 2810 m'
1142 2774 1167 2811 3
1201 2766 1339 2824 δίκην
1364 2768 1465 2812 Mor
1585 2773 1611 2811 8
1643 2767 1860 2825 γνώτω-

168 2827 197 2866 9
229 2827 381 2880 τρυφή
414 2839 487 2868 om
522 2826 590 2868 Va
623 2825 724 2868 Mor
847 2831 898 2869 12
932 2826 1013 2870 καὶ
1045 2824 1252 2876 ἐκείνους
1282 2827 1350 2870 Re
1474 2831 1528 2870 13
1561 2827 1733 2876 αὐτοὺς
1771 2826 1862 2870 edd

234 2889 285 2926 15
312 2881 356 2927 δ’
387 2884 452 2927 Re
482 2887 486 2938 Ι
516 2884 692 2940 ἔνεργοι
718 2883 784 2927 Re
910 2889 962 2928 16
989 2887 1036 2928 et
1063 2890 1115 2928 17
1141 2887 1248 2940 περὶ
1274 2887 1311 2930 V
1429 2891 1483 2928 23
1511 2886 1615 2943 ἔχης
1638 2886 1708 2930 Va
1731 2885 1856 2943 Mor}

167 2941 435 3000 οὐκανάσχη
471 2944 502 2985 Ι
