1992 3094
207 114 312 166 160
626 127 635 142 ·-
701 110 929 154 LIBANII
961 108 1184 153 ORATIO
1217 109 1386 152 XXXII

201 250 394 302 κνύειν
433 248 535 300 οὐκ
567 245 707 316 ἔχων
745 248 816 315 μὴ
850 248 1056 314 φθόνει
1095 252 1168 318 τῷ
1195 244 1887 316 ·κτησαμένῳήφι’λον,;μηδὲ

201 338 299 390 τὸν
353 345 468 398 ταῖς
522 335 673 404 ἐμαῖς
728 337 1052 398 συνουσίαις
1105 336 1380 403 ἡδόμενον
1435 335 1507 396 ὡς
1561 333 1639 390 ἂν,
1684 334 1886 401 ἀμείνω

201 428 533 494 γιγνόμενον
572 427 797 477 ἔλαττον
829 422 974 493 ἔχειν
1006 422 1162 486 ἀξίου
1183 433 1313 476 ’τῶν
1344 430 1510 476 τοῦτο
1541 422 1888 492 ποιουμένων

205 516 396 582 ζημίαν
451 514 587 582 μηδὲ
633 514 733 566 τὸν
780 513 1052 582 ὃιώκοντά
1107 532 1172 581 με
1221 522 1333 565 τῶν
1380 513 1707 580 φευγόντων
1753 510 1890 584 μηδὲ

115 617 155 658 R
178 615 322 659 1123ss
363 604 460 655 τὸν
509 607 514 667 Ι
564 611 803 668 τιμῶντα
841 611 953 654 τῶν
989 601 1331 669 ὑβριζόντων
1376 600 1500 669 μηδ’
1531 605 1657 653 οἰόυ
1696 602 1757 653 τὸ
1797 619 1888 654 πε-

159 714 178 745 6
204 691 522 760 φοιτηκέναι
562 706 622 744 σε
661 689 788 760 παρ’
818 689 925 757 ἐμὲ
948 689 1063 743 κατ’
1095 689 1229 757 ἐμοῦ
1275 698 1375 742 τοῦ
1420 687 1594 758 μηδὲν
1633 689 1891 743 ἀδικοῦν-

203 800 295 842 τος
345 783 555 848 μᾶλλον
594 779 626 848 ἢ
665 781 800 831 κατὰ
848 787 950 831 σοῦ
998 787 1097 831 τοῦ
1124 779 1210 830 Υτοὶ
1256 786 1481 831 τοιαῦτα
1510 780 1890 847 ’πεποιηκότος

204 865 359 921 εἶναι.

315 957 399 1009 26.
442 951 555 1026 ’Ἆρ’
587 953 690 1010 οὖν
738 958 816 1019 εἰς
855 959 1053 1023 λόγους
1101 957 1274 1019 εὐθὺς
1321 955 1506 1009 ἐλθὼν
1552 956 1684 1024 ἡμῖν
1731 952 1893 1019 οὗτος

138 1067 179 1099 10
204 1046 254 1099 6<
292 1047 639 1115 Θρασύὸαιος
694 1045 908 1113 ἐγένετο
962 1046 1341 1115 μετριώτερος;
1395 1049 1582 1117 πολλῷ
1631 1045 1732 1114 μὲν
1786 1041 1890 1098 οὖν

201 1136 596 1204 χαλεπώτερος,
653 1136 761 1206 ὅσῳ
816 1136 938 1188 τότε
989 1135 1091 1200 μὲν
1144 1134 1381 1203 ὕβριζεν,
1444 1133 1504 1187 ἐν
1560 1131 1621 1186 δὲ
1673 1135 1891 1197 τούτοις

202 1222 548 1291 ἐπεβούλευε,
600 1228 811 1292 μᾶλλον
858 1220 919 1276 δὲ
966 1224 1128 1292 ἄμφω
1176 1223 1277 1292 μὲν
1315 1225 1604 1292 πρότερον,
1654 1223 1890 1292 ὕστερον

203 1309 263 1364 δὲ
308 1314 565 1378 μειζόνως
610 1313 671 1364 τὸ
722 1313 996 1382 δεύτερον.
1075 1312 1328 1380 εὐπορῶν
1378 1313 1482 1381 γὰρ
1535 1313 1636 1364 οὐκ
1688 1311 1889 1379 ὀλίγων

200 1410 311 1454 τῶν
349 1402 496 1470 παρὰ
533 1408 608 1472 τῷ
643 1407 925 1472 στρατηγῷ
971 1399 1296 1467 δυναμένων
1333 1397 1472 1469 ὑπὲρ
1514 1395 1594 1452 ὧν
1632 1398 1890 1467 ἐβούλετο

137 1510 178 1542 15
204 1490 563 1558 διαλεχθῆναι
619 1489 776 1559 ἀφεὶς
831 1491 1072 1551 ἅπαντας
1127 1488 1374 1552 ἐκείνους
1427 1486 1519 1555 ἐμὲ
1573 1490 1670 1542 τὸν
1719 1497 1890 1543 ταῦτα

203 1579 348 1649 αὐτῷ
396 1578 704 1646 πράττοντα
759 1577 1015 1645 ἐβούλετο
1071 1577 1333 1645 γενέσθαι
1388 1579 1488 1647 οὐχ
1527 1579 1613 1641 ’ὡς
1662 1580 1889 1646 ἥττονος

202 1666 264 1719 ἐν
312 1666 501 1737 ἐκείνῳ
549 1674 644 1734 τῆς
689 1668 953 1735 βοηθείας
999 1666 1282 1735 ἐσομένης,
1316 1666 1452 1720 ἀλλ’
1485 1663 1555 1734 ἧν
1601 1668 1634 1736 ἡ
1675 1669 1888 1735 σπουδὴ

201 1756 303 1822 τὴν
347 1754 520 1823 ὀργὴν
565 1764 676 1807 τῶν
721 1763 883 1808 τοῦτο
933 1757 1425 1824 δυσχερανούντων
1478 1757 1569 1808 καὶ
1618 1758 1748 1819 τοὺς
1793 1756 1883 1809 ἀπ’
1947 1822 1949 1826 ¹

203 1843 370 1911 αὐτῆς
409 1845 610 1912 λόγους
649 1842 730 1896 ἐπ’
762 1843 856 1910 ἐμέ
891 1863 947 1896 τε
989 1844 1177 1896 ἐλθεῖν
1207 1843 1297 1896 καὶ
1330 1846 1431 1912 τὴν
1461 1843 1597 1913 ἐμὴν
1628 1846 1887 1913 κεφαλήν.

136 1953 179 1984 20
309 1932 399 1995 27.
440 1931 550 1985 Καὶ
584 1933 669 1985 ὅτι
707 1931 853 1985 τοῦτ’
886 1935 1037 1985 ἔστιν
1076 1933 1299 2000 ἀληθές,
1339 1935 1496 2001 γνοίη
1538 1953 1622 1996 τις
1653 1932 1723 1986 ἂν
1753 1932 1888 1986 ἐκεῖ-

114 2033 154 2074 R.
178 2032 319 2075 1123?v
359 2026 479 2073 θεν.
515 2021 520 2088 Ι
558 2022 781 2089 αἰτήσας
820 2023 922 2090 γὰρ
957 2023 1024 2090 δὴ
1063 2022 1124 2073 τὸ
1156 2018 1324 2090 ἔργον
1361 2025 1496 2090 πρίν
1521 2042 1585 2086 ἡτι
1626 2021 1886 2090 γενέσθαι

203 2109 341 2177 πρὸς
375 2111 506 2171 τοὺς
543 2109 668 2177 παρ’
702 2110 873 2162 αὐτὸν
913 2111 1186 2172 εἰσιόντας
1217 2111 1288 2172 ὡς
1322 2109 1408 2162 ἐπὶ
1439 2110 1636 2163 πένθει
1667 2111 1887 2163 πιστεύ-

203 2217 287 2250 ειν
333 2217 390 2250 τε
440 2195 627 2265 ἔλεγεν
675 2198 1134 2266 ἀπολυθήσεσθαι
1188 2207 1283 2267 τῆς
1329 2199 1464 2251 ὁδοῦ
1512 2199 1601 2252 καὶ
1649 2198 1720 2252 δι’
1753 2199 1886 2268 ε’μοῦ

202 2294 363 2339 τοῦτο
433 2284 674 2339 ἔσεσθαι.
762 2289 939 2339 καίτοι
1002 2293 1266 2355 σιγᾶσθαι
1335 2295 1505 2339 ταῦτα
1573 2286 1885 2341 ἐλυσιτέλει.

137 2396 180 2429 25
204 2373 319 2427 ἀλλ’
353 2375 455 2427 οὐκ
494 2373 563 2426 ἂν
603 2377 843 2444 ἔπασχον
890 2374 1211 2443 σιγωμένων
1259 2374 1291 2427 ἃ
1331 2375 1619 2444 ῥηθέντων
1658 2378 1886 2429 ἔπαθον.

323 2511 344 2548 1
381 2502 553 2559 φθόνει
585 2505 652 2548 Re
715 2504 951 2560 φθονείτω
985 2505 1095 2548 libri
1119 2506 1252 2562 Bong
1372 2511 1397 2548 3
1433 2506 1551 2563 ἔχειν
1583 2507 1631 2562 in
1655 2505 1860 2550 ras.P³.

203 2570 230 2607 4
261 2564 371 2622 τῶν]
403 2571 503 2606 τοῖν
535 2577 560 2606 e
590 2563 670 2607 τὸν
704 2578 804 2607 corr
828 2564 896 2608 Α2
1039 2570 1064 2608 5
1097 2565 1156 2621 μὴ
1182 2564 1229 2608 δ’
1257 2566 1386 2608 AIV
1530 2569 1554 2607 6
1588 2565 1699 2621 ἐμοῦ
1731 2566 1778 2609 Ρ
1805 2564 1885 2607 sed

203 2631 258 2667 οῦ
289 2623 338 2666 in
362 2636 438 2665 ras
460 2623 530 2665 m⁴
682 2627 704 2665 7
737 2630 819 2666 τοῦ
851 2623 976 2667 inser
1000 2623 1072 2666 ΡΞ
1226 2630 1276 2668 11
1313 2621 1421 2682 ὅσῳ]
1456 2622 1554 2667 ’ὅτιὶὶ
1597 2626 1602 2679 Ι
1646 2623 1828 2682 ὕβριζεν
1859 2623 1894 2665 Ι

203 2682 285 2725 sed
317 2699 343 2725 ν
376 2682 469 2724 add
492 2681 562 2723 m³
699 2686 752 2724 13
787 2683 978 2738 ἀπορῶν
1012 2684 1055 2726 V
1193 2689 1247 2725 14
1279 2689 1413 2736 „ante
1442 2682 1558 2736 ὑπὲρ
1590 2684 1769 2726 videtur
1800 2683 1883 2726 ali-

202 2741 314 2797 quid
345 2741 596 2784 desiderari
625 2755 659 2784 e.
684 2755 719 2784 c.
754 2741 1120 2797 συμπραξάντων
1153 2739 1241 2784 ἂν“
1273 2742 1340 2784 Re
1463 2746 1516 2784 17
1549 2756 1660 2784 num
1692 2739 1887 2789 ἐκείνοις

203 2799 527 2843 scribendum?
708 2804 764 2843 20
810 2798 879 2850 τίς
908 2801 988 2843 AI
1177 2805 1230 2844 21
1279 2799 1478 2854 λαλήσας
1514 2800 1590 2843 vel
1628 2797 1779 2860 ᾄσαςθ
1802 2798 1882 2843 vos.

202 2859 363 2915 Apost.
387 2871 516 2914 prov.
535 2858 556 2900 I
573 2863 627 2902 32
657 2860 662 2915 Ι
691 2858 749 2914 δὴ
774 2872 849 2905 om
877 2860 918 2903 V
1034 2863 1087 2902 25
1121 2859 1502 2915 &amoveam-ipsi
1527 2873 1551 2901 e
1586 2860 1629 2902 V
1683 2859 1884 2915 ἔπασχον

202 2917 370 2972 reliqui
401 2917 510 2960 libri
543 2917 633 2960 edd
1346 2946 1348 2949 ,
1615 2946 1619 2950 ,
