1992 3094
61 2858 81 3094 ὶ

491 143 720 186 LIBANII
751 142 975 187 ORATIO
1008 143 1089 186 DE
1119 142 1500 188 PATROCINIIS
1732 144 1835 195 421

152 281 349 348 ἄγουσι
406 279 798 348 συμπράττειν;
855 282 1066 347 μᾶλλον
1121 276 1181 332 δὲ
1237 280 1430 332 πολλοὶ
1485 276 1588 348 μὲν
1643 280 1841 339 ἄδικοι,

152 368 284 421 οὐδὲ
345 368 448 437 γὰρ
511 369 564 420 οὶ
624 368 773 437 παρὰ
832 376 945 420 τῶν
1007 368 1297 437 δυνάμεων
1365 369 1596 435 δίκαιοι,
1665 371 1848 440 πολλῷ

153 454 213 509 δε
261 451 423 518 οὗτος
467 455 812 518 ἀδικώτατος.
888 458 1065 526 πατήρ
1113 477 1206 523 μοι
1253 456 1543 509 κατέλιπεν
1591 456 1764 525 ἀγρὸν
1810 455 1841 523 ἠ

152 547 326 614 μήτηρ
377 544 410 613 ἠ
460 546 518 597 οἱ
559 546 793 607 τούτους
838 547 1089 608 τεκόντες
1135 545 1167 614 ἢ
1218 545 1488 615 ἐπριάμην
1542 546 1729 612 αὐτός,
1785 544 1845 598 ἐν

153 635 515 703 ωγεωργοὺς
562 630 713 702 εἶχον
759 641 1194 702 σωφρονοῦντας
1243 642 1698 704 προσκυνοῦντας
1744 635 1845 702 τὴν
1892 656 1912 687 5

161 723 343 791 Τύχην
399 721 459 775 ἐν
514 731 631 785 ταῖς
684 721 810 792 παρ’
861 722 996 792 ἐμοῦ
1051 725 1514 791 φιλανθρωπίαις.
1606 719 1722 776 εἶτα
1776 725 1845 775 σὺ

153 812 385 874 τούτους
417 812 605 880 λαβὼν
644 810 916 880 ἐκμαίνεις
952 810 1042 864 καὶ
1081 821 1252 874 κινεῖς
1290 812 1651 874 ἀνελπίστους
1690 810 1846 864 πολέ-

153 920 292 967 μους
329 899 419 953 καὶ
458 909 633 962 ποιεῖς
673 900 1010 970 ἀνθρώπους
1049 901 1291 969 εὐγενεῖς
1327 900 1580 968 ἀπόρους.

267 988 354 1042 35.
405 987 544 1041 Ἀλλ’
587 985 741 1042 οὗτοι
787 986 890 1056 μὲν
938 988 1154 1052 ἑκόντες
1194 989 1295 1042 οὐκ
1341 989 1411 1042 ἄν
1448 1007 1580 1041 ποτε
1619 990 1846 1058 χαλινώ-

155 1091 310 1130 σαιεν
356 1078 457 1146 τὴν
505 1076 717 1154 ἑαυτῶν
764 1077 1094 1146 ἀπληστίαν,
1149 1086 1243 1146 τῆς
1297 1086 1395 1146 σῆς
1450 1074 1510 1130 δὲ
1567 1078 1740 1130 δεῖται
1786 1078 1847 1130 τὸ
1876 1099 1916 1130 ιο

155 1175 403 1236 πρᾶγμα,
443 1169 699 1234 βασιλεῦ,
747 1165 837 1219 καὶ
886 1170 1208 1236 φρονήσεως
1254 1165 1345 1219 καὶ
1392 1167 1578 1235 τύχης·
1628 1169 1696 1219 σὺ
1745 1167 1847 1234 γὰρ

155 1259 325 1326 μόνος
364 1255 433 1308 ἂν
475 1256 659 1324 ἰατρὸς
702 1258 1028 1323 κατασταίης
1067 1255 1261 1318 ἕλκους
1308 1256 1376 1308 οὐ
1417 1263 1680 1325 φορητοῦ.
1758 1254 1848 1308 καὶ

155 1347 317 1414 μήτοι
357 1345 587 1414 νομίσῃς
623 1343 964 1396 ἀκούσεσθαι
1000 1342 1127 1411 παρ’
1167 1342 1303 1413 ἐμοῦ
1342 1342 1465 1413 περὶ
1506 1345 1680 1412 νόμου
1719 1345 1850 1406 τοὺς

156 1430 258 1500 μὲν
298 1431 707 1501 ἐπισχήσοντος,
747 1441 862 1495 τοῖς
903 1430 962 1485 δὲ
1001 1435 1399 1502 βοηθήσοντος.
1469 1435 1582 1485 ἔστι
1623 1434 1726 1502 γὰρ
1760 1431 1847 1485 καὶ

157 1521 457 1591 γέγραπται
490 1522 580 1574 καὶ
611 1529 784 1574 κεῖται
816 1521 1130 1589 νομοθέτην
1154 1524 1292 1590 ἔχων
1324 1523 1422 1574 τὸν
1448 1520 1718 1588 σβέσαντα
1749 1518 1850 1589 μὲν
1877 1542 1918 1574 15

157 1611 480 1680 τυραννίδα,
514 1612 788 1678 στήσαντα
822 1606 883 1662 δὲ
910 1612 1206 1679 Σκυθικὴν
1240 1612 1437 1679 φλόγα,
1469 1611 1558 1662 καὶ
1590 1609 1852 1678 μέγιστόν

159 1699 280 1753 ἐστι’
314 1720 408 1766 μοι
447 1700 583 1751 κατὰ
622 1708 733 1751 τῶν
771 1698 1186 1767 πραττομένων,
1222 1696 1229 1768 Ι
1264 1699 1348 1752 ὅτι
1386 1719 1494 1766 μου
1536 1713 1702 1751 συνα-
1735 1710 1940 1755 811524

158 1789 379 1858 γορεύει
411 1793 485 1860 τῷ
516 1789 659 1859 λόγῳ
696 1788 788 1840 διὰ
819 1795 918 1840 τοῦ
950 1789 1126 1856 νόμου
1158 1790 1416 1855 βασιλεὺς
1448 1789 1850 1853 θεοείκελος,

159 1873 312 1931 εἶπεν
352 1875 422 1930 ἂν
449 1873 703 1945 Ὅμηρος,
744 1884 808 1945 τῇ
849 1885 995 1945 ψυχῇ
1034 1880 1246 1943 μᾶλλον
1284 1876 1316 1945 ἢ
1355 1882 1430 1948 τῷ
1463 1877 1685 1942 σώματι.

271 1965 357 2018 36.
419 1966 486 2017 Τί
523 1961 627 2017 οὖν
666 1972 772 2017 νῦν
813 1963 1130 2018 ἐσπούδακα
1163 1966 1336 2033 νόμου
1369 1965 1535 2017 πάλαι
1573 1965 1696 2034 περὶ
1727 1965 1851 2017 τού-
1877 1985 1920 2017 20

159 2074 271 2107 των
302 2053 583 2123 κειμένου;
624 2053 691 2106 οὐ
724 2054 785 2106 τὸ
818 2059 1052 2122 τεθῆναι
1085 2056 1276 2122 νόμον,
1310 2057 1529 2121 γελοῖον
1559 2054 1683 2123 γάρ,
1715 2053 1853 2106 ἀλλὰ

160 2144 221 2196 τὸ
269 2143 340 2212 μὴ
390 2143 708 2211 γεγράφθαι
754 2142 945 2210 μάτην.
1022 2142 1198 2210 μάτην
1252 2143 1356 2212 γὰρ
1414 2142 1481 2210 δὴ
1536 2141 1852 2211 γέγραπται,

161 2234 354 2301 μάτην,
394 2228 436 2285 ὦ
475 2234 723 2299 βασιλεῦ,
762 2232 941 2284 ὄντων
979 2231 1081 2297 μὲν
1119 2240 1230 2283 τῶν
1268 2232 1634 2300 προσιόντων,
1675 2232 1855 2284 ὄντων

284 2396 337 2435 15
368 2391 474 2434 Non
499 2391 760 2447 Valentem,
794 2392 876 2435 sed
906 2391 1219 2435 Theodosium
1253 2390 1506 2447 significat3
1543 2390 1648 2434 vide
1681 2406 1724 2447 p.
1751 2395 1853 2443 422,

163 2455 188 2493 9
208 2464 297 2505 sq.;
330 2455 498 2505 477,14
516 2465 605 2505 sq.,
638 2451 720 2494 sed
753 2450 809 2494 cf.
844 2450 986 2494 etiam
1017 2466 1061 2506 p.
1080 2455 1164 2493 401
1198 2452 1293 2493 not.
1321 2455 1345 2492 3
1484 2453 1537 2491 16
1570 2449 1762 2493 Maximi
1795 2449 1852 2493 cf.

162 2524 208 2566 p.
236 2514 334 2565 161,
353 2514 378 2552 2
441 2509 540 2553 zos.
566 2509 630 2552 IV
654 2515 709 2553 46
738 2512 744 2566 ι
773 2510 830 2553 cf.
855 2511 888 2553 t.
915 2509 955 2552 ΙΙ
981 2514 1066 2552 508
1085 2524 1151 2565 sq.
1277 2513 1330 2552 18
1364 2507 1447 2552 Od.
1472 2511 1510 2552 θ
1534 2513 1633 2551 256.
1687 2508 1743 2552 cf.
1762 2511 1794 2552 t.
1813 2508 1855 2551 11

166 2573 301 2623 133‚2
321 2583 386 2624 sq.
450 2582 522 2625 ep.
550 2574 662 2613 1521

285 2721 307 2759 1
342 2716 500 2759 ἄδικοι
532 2714 770 2774 <πόροι>ἳ
933 2719 958 2757 3
991 2715 1279 2764 ἀδικώτατος
1310 2714 1474 2770 scripsi
1507 2715 1696 2758 auctore
1727 2714 1794 2758 Re

165 2775 446 2830 ἀδικώτερος
474 2774 584 2818 libri
617 2774 708 2818 edd
857 2778 884 2817 4
915 2775 1154 2823 τοιούτους
1186 2773 1278 2817 Got
1434 2777 1460 2817 5
1493 2781 1857 2828 σωφρονοῦντας

166 2847 242 2877 om
264 2835 406 2878 IBM
525 2839 547 2877 7
574 2831 805 2892 ἐπιβαίνεις
830 2833 1005 2877 ΟΙΒΜ
1119 2836 1171 2875 11
1206 2832 1286 2876 καὶ
1311 2833 1372 2888 (2)
1398 2846 1473 2875 om
1496 2833 1557 2887 ΙΙ
1586 2831 1693 2890 γὰρ]
1719 2833 1770 2877 δὲ
1798 2835 1856 2877 M

227 2897 282 2936 13
314 2891 421 2949 μήτι
447 2893 622 2937 ΟΙΒΜ
734 2896 786 2935 16
820 2892 1072 2945 στήσαντος
1094 2892 1128 2934 Ι
1183 2905 1294 2933 num
1326 2889 1589 2949 offfe‘cowtoc?
1712 2896 1766 2935 19
1798 2899 1853 2950 τῇ

166 2957 294 3009 ψυχῇ
327 2951 377 2994 in
406 2965 541 3007 marg
571 2953 633 2995 M
751 2954 806 2994 20
839 2950 1107 2995 ἐσπούδακα
1142 2956 1227 2993 νῦν
1259 2950 1369 2994 BM
1486 2955 1539 2993 21
1574 2949 1754 3007 γέλοιον
1788 2951 1856 2994 Re.
