1992 3094
455 165 684 209 LIBANII
715 165 942 211 ORATIO
973 166 1093 211 PRO
1127 167 1511 214 RHETORIBUS
1720 173 1818 225 131

130 323 304 371 νηται,
346 303 610 371 γυναικὸς
643 299 930 372 ἑλικτῆρας
967 303 1000 371 ἢ
1033 302 1303 372 ἀμφιδέας
1344 304 1400 358 ἐκ
1440 314 1541 359 τοῦ
1576 308 1823 374 σώματος

127 391 471 462 περιελόντες
508 391 885 460 καταρώμενοι
936 399 997 461 τῇ
1037 390 1198 462 τέχνῃ
1246 403 1358 446 τῶν
1399 396 1581 462 λόγων
1629 396 1822 459 θέντες

128 481 217 543 εἰς.
242 480 315 532 τὼ
355 482 501 549 χεῖρε
540 488 657 541 τοῖς
693 468 1028 549 ἀρτοπόποις
1060 479 1320 549 ἀπῆλθον
1352 491 1689 548 σκοποῦντες
1720 486 1820 555 οὐχ

127 569 156 622 ὅ
194 588 247 622 τι
291 577 411 631 ταῖς
455 566 711 636 γυναιξὶν
757 567 1338 639 ἀντικαταστήσουσιν,
1394 570 1515 625 ἀλλ’
1544 571 1635 642 ἐφ’
1663 573 1692 626 ὃ
1734 575 1819 627 δεῖ

125 658 257 726 μετὰ
292 664 457 710 τοῦτο
496 666 608 710 τῶν
646 657 812 710 ἔνδον
851 655 1055 711 ἐλθεῖν.
1136 659 1218 711 13.
1272 668 1572 730 τοιγαροῦν
1621 663 1817 730 λη’γον-
1865 683 1884 715 5

126 766 211 809 τες
255 754 349 815 τῆς
398 748 701 807 συνουσίας
748 746 850 815 οὐχ
859 789 873 815 ,
928 746 1109 817 ὥσπερ
1165 749 1332 816 εἰκός,
1390 748 1448 802 ἐκ
1495 752 1702 803 πόνων
1729 750 1815 804 ἐπὶ

125 835 413 906 ῥᾳστώνην
443 834 619 897 εὐθὺς
651 833 1028 903 ἀποπηδῶσιν,
1065 834 1183 889 ἀλλ’
1208 835 1494 890 ἐλινύουσι
1525 837 1615 891 καὶ
1649 854 1815 908 προσ-

124 925 524 995 διατρίβουσιν,
580 924 653 986 ὡς
697 922 769 975 ἂν
823 922 1219 992 ἀκριβεστέραν
1271 931 1414 978 οἴκοι
1470 935 1581 980 τῶν
1633 937 1817 980 κακῶν

124 1017 390 1082 αἴσθησιν
433 1011 660 1076 ἕξοντες.
737 1005 853 1065 εἶτα
899 1016 1315 1082 συγκαθήμενοι
1367 1015 1505 1084 πρὸς
1544 1014 1815 1085 ἀλλήλους

123 1101 188 1154 τὰ
225 1101 411 1155 αὑτῶν
450 1100 773 1170 ὀδύρονται,
826 1100 854 1154 ὁ
897 1101 958 1154 δὲ
998 1102 1071 1164 ὡς
1110 1103 1444 1156 δεινοτάτων
1491 1113 1602 1156 τῶν
1642 1104 1812 1157 αὑτοῦ
1841 1126 1882 1157 ιο

122 1188 391 1259 μνησθεὶς
431 1189 618 1243 ἀκούει
657 1189 1063 1259 χαλεπωτέρων.

236 1278 317 1331 14.
357 1277 549 1341 Μέσος
585 1279 646 1331 δὲ
683 1287 796 1331 τῶν
834 1280 1108 1332 τοιούτων
1147 1278 1253 1348 ἐγὼ
1287 1281 1692 1347 καταδυόμενος
1732 1282 1808 1334 δι-

67 1374 79 1385 “
122 1369 306 1436 χόθεν,
346 1375 510 1420 τοῦτο
550 1365 652 1434 μὲν
692 1368 764 1431 ὡς
810 1369 1035 1436 πολίτης
1079 1367 1366 1439 ὑμέτερος,
1420 1377 1584 1422 τοῦτο
1634 1370 1695 1423 δὲ
1742 1370 1815 1432 ὡς

121 1464 426 1526 κορυφαῖος
454 1463 556 1510 τοῦ
588 1463 778 1526 χοροῦ,
809 1455 902 1509 καὶ
936 1457 1162 1520 δικαίως
1194 1456 1264 1510 ἂν
1297 1456 1625 1527 ἀμφοτέρων
1655 1457 1813 1513 ἕνεκα

119 1554 273 1615 χεῖρα
317 1544 509 1615 ὀρέξας
554 1546 653 1598 τὸν
696 1545 800 1614 μὲν
845 1542 950 1600 οὖν
996 1547 1167 1600 ἄλλον
1221 1548 1427 1617 χρόνον
1474 1545 1536 1599 ἐν
1572 1552 1649 1618 τῷ
1696 1556 1812 1610 τοῖς
1837 1569 1878 1600 15

120 1633 467 1702 γιγνομένοις
490 1633 682 1702 ἀλγεῖν
708 1635 959 1703 ἱστάμην,
985 1637 1168 1688 ἔπειτα
1183 1631 1317 1703 <δὲ>
1333 1642 1497 1688 τοῦτο
1521 1635 1623 1703 μὲν
1647 1635 1811 1688 ἀσθε-

235 1844 263 1883 4
294 1838 402 1884 Her.
427 1839 490 1882 IX
514 1844 586 1895 93,
604 1844 644 1883 2.
693 1839 836 1884 Thuc.
862 1839 904 1883 H
930 1845 998 1895 13,
1017 1844 1043 1882 5
1174 1844 1199 1883 6
1231 1839 1351 1885 Plat.
1376 1839 1514 1883 Lach.
1541 1855 1585 1896 p.
1613 1844 1697 1883 212
1718 1838 1750 1884 C

119 1897 453 2014 &LIg'ggss-jys.
480 1912 542 1943 or.
579 1899 637 1943 de
669 1898 712 1943 S.
738 1899 921 1955 Babyla
952 1900 1115 1943 contra,
1146 1898 1229 1943 Iul.
1256 1900 1305 1944 et
1335 1900 1460 1956 gent.
1487 1913 1524 1943 c.
1546 1903 1600 1943 18
1633 1898 1807 1956 (Migne

236 2148 257 2186 1
307 2142 547 2199 ἑλικτῆρας
577 2139 708 2199 οἶμαι
738 2142 886 2201 λέγειν
923 2142 981 2186 τὰ
1019 2142 1283 2199 καλούμενα
1315 2140 1566 2200 βραχίονα,
1607 2140 1805 2197 ἀμφιδέ-

118 2217 226 2256 ραια
265 2201 318 2246 δὲ
355 2202 413 2246 τὰ
443 2202 707 2260 καλούμενα
740 2199 1011 2260 σχολαρίκια
1053 2201 1119 2246 V²
1158 2203 1208 2245 ab
1239 2201 1296 2245 cf
1330 2200 1551 2257 Harpocr.
1587 2215 1621 2245 s.
1647 2215 1685 2244 v.
1719 2199 1805 2245 ἑλι-

115 2266 277 2316 κτῆρες
307 2262 356 2305 et
384 2261 472 2306 lex.
499 2261 602 2318 Seg.
628 2261 831 2306 Bekkeri
862 2261 1036 2306 Aneed.
1068 2275 1114 2317 p.
1140 2263 1241 2315 248,
1260 2265 1314 2303 23
1491 2263 1544 2304 12
1577 2258 1806 2303 καταδυό-

117 2320 270 2378 μενος]
302 2319 404 2375 ἤτοι
436 2319 785 2379 αἰσχυνόμενος,
816 2319 941 2364 κάτω
974 2319 1162 2364 κύπτων
1196 2318 1263 2365 ‘V8

113 2536 116 2537 γ
234 2509 257 2547 1
284 2504 519 2561 ἀμφιδέας
543 2504 710 2562 scripsi
734 2504 963 2549 0011.t.1V
981 2508 1081 2558 835,
1097 2508 1122 2546 2
1148 2507 1221 2559 (ex
1245 2503 1571 2547 emendatione
1587 2501 1802 2556 Iacobsii)

116 2563 164 2606 et
191 2562 380 2621 Aristop
382 2563 427 2608 h.
453 2563 507 2607 fr.
532 2563 716 2608 Thesm.
736 2569 761 2607 6
786 2564 880 2609 t.11
906 2567 1107 2618 1079,11
1127 2562 1175 2605 Μ
1207 2565 1254 2606 et
1285 2561 1506 2618 Harpocr.
1533 2576 1566 2605 s.
1584 2576 1624 2605 v.
1716 2561 1802 2617 ἀμ-

111 2619 339 2677 φιδέραια
349 2579 494 2667 plibri
541 2623 624 2667 sed
663 2639 718 2679 γρ
741 2621 977 2680 ἀμφιδέας
1014 2622 1063 2665 in
1094 2635 1229 2694 marg
1251 2622 1311 2676 A,
1358 2619 1493 2676 έραια
1530 2620 1580 2663 in
1611 2633 1687 2663 ras
1722 2619 1800 2673 P²‚

116 2696 226 2734 ραια
255 2681 306 2725 in
337 2695 397 2725 ασ
428 2695 530 2726 corr
555 2682 625 2736 1³,
658 2683 751 2726 edd.
912 2686 938 2724 3
971 2678 1256 2735 ἀρτοπόποις
1286 2656 1361 2724 'Pl
1388 2680 1470 2724 sed
1501 2695 1535 2722 π
1559 2681 1621 2736 (1)
1653 2678 1703 2721 in
1724 2691 1801 2722 ras

106 2738 246 2783 ‹P¹I⁸
304 2739 586 2796 ἀρτοκόποις
613 2717 718 2785 ’Mor
840 2745 863 2783 7
896 2737 1134 2795 ῥἀστώνης
1164 2738 1266 2782 Mor
1293 2741 1299 2796 Ι
1326 2739 1630 2794 ἀναπηδῶσιν
1661 2739 1695 2781 Ι
1720 2737 1798 2780 sed

78 2799 85 2806 ⁴
114 2796 208 2842 ἀπο
241 2813 456 2856 suprascr
479 2800 548 2842 m³
574 2803 581 2857 1
610 2800 838 2844 ἐλινύουσι
876 2800 912 2844 0
942 2799 1023 2843 sed
1054 2801 1079 2842 λ
1110 2797 1309 2841 alterum
1341 2810 1556 2854 suprascr
1577 2811 1613 2850 ε,
1644 2798 1691 2841 Ρ
1718 2797 1800 2840 sed

114 2857 140 2899 λ
169 2855 218 2900 in
241 2871 317 2902 ras
342 2858 413 2902 m'
473 2859 730 2903 ἐλλινύουσι
765 2860 848 2903 Mo
871 2858 975 2902 Mor
1036 2856 1295 2901 ἐλιννύουσι
1327 2857 1370 2900 V
1501 2859 1554 2900 10
1586 2855 1741 2899 αὐτῶν
1774 2857 1802 2897 1

101 2913 126 2972 1
160 2915 303 2961 αὐτοῦ
333 2918 369 2960 Ι
484 2922 536 2961 11
570 2918 864 2976 χαλεπώτερα
897 2916 1043 2960 Cobet
1074 2915 1186 2960 Coll.
1207 2920 1291 2959 128
1427 2919 1479 2958 13
1512 2913 1799 2971 ἡμέτεροςΒ

86 3027 90 3030 η
176 2979 228 3018 16
260 2974 522 3033 γινομένοις
555 2977 625 3033 Vl
652 2977 703 3021 δὲ
735 2976 911 3020 inserui

1475 3047 1533 3089 98
