1992 3094
150 100 259 152 410
655 98 885 142 LIBANII
915 97 1148 145 ORATIO·
1172 98 1339 142 XLVII

151 237 334 290 αὑτῶν
372 237 598 305 κυρίους
636 232 1134 305 <ἑπισπέρχοντας>
1170 242 1334 287 τοῦτο
1374 242 1468 302 τῆς
1506 241 1606 302 γῆς
1645 237 1844 301 βουλο-

150 324 316 394 μένης
348 326 544 392 ἄγριον
576 326 809 392 ἔστησαν
841 322 1139 392 ὀφθαλμὸν
1171 323 1244 384 ὡς
1276 322 1517 391 ἀνάγκης
1549 320 1651 391 μὲν
1689 324 1845 386 ὄντες.
1927 332 1931 335 ’

151 412 270 480 ἔξω,
309 414 498 482 γνώμῃ
539 412 601 465 δὲ
640 410 992 480 ἐργαζόμενοι
1031 411 1120 463 καὶ
1161 412 1263 480 οὐχ
1295 411 1562 478 ἁψάμενοι
1600 419 1695 480 τῆς
1725 419 1844 480 γῆς,

152 503 199 554 εἰ
239 503 310 570 μὴ
349 503 602 554 πείθοιεν
641 500 858 563 αὐτούς.
939 500 1020 552 12.
1081 501 1139 554 oc
1181 500 1243 553 δὲ
1287 510 1497 569 πρῶτοι
1542 508 1714 553 ταῦτα
1760 519 1844 552 τε·
1934 566 1935 570 ¹

107 612 127 644 5
151 592 476 658 τολμηκότες
506 587 672 658 ἔσχον
702 588 904 658 ταχέως
935 591 1178 651 πολλοὺς
1201 591 1333 651 τοὺς
1357 588 1846 658 ἀκολουθήσαντας

151 686 320 731 κακοῦ
353 679 793 747 παραδείγματος
825 676 1159 746 γενομένους
1197 679 1445 746 μιμητάς.
1516 674 1624 731 εἷθ’
1657 679 1708 731 οῖ
1742 675 1850 747 μὲν,
1933 712 1935 714 >

153 768 462 836 γράφονται
492 765 583 819 καὶ
615 774 1003 835 κατηγοροῦσι,
1035 775 1151 828 τοῖς
1176 765 1223 818 δ’
1250 767 1354 819 εἰσὶ
1386 769 1732 836 βοηθοῦντες
1754 765 1845 820 καὶ

152 859 295 927 λόγῳ
342 857 466 924 <καὶ
513 853 706 928 ἔργῳ).
790 855 879 908 καὶ
927 855 1100 908 πλέον
1145 865 1257 909 τῶν
1303 858 1490 924 νόμων
1535 858 1768 924 ἤνεγκεν
1814 855 1844 910 ὁ

151 948 405 1012 βοηθῶν,
454 943 579 997 ὥστ’
612 940 754 996 εἶναι
801 944 862 996 τὸ
904 944 1190 1010 ὁρώμενον
1228 943 1411 1012 θέαμα
1451 943 1707 998 ἐλεεινόν.
1791 947 1849 998 τί
1929 948 1931 950 ’

85 1055 127 1087 10
151 1041 338 1098 τοῦτο;
377 1031 503 1101 βοαὶ
543 1042 656 1086 τῶν
682 1034 810 1102 περὶ
849 1034 951 1101 τὴν
990 1041 1096 1101 γῆν
1135 1031 1391 1102 ἐχόντων,
1430 1037 1665 1101 γλῶτται
1703 1039 1845 1104 θρα-

153 1131 318 1189 σεῖαι,
358 1126 574 1190 πλῆθος
614 1123 919 1189 συνδίκων,
960 1121 1193 1190 ἀγῶνες,
1235 1123 1402 1190 δίκαι,
1441 1131 1606 1176 νῖκαι.
1681 1122 1773 1176 καὶ
1815 1123 1843 1177 ὁ

151 1208 252 1277 μὲν
306 1212 384 1274 εἰς
430 1219 536 1279 γῆν
581 1212 806 1264 κύπτων
852 1210 1129 1280 ἀπῆλθεν,
1178 1212 1230 1263 οἱ
1279 1208 1339 1264 δὲ
1387 1211 1614 1265 ἕπονται
1665 1212 1845 1265 τωθά-

154 1304 346 1364 ζοντες.
410 1293 532 1353 οἷον
561 1301 630 1368 δή
654 1320 705 1352 τι
730 1299 821 1353 καὶ
846 1301 907 1353 τὸ
933 1299 1058 1369 περὶ
1083 1300 1239 1369 ἡμᾶς,
1273 1304 1519 1369 βασιλεῦ,
1544 1300 1845 1369 γεγένηται.

156 1391 236 1442 13.
285 1387 547 1443 Ἰουδαῖοι
595 1400 706 1442 τῶν
751 1391 898 1443 πάνυ
947 1397 1053 1457 γῆν
1098 1388 1231 1458 ἡμῖν
1276 1391 1458 1443 πολὺν
1496 1388 1846 1458 ἐργαζόμενοι

62 1490 164 1534 RH
181 1494 266 1534 509
299 1480 526 1547 χρόνον,
574 1479 767 1546 γενεὰς
815 1478 821 1547 Ι
870 1477 1155 1548 τέτταρας,
1201 1477 1558 1547 ἐπεθύμησαν
1598 1480 1669 1547 μὴ
1710 1478 1843 1544 ὅπερ

86 1589 127 1622 16
151 1564 292 1635 ἦσαν
324 1563 466 1620 εἶναι
499 1565 588 1620 καὶ
619 1568 718 1620 τὸν
740 1569 979 1620 παλαιὸν
1003 1566 1427 1636 ἀποσεισάμενοι
1461 1568 1628 1635 ζυγὸν
1651 1566 1846 1636 ἠξίουν

153 1654 367 1724 ὁρισταὶ
413 1664 514 1708 τοῦ
561 1665 676 1719 πῶς
724 1656 855 1725 ἡμῖν
901 1656 1091 1719 αὐτοῖς
1137 1655 1405 1725 χρηστέον
1455 1649 1611 1709 εἶναι.
1686 1655 1838 1709 ταῦτ’

152 1745 253 1797 οὐκ
307 1743 621 1813 ἐνεγκόντες
675 1747 935 1815 χρώμεθα
986 1746 1331 1816 δικαστηρίῳ.
1415 1743 1506 1798 καὶ
1559 1746 1760 1813 μαθὼν
1800 1745 1844 1798 ’ὁ

151 1836 479 1902 καθήμενος,
526 1836 671 1896 τίνες
717 1835 871 1896 ὄντες
917 1835 996 1896 εἰς
1040 1835 1166 1887 τίνα
1210 1841 1580 1902 παροινοῦσιν
1627 1832 1688 1886 ἐν
1733 1835 1844 1887 τίνι

86 1945 129 1977 20
151 1923 247 1984 τὰς
287 1922 508 1985 ἐλπίδας
539 1921 775 1992 ἔχοντες,
814 1924 946 1985 τοὺς
979 1923 1082 1990 μὲν
1120 1919 1282 1990 ἔδησε
1322 1923 1498 1995 διπλῷ
1532 1923 1734 1994 δεσμῷ,
1773 1929 1849 1995 τῷ

151 2031 208 2063 τε
256 2013 507 2080 οἰκήματι
553 2010 644 2065 καὶ
692 2013 926 2083 σιδήρῳ,
964 2013 1096 2074 τοὺς
1143 2008 1204 2064 δὲ
1249 2012 1316 2064 τὰ
1355 2013 1489 2064 ὄντα
1530 2012 1844 2082 φράσοντας
1928 2056 1930 2058 .
1986 1999 1992 2058 Ᾰ

152 2099 437 2153 ἐκέλευσεν
483 2102 732 2168 ἄγεσθαι.
808 2099 899 2153 καὶ
945 2107 1115 2153 ταῦτα
1169 2101 1340 2153 εἰπὼν
1393 2100 1483 2152 καὶ
1538 2102 1845 2169 χαλεπήνας

274 2295 296 2333 1
339 2291 493 2334 αὑτῶν
532 2290 601 2334 Re
715 2291 870 2334 αὐτῶν
908 2289 1019 2333 libri
1058 2290 1149 2334 Got
1204 2290 1210 2348 Ι
1269 2289 1633 2347 ἐπισπέρχοντας
1670 2289 1845 2333 inserui

154 2351 342 2392 aucssore
379 2350 447 2393 Re
488 2349 590 2393 coll.
623 2364 668 2405 p.
699 2355 795 2403 130,
815 2354 839 2392 9
881 2351 928 2393 et
959 2349 1066 2393 Luc.
1087 2348 1219 2393 Char.
1239 2354 1264 2403 ξ
1293 2354 1345 2392 17
1378 2349 1487 2400 τοὺς
1519 2348 1714 2406 ἐργάτας
1745 2348 1844 2392 ἐπι-

153 2407 363 2465 σπέρχων
401 2409 408 2467 Ι
445 2416 654 2452 τοῦτο-
673 2407 955 2467 βουλομένης
986 2423 1062 2452 om
1093 2408 1212 2451 Plan
1250 2409 1256 2466 Ι
1294 2414 1377 2463 τῆς
1408 2413 1491 2464 γῆς
1521 2407 1571 2450 in
1602 2407 1675 2451 lac
1709 2412 1732 2450 7
1765 2407 1845 2451 litt

153 2480 229 2510 om
257 2468 303 2510 B
425 2472 450 2510 3
483 2485 576 2524 γνω
610 2482 716 2510 cum
745 2467 820 2512 lac
853 2473 877 2510 3
910 2467 990 2511 litt
1014 2468 1058 2510 B
1087 2469 1093 2524 Ι
1121 2465 1169 2510 δ’
1196 2467 1264 2510 Re
1386 2473 1413 2510 4
1446 2467 1617 2517 αὐτοὺς
1639 2467 1732 2511 ΑΡ
1755 2465 1844 2510 Got

154 2531 179 2569 8
213 2527 291 2569 καὶ
324 2526 440 2585 ἔργῳ
470 2526 645 2570 inserui
677 2540 702 2570 e
738 2527 796 2570 M
828 2528 883 2570 ut
914 2527 1018 2570 coni
1051 2526 1117 2570 Re
1179 2541 1255 2570 om
1285 2525 1457 2582 reliqui
1488 2525 1598 2569 libri
1630 2525 1722 2569 edd
1749 2527 1755 2582 Ι
1781 2529 1845 2585 τῷ

155 2613 280 2674 νόμῳ
321 2614 411 2658 Got
592 2619 646 2658 10
679 2613 927 2673 (πόνους)
960 2613 1160 2673 ἐχόντων
1200 2614 1305 2658 coni
1343 2614 1412 2658 Re
1504 2601 1707 2670 ἔχοντῗῗςν
1739 2614 1786 2658 A

155 2673 340 2730 ἔχοντος
371 2673 462 2717 Got
583 2678 636 2717 11
670 2672 801 2718 νίκαι
830 2674 941 2718 libri
968 2674 1050 2717 sed
1073 2672 1085 2687 ’
1111 2674 1196 2716 in*
1223 2688 1326 2718 corr
1348 2673 1426 2727 12²,
1452 2673 1544 2716 edd
1666 2677 1721 2716 14
1751 2679 1844 2716 τῶν

154 2731 225 2775 bis
254 2733 428 2777 CAIM
448 2732 528 2775 sed
553 2733 601 2775 in
626 2733 714 2776 hoc
739 2733 938 2776 alterum
970 2745 1072 2776 eras
1093 2732 1098 2791 1
1119 2731 1246 2776 πάνυ
1270 2738 1359 2790 γῆν
1383 2731 1495 2788 ἡμῖν
1518 2731 1568 2775 in
1591 2731 1665 2775 lac
1685 2736 1842 2776 10—11

153 2789 232 2835 litt
264 2805 337 2834 om
370 2793 416 2835 B
539 2796 592 2834 15
625 2790 850 2847 τέσσαρας
879 2793 1014 2836 ΙΒΜ
1144 2796 1197 2835 18
1230 2788 1508 2846 δικαστηρίω
1540 2793 1587 2836 Ρ
1615 2790 1697 2834 sed
1728 2808 1763 2833 ω
1795 2790 1845 2832 in

154 2863 228 2893 ras
253 2849 322 2892 m²
443 2854 499 2892 20
530 2850 639 2900 τοὺς
661 2849 745 2907 μὲν
763 2876 818 2882 -
837 2855 892 2893 22
918 2849 1120 2907 ἄγεσθαι
1144 2851 1260 2894 citat
1283 2849 1402 2893 Plan
1425 2849 1454 2893 1.
1479 2849 1509 2893 l.
1641 2854 1694 2893 21
1731 2848 1846 2893 ὄντα

155 2907 215 2963 μὴ
249 2908 517 2964 φράσοντας
547 2908 639 2952 Got
680 2912 686 2965 Ι
729 2924 868 2964 „num
901 2907 1229 2965 φράσανταςῖ“
1262 2909 1329 2952 Re
