1992 3094
472 87 702 131 LIBANII
733 87 957 133 ORATIO
989 88 1073 132 AD
1105 88 1470 133 EUMOLPIUM
1714 90 1819 142 291

124 231 229 292 πῆς
261 221 445 292 ἔλεγες
477 223 607 277 δέον
640 225 692 276 εἰ
720 221 895 292 μηδὲν
925 224 1134 293 ἕτερον,
1170 226 1386 288 τούτοις
1414 244 1479 293 γε
1510 223 1825 294 ἐπιτιμῆσαι

7 332 10 358 ⁵
123 321 239 375 τοῖς
297 313 548 381 ῥήμασιν.
648 312 736 366 25.
810 312 1126 375 Ἐνέκειτο
1182 315 1328 383 γάρ,
1382 315 1457 383 νὴ
1512 315 1663 382 Δία,
1718 315 1823 367 καὶ

124 402 402 470 ἠνώχλει
448 402 552 454 καὶ
604 405 1012 472 λιπαροῦντα
1060 403 1176 456 οὐκ
1216 402 1372 472 ἐνῆν
1419 402 1822 456 ἀπώσασθαι.

0 488 4 532 3
62 530 65 533 ι
124 492 172 544 εἰ
213 487 272 543 δὲ
314 490 342 543 ὁ
382 487 485 559 μὲν
522 491 698 559 πατὴρ
731 490 867 557 ὑμῖν
899 493 1004 559 ἔζη,
1044 499 1247 545 τοῦτον
1286 489 1346 544 δὲ
1379 486 1540 554 οὗτος
1575 495 1824 561 λιπαρῶν

123 578 280 648 ἠξίου
343 582 608 632 παίεσθαι
669 579 798 649 παρ’
843 580 1003 648 ὑμῶν
1062 581 1607 649 προκυλινδούμενος
1664 580 1823 650 ὑμῶν
1869 600 1891 633 5

124 669 213 721 καὶ
268 669 506 737 μηδενὸς
562 668 924 738 ἀπεχόμενος,
983 668 1103 722 ἀλλ’
1151 669 1430 738 εἰσπηδῶν
1483 666 1585 738 μὲν
1640 667 1823 722 ἑστιω-

124 755 330 824 μένων,
389 759 669 825 εἰσπηδῶν
725 755 784 811 δὲ
841 757 1304 826 ἀναπαυομένων,
1359 756 1556 811 ἐπαίετ’
1604 757 1674 811 ἂν
1726 760 1825 812 τὸν

124 845 331 915 πατέρα
372 847 463 899 διὰ
502 848 600 900 τὸν
640 845 999 916 ἐνοχλοῦντα,
1038 850 1097 900 τί
1132 845 1206 914 δ’,
1247 848 1294 899 εἰ
1333 846 1424 900 καὶ
1464 848 1565 916 τὴν
1598 846 1824 917 μητέρα;

20 972 36 981 „
124 922 275 1003 τίδ’,
309 936 357 988 εἰ
389 937 614 1000 ἄλλους;
648 934 765 988 ἀλλ’
790 936 892 990 οὐκ
926 937 1008 989 ἄν.
1066 937 1273 989 οὐκοῦν
1300 934 1418 988 οὐδ’
1443 934 1536 1004 ἐμὲ
1560 940 1820 990 παίεσθαι

124 1007 276 1094 χρῆν.
354 1024 439 1076 26.
496 1024 630 1093 ὑμῖν
671 1024 733 1077 δὲ
780 1025 883 1077 οὐκ
923 1026 1078 1094 ἤρκει
1125 1027 1187 1078 τό
1235 1044 1360 1078 τινα
1407 1018 1550 1077 εἶναι
1594 1026 1694 1078 τὸν
1733 1023 1892 1079 ἐπίο

126 1112 244 1180 ἐμοὶ
279 1112 521 1180 λέξοντα,
562 1113 700 1166 ἀλλ-ἀ
731 1112 822 1166 καὶ
854 1122 928 1186 τῷ
961 1115 1109 1185 τόπῳ
1147 1115 1248 1182 τὴν
1286 1116 1585 1180 παροινίαν
1622 1113 1825 1182 ηὔξετε.

127 1200 214 1254 καὶ
240 1201 449 1270 ἐλέγετε
472 1199 576 1271 μὲν
599 1203 967 1271 ἠναγκάσθαι,
1003 1201 1009 1273 Ι
1046 1202 1191 1271 λέγει
1217 1203 1279 1255 δὲ
1300 1200 1398 1270 ὑφ’
1424 1197 1491 1255 οὗ
1515 1222 1675 1271 κατη-
1707 1215 1748 1258 R
1767 1215 1810 1258 11
1827 1219 1912 1259 378

126 1291 440 1359 ναγκάσθαι
494 1291 659 1360 φατέ,
708 1291 858 1344 τοῦτ’
906 1292 1072 1355 αὐτὸς
1125 1290 1223 1361 ὑφ’
1271 1292 1428 1360 ὑμῶν
1481 1290 1824 1344 πεπονθέναι

35 1398 37 1402 ·
124 1381 215 1433 καὶ
262 1379 439 1449 λέγων
485 1382 688 1448 ὄμνυσι
734 1381 943 1444 πάντας
988 1381 1091 1448 μὲν
1136 1381 1331 1448 θεούς,
1381 1380 1483 1449 οὐχ
1528 1380 1724 1448 ἥκιστα
1762 1377 1823 1432 δὲ

124 1471 254 1532 τοὺς
301 1468 362 1522 ἐν
402 1470 666 1541 Αἰγύπτῳ
705 1472 922 1539 τιμίους
967 1466 1001 1538 ἧ
1048 1471 1158 1539 μὴν
1205 1468 1308 1538 ὑφ’
1345 1469 1503 1538 ὑμῶν
1542 1470 1620 1531 εἰς
1658 1476 1823 1535 τοῦτο
1849 1490 1892 1524 15

35 1575 37 1610 3
126 1558 498 1626 ἐμβεβλῆσθαι
546 1559 634 1611 καὶ
681 1560 989 1626 βούλεσθαι
1035 1559 1138 1626 μὲν
1193 1559 1472 1627 οὐδαμῶς,
1527 1558 1825 1626 διαφυγεῖν

32 1679 43 1710 g
126 1644 187 1700 δὲ
227 1647 329 1700 οὐκ
377 1650 544 1717 ἔχειν·
585 1649 1012 1717 εἰσπράττεσθαι
1059 1650 1163 1717 γὰρ
1212 1649 1543 1717 πικρότερον
1579 1655 1691 1699 τῶν
1729 1648 1825 1709 τὰς

126 1737 388 1806 εἰσφορὰς
434 1737 792 1805 ὀφειλόντων.
877 1738 1052 1800 οὕτως
1104 1737 1342 1790 ἀδικεῖτε
1391 1736 1494 1805 μὲν
1545 1729 1628 1798 οἷς
1678 1735 1824 1803 ἐβιά-

126 1831 320 1893 σασθε,
360 1825 597 1879 ἀδικεῖτε
630 1823 690 1879 δὲ
724 1820 807 1890 οἷς
839 1828 1132 1892 ψεύδεσθε.
1201 1825 1291 1879 καὶ
1326 1832 1580 1895 σκοτεινῇ
1622 1825 1824 1894 λευκὴν

124 1913 332 1983 ἡμέραν
378 1912 649 1982 ἐβλάψατε
704 1914 826 1968 ἀντὶ
873 1925 985 1969 τῶν
1037 1915 1323 1986 προτέρων
1376 1923 1560 1984 χορῶν
1606 1922 1718 1966 τῶν
1765 1911 1823 1966 ἐκ
1849 1935 1892 1967 20

125 2003 395 2056 τοιούτων
433 2003 658 2073 ἀνδρῶν
695 2004 794 2057 ἕνα
839 2005 1199 2074 παιδαγωγὸν
1248 2004 1484 2073 ὁρῶντες
1523 2001 1584 2056 ἐν
1624 2003 1823 2071 χειρίδι

126 2098 308 2162 σαπρᾷ
347 2093 450 2160 τὴν
488 2087 642 2162 χεῖρα
685 2101 974 2161 κινοῦντα,
1021 2093 1177 2162 ὑμεῖς
1226 2089 1286 2145 δὲ
1326 2092 1578 2159 ἀδελφὴν
1614 2091 1826 2160 ἡμέραν

51 2205 53 2213 ¹
126 2178 268 2243 ἕξειν
306 2179 486 2251 ἐκείνῃ
526 2183 1007 2251 προσδοκήσαντες
1046 2181 1291 2250 ἀνέβητε.
1362 2181 1447 2233 27.
1501 2178 1617 2233 ἀλλ’
1651 2179 1824 2233 ἐκεῖσε

245 2345 271 2385 5
305 2340 361 2384 cf.
388 2357 431 2398 p.
461 2346 596 2397 134‚6
721 2347 775 2386 17
809 2342 865 2386 cf.
891 2358 936 2399 p.
965 2346 1132 2397 181‚13

44 2478 58 2508 ’ἐ
246 2495 273 2533 4
296 2496 463 2534 τοῦτον
486 2491 523 2533 Ι
541 2490 624 2534 sed
645 2497 729 2534 τοῦ
753 2490 802 2533 in
826 2504 902 2534 ras
927 2489 997 2533 m²
1163 2494 1189 2532 5
1214 2489 1670 2545 προκυλινδούμενος
1693 2489 1821 2545 ὑμῶν

44 2517 61 2612 ⁸
125 2547 174 2591 in
206 2562 340 2606 marg
370 2551 444 2594 Pa
534 2549 993 2606 προκαλινδούμενος
1022 2548 1090 2592 Re
1250 2553 1275 2592 6
1309 2548 1507 2604 μηδενὸς
1538 2546 1823 2621 ἀπεχόμενος

48 2618 61 2654 t
125 2608 160 2651 I
185 2609 267 2652 sed
299 2608 434 2659 δενὸς
464 2609 532 2651 ἀπ
563 2609 612 2651 in
642 2622 718 2652 ras
750 2608 821 2651 m²
986 2612 1012 2651 8
1045 2610 1093 2652 et
1125 2612 1150 2651 9
1183 2607 1235 2652 δὲ
1266 2607 1334 2650 Re
1503 2611 1557 2650 10
1590 2610 1620 2652 δ
1665 2607 1733 2650 Re

187 2672 239 2710 11
272 2665 428 2725 τρόπῳ
461 2667 566 2711 coni
597 2668 731 2725 Bong
920 2671 975 2710 14
1006 2666 1189 2717 πάντας
1220 2681 1294 2710 om
1319 2667 1363 2709 V
1399 2670 1405 2722 1
1449 2665 1699 2723 οὐχήκιστα
1727 2667 1771 2710 V

62 2781 66 2783 Β
130 2730 181 2769 17
216 2724 262 2769 δ’
291 2726 383 2770 edd
527 2731 582 2770 18
615 2725 698 2780 μὲν
731 2741 806 2770 om
838 2727 972 2784 Bong
1126 2730 1182 2769 20
1215 2725 1448 2784 ἐβλάψατε
1480 2727 1554 2769 Ρα
1585 2726 1666 2769 sed
1700 2722 1821 2782 ἐβλέ-

48 2790 67 2843 'g
125 2793 247 2840 ψατε
277 2786 326 2828 in
358 2798 493 2842 marg
555 2784 776 2843 ἐβλέψατε
810 2786 852 2828 V
977 2789 1030 2828 21
1066 2783 1284 2842 ἐγχειρίδι
1316 2786 1426 2829 ΡαΙ
1450 2783 1532 2828 sed
1563 2784 1613 2827 in
1643 2784 1733 2827 hoc
1765 2796 1822 2828 ex

52 2846 68 2898 -ἷ
129 2842 178 2887 ἐν
209 2842 377 2901 χειρίδι
409 2858 510 2888 corr
540 2844 623 2897 m⁸‚
655 2845 790 2902 Bong
970 2849 1025 2887 23
1060 2844 1203 2888 ἐκεῖσε
1237 2845 1282 2887 P
1310 2844 1391 2888 sed
1424 2858 1473 2887 σε
1504 2843 1553 2886 in
1585 2856 1660 2886 ras
1692 2842 1762 2885 m⁸

52 2910 66 2958 ξ
129 2901 265 2946 ἐκεῖσ’
303 2905 348 2947 Α

53 2967 72 3094 Ξ
1468 2975 1553 3019 19*
