1992 3094
391 137 617 182 LIBANII
648 135 872 182 ORATIO
907 137 1152 183 CONTRA
1181 137 1437 182 ICARIUM
1468 139 1489 181 I
1727 139 1802 191 25

110 276 212 345 μὲν
250 273 331 328 ἐπ’
363 274 569 341 οὐδενί,
606 276 798 336 πείσας
831 269 891 326 δὲ
925 273 1096 326 αὑτὸν
1126 275 1516 340 προδίδοσθαι.
1586 275 1635 327 4.
1674 275 1803 344 περὶ

110 373 222 418 τῶν
267 363 588 431 ἱπποκόμων
634 355 718 425 οἷς
771 360 898 431 περὶ
944 364 1075 425 τοὺς
1122 362 1548 432 ἁμιλλητηριόυς
1598 364 1806 426 ἵππους

111 451 140 506 ὁ
179 454 365 519 πόνος,
406 450 702 519 διελέχθην
733 450 916 520 ἀληθῆ
949 450 1143 519 λέγων,
1183 451 1255 514 ὡς
1286 452 1434 518 ὠμὰς
1463 453 1669 514 κλοπὰς
1707 453 1806 515 τὰς

110 538 236 608 παρ’
268 539 468 609 ἑτέρων
516 541 612 602 τὰς
668 538 674 611 Ι
732 547 839 593 νῦν
884 541 1156 593 κωλύοιεν
1200 543 1471 610 πρότερον
1518 550 1636 604 ταῖς
1680 554 1894 598 RH112

113 630 536 698 φιλανθρώποις
574 638 693 692 ταῖς
733 627 958 682 ἑαυτῶν.
1036 624 1115 682 ὧν
1153 630 1258 698 γὰρ
1305 628 1629 698 ὑφέλοιντο,
1676 632 1802 683 τού-
1850 653 1872 685 5

110 738 224 781 τοις
255 717 591 772 ἀπεδίδοσαν
620 720 820 787 μικρόν
850 738 903 770 τι
942 716 1070 787 παρ’
1102 716 1340 771 ἑκόντων
1373 721 1635 787 λαβόντες
1667 719 1804 773 ὅσον

112 807 301 869 αὐτοῖς
340 808 418 870 εἰς
457 808 685 877 ἄριστον
724 805 964 876 ἀρκέσαι,
1004 806 1236 876 κλέπτης
1276 804 1336 859 δὲ
1375 806 1558 875 ἕτερος
1597 808 1699 861 οὐκ
1733 805 1804 877 ἧν

108 897 265 967 φόβῳ
318 902 393 968 τῷ
438 897 588 966 παρὰ
636 896 864 949 τούτων.
942 895 1103 948 ἀλλὰ
1156 903 1302 963 νῦν,
1357 893 1517 964 ἔφην,
1572 897 1633 948 οἱ
1686 894 1804 964 μὲν

108 984 497 1052 πέπαυνται,
552 985 642 1037 καὶ
688 985 787 1037 τὸν
825 986 1142 1038 πεπαυκότα
1188 981 1348 1038 εἷπον
1395 983 1486 1037 καὶ
1527 985 1674 1048 ὅπως
1711 986 1804 1038 καὶ

110 1071 183 1127 δι’
215 1073 323 1141 ὅτι,
377 1074 575 1140 μεστὰ
623 1073 692 1130 δὲ
737 1074 946 1126 πάντα
992 1074 1379 1143 κακούργων
1426 1070 1627 1126 οὐδὲν
1667 1072 1803 1127 ἒπι-
1829 1098 1874 1130 10

105 1161 443 1229 ,σταμένων
519 1162 790 1232 μέτριον
866 1161 1354 1232 ἐπιτιθεμένων
1429 1162 1653 1234 ἡλικίᾳ
1730 1171 1804 1233 τῇ

109 1251 386 1321 μάλιστα
442 1256 1043 1321 παρακρουσθῆναι
1100 1249 1316 1324 ῥᾴστῃ.
1409 1253 1482 1304 τὰ
1537 1249 1604 1304 δὲ
1658 1269 1806 1304 παι-

111 1341 218 1394 δία
262 1342 340 1394 -τὸ
396 1340 544 1403 δέος
598 1342 666 1394 τὸ
720 1350 848 1394 τῶν
902 1341 1132 1394 οἰκιῶν
1187 1339 1290 1392 ἐπὶ
1343 1341 1458 1393 τὸν
1512 1342 1807 1410 ποταμὸν

110 1430 283 1497 ἄγει,
361 1429 390 1483 ὁ
461 1426 532 1482 δὲ
602 1427 994 1492 ἀποπνίξας
1071 1427 1182 1482 ε’πὶ
1252 1430 1376 1497 τὴν
1443 1430 1805 1482 θάλασσαν.

22 1526 30 1534 “
110 1518 158 1571 5.
221 1526 491 1572 τοσοῦτον
543 1519 740 1571 τοίνυν
802 1517 1020 1586 ἀγαθὸν
1074 1518 1479 1587 ἀνανεούμενος
1532 1526 1596 1588 τῇ
1651 1518 1805 1571 πόλει
1831 1540 1875 1572 15

111 1615 341 1677 ψυχρῶν
393 1608 601 1676 ἤκουον
665 1607 939 1677 ῥημάτων,
1003 1607 1087 1660 ὅτι
1149 1605 1281 1659 ἀλλ’
1330 1608 1604 1676 αἰσχρὸν
1665 1605 1806 1659 κλέ-

110 1713 269 1758 πτας
321 1704 555 1749 ποιεῖν.
633 1695 662 1750 ὁ
711 1696 773 1749 δὲ
811 1697 871 1749 τὸ
919 1692 1021 1765 μὲν
1068 1696 1212 1765 ῥῆμα
1259 1695 1531 1765 ἐφοβεῖτο,
1577 1698 1638 1749 τὸ
1685 1696 1805 1765 κέρ-

111 1784 206 1847 δος
267 1784 329 1838 δὲ
390 1785 492 1838 οὐκ
554 1783 847 1854 ἐλογίζετο,
910 1784 1027 1838 ἀλλ’
1058 1784 1285 1854 ἐτήρησε
1351 1783 1357 1855 Ι
1421 1786 1636 1854 βλάβην
1680 1797 1722 1840 Β,
1746 1797 1894 1841 Π113

118 1874 391 1942 τοσαύτην
432 1875 628 1936 δεδιὼς
668 1875 959 1943 συλλαβάς.
1027 1873 1118 1927 καὶ
1157 1877 1311 1946 πόσῳ
1350 1873 1569 1943 βέλτιον
1606 1870 1678 1942 ἦν
1717 1873 1809 1926 ἀλ-

112 1969 275 2030 γῆσαι
328 1966 540 2032 μᾶλλον
592 1972 707 2026 τοῖς
755 1964 1025 2025 θανάτοις
1078 1971 1193 2026 τοῖς
1247 1963 1340 2016 διὰ
1385 1964 1480 2025 τὰς
1529 1963 1734 2025 κλοπὰς
1773 1961 1805 2030 ἢ
1831 1983 1876 2015 20

114 2051 292 2104 δεῖσαι
337 2052 432 2114 τὰς
471 2049 638 2120 ἐγγὺς
683 2053 907 2115 παιδιᾶς
953 2052 1158 2115 κλοπὰς
1198 2050 1284 2120 ἐφ’
1315 2044 1402 2114 αἷς
1451 2071 1533 2114 τις
1572 2051 1675 2119 ἤδη
1716 2049 1807 2103 καὶ

115 2137 391 2206 ε’γέλασεν;
447 2145 504 2193 εἴ
544 2155 633 2194 σοι
681 2145 834 2194 θεῶν
878 2161 962 2203 τις
1016 2138 1168 2208 ἔλεγε
1214 2139 1512 2211 πιεζομένςο
1566 2142 1807 2208 χαλεπω-

114 2228 243 2298 τάτῃ
283 2231 449 2301 νόσῳ,
490 2229 574 2282 ὅτι
605 2230 812 2298 ταύτην
845 2228 1001 2299 ἑτέρᾳ
1041 2229 1206 2292 αὐτὸς
1243 2227 1460 2296 ἐκβαλεῖ
1491 2228 1806 2297 κουφοτάτῃ

235 2378 256 2415 1
292 2373 374 2430 μὲν
406 2389 482 2417 om
506 2376 541 2418 Ι
583 2377 588 2430 Ι
632 2375 775 2419 αὑτὸν
807 2375 854 2419 Ρ
883 2374 964 2418 sed
989 2372 999 2389 ³
1034 2388 1058 2418 e
1078 2371 1091 2388 ³
1129 2387 1230 2418 corr
1253 2374 1336 2427 m²‚
1369 2375 1415 2418 B
1445 2373 1548 2418 Mor
1641 2372 1807 2417 ἑαυτὸν
1893 2373 1899 2377 “

125 2432 191 2475 Va
214 2431 283 2476 Re
345 2434 489 2478 αὐτὸν
519 2434 690 2490 reliqui
720 2434 830 2477 libri
859 2436 864 2490 Ι
892 2431 1216 2489 προδεδόσθαι
1241 2433 1307 2477 Re
1336 2436 1341 2491 Ι
1368 2434 1475 2487 περὶ
1502 2434 1540 2478 G
1567 2432 1649 2476 sed
1679 2431 1809 2486 παρὰ

116 2547 329 2591 suprascr
350 2537 386 2591 f,
479 2510 587 2592 ἕεερῗ
618 2539 702 2582 Mo
801 2536 930 2592 παρὰ
961 2538 995 2580 Ι
1021 2537 1101 2580 sed
1134 2536 1271 2580 ambo
1306 2554 1335 2579 α
1367 2537 1416 2579 in
1439 2549 1515 2579 ras
1540 2536 1623 2589 m³‚
1655 2536 1757 2579 BV

117 2597 142 2636 2
174 2601 265 2638 τῶν
296 2595 330 2638 Ι
356 2595 438 2639 sed
471 2603 535 2639 ῶν
567 2610 623 2640 ex
655 2597 710 2641 ὸν
742 2610 844 2640 con·
866 2596 936 2638 m³
964 2599 968 2651 Ι
997 2593 1351 2652 ἀμιλλητηρίους
1378 2597 1462 2639 Mo
1636 2599 1660 2636 3
1693 2596 1806 2638 διει-

116 2650 288 2710 λέχθην
323 2654 444 2699 ΟΜο
468 2654 571 2698 Mor
611 2659 617 2711 Ι
661 2656 696 2699 ὡ
731 2656 768 2701 0
796 2655 877 2699 sed
910 2669 936 2699 σ
967 2655 1060 2698 add
1084 2670 1107 2699 s
1242 2660 1267 2698 6
1302 2652 1582 2699 ἐπεδίδοσαν
1616 2654 1659 2697 V
1702 2655 1707 2708 Ι
1750 2669 1808 2706 τι,

118 2710 179 2762 ὡς
209 2709 322 2767 παρ’
352 2714 444 2757 edd
475 2715 578 2771 ,(γρ
601 2715 646 2757 τὶ
677 2711 792 2769 παρ’
829 2715 878 2757 in
902 2728 1036 2770 marg
1059 2713 1177 2770 Mor)
1240 2714 1302 2765 ὡς
1333 2712 1482 2757 delevi
1649 2716 1703 2754 10
1737 2708 1803 2757 δι’

121 2766 190 2812 ’ὅτι
221 2771 386 2828 scripsi
418 2786 442 2816 e
476 2773 521 2817 V
589 2771 711 2818 διότι
741 2772 913 2828 reliqui
943 2772 1054 2816 libri
1086 2772 1179 2817 edd
1221 2773 1226 2830 Ι
1269 2772 1428 2830 μεστὰ]
1460 2771 1517 2815 τὰ
1548 2770 1651 2814 Mor
1682 2771 1808 2825 quod

121 2841 222 2872 corr
242 2829 313 2873 Re
434 2835 488 2874 13
521 2831 573 2875 τὸ
599 2830 705 2883 δέος
736 2847 811 2876 om
836 2833 921 2876 Mo
947 2831 1038 2876 edd
1097 2831 1273 2875 inserui
1298 2844 1323 2874 e
1345 2830 1539 2886 reliquis
1562 2829 1694 2872 libris
1722 2832 1728 2885 Ι
1755 2829 1807 2873 τὸ

32 2919 34 2922 .
121 2885 226 2937 δέος
255 2889 326 2947 τὸ]
360 2889 384 2933 ὁ
417 2890 501 2946 μὲν
532 2889 727 2947 κλέπτης
758 2889 957 2945 συλήσας
980 2890 1073 2934 ἀπὸ
1108 2891 1211 2934 coni
1236 2890 1305 2934 Re
1427 2895 1480 2933 16
1515 2889 1699 2947 αἰσχροὶ
1720 2889 1756 2932 Ι

123 2949 177 2988 22
211 2946 360 3006 ἔλεγεν
392 2949 478 2993 Mo
