1992 3094
578 347 811 394 ADDEN
814 346 907 393 DA
947 347 1031 394 ΕΤ
1073 344 1516 395 GORRIGENDA.

320 475 430 532 Pag.
449 478 584 529 12,10
612 472 918 530 praeferenda
942 474 1013 515 est
1043 471 1182 516 lectio
1207 472 1417 516 codicum
1448 473 1527 517 CA
1553 471 1765 532 βούλοντ’
1788 470 1885 520 οὖν.

320 551 364 591 p.
385 538 520 588 24,15
554 533 612 576 de
642 531 804 576 Letoio
839 531 895 575 cf.
921 546 965 588 p.
987 535 1175 587 146‚10;
1201 535 1382 586 448‚15.

319 609 363 650 p.
383 597 520 648 53‚14
567 592 628 635 ad
671 591 986 635 coniecturam
1027 589 1343 645 προσκατέδυε
1389 591 1665 635 firmandam
1708 591 1890 636 faciunt

203 654 342 698 verba
373 667 418 708 p.
440 655 579 707 172‚3
611 648 1034 706 προσκατεπόντισε
1066 650 1118 693 δὲ
1150 650 1297 706 αὐτὴν
1330 649 1353 694 ὁ
1386 650 1529 701 κακὸς
1560 649 1844 708 ἄνθρωπος.Δ

319 728 364 769 p.
385 715 518 766 53‚21
561 709 829 754 satisfacere
868 709 1052 752 videtur
1090 709 1215 765 quod.
1254 709 1419 766 scripsi
1457 709 1486 765 ἡ
1537 708 1624 767 γὰρ
1669 710 1728 766 δὴ
1767 714 1886 765 Βαρ-

203 771 416 831 βαλισσὸς
454 771 535 814 καὶ
567 769 590 813 ὁ
633 776 756 820 σῖτος
786 768 867 812 καὶ
905 767 1060 812 πάντα
1091 767 1149 812 τὰ
1186 775 1381 812 τοιαῦτα
1411 769 1493 813 τὸν
1526 767 1790 825 ἀποδέκτην
1822 769 1889 820 εἰς

203 828 424 889 τιμωρίαν
471 824 551 887 ἦγε
596 827 867 884 respicienti
905 843 948 884 p.
977 832 1076 883 167,
1096 831 1150 870 18
1200 828 1417 878 κελεύσας
1463 827 1607 872 αὐτὸν
1660 828 1765 884 περὶ
1805 828 1888 873 τὸν

203 888 459 947 Εὐφράτην
507 885 580 933 ἐπ’
618 888 712 963 ὠνῇ
762 884 890 931 σίτου
937 884 1194 944 διατρίβειν
1241 888 1288 930 et
1334 902 1379 943 p.
1408 891 1506 942 178,
1527 891 1580 930 16
1627 885 1769 943 ἡνίκα
1809 884 1884 932 ἐπ’

203 948 459 1005 Εὐφράτην
499 943 634 999 οὗτος
669 963 761 1006 ῃει,
799 952 1028 1001 πρᾶττε,
1067 943 1372 1002 ἀπεκρίνατο,
1410 946 1470 990 τὸ
1512 945 1629 1001 σόν,
1668 946 1790 1003 ἐμοὶ
1829 946 1889 991 δὲ

204 1006 286 1065 ἐφ’
325 1002 468 1066 ᾧπερ
503 1005 751 1064 ἐτάχθην
783 1003 1031 1062 μελήσει,
1063 1005 1172 1056 τοὺς
1201 1005 1380 1060 πυροὺς
1409 1003 1565 1063 λέγων.

318 1083 363 1123 p.
385 1071 517 1121 104‚1
543 1065 658 1109 locis
691 1078 718 1108 a
748 1078 822 1108 me
855 1064 1014 1108 allatis
1046 1064 1194 1108 addas
1219 1064 1370 1108 Schol.
1398 1064 1460 1108 ad
1484 1064 1622 1120 Soph.
1640 1064 1759 1108 Phil.
1782 1069 1887 1119 1943

204 1127 405 1183 Hypoth.
438 1127 570 1169 metr.
605 1125 665 1167 ad
705 1123 842 1180 Soph.
875 1123 993 1168 Phil.
1028 1128 1076 1178 33
1115 1122 1250 1167 Diod.
1277 1123 1319 1167 S.
1344 1123 1408 1168 IV
1425 1127 1502 1178 383
1539 1123 1756 1168 Philostr.
1787 1123 1886 1168 Iun.

202 1186 278 1229 im.
300 1190 351 1228 17
379 1188 425 1228 et
449 1184 659 1228 conferas
683 1183 914 1227 Marxium
937 1182 1069 1227 Neue
1087 1182 1115 1226 J
1118 1182 1278 1228 ahrbb.
1297 1182 1328 1226 f.
1346 1182 1487 1227 klass.
1507 1182 1886 1229 Altertumswiss.

319 1319 363 1359 p.
385 1307 519 1358 116‚2
551 1301 667 1346 locis
708 1302 768 1345 ad
806 1301 857 1346 τὸ
895 1308 978 1345 τοῦ
1011 1301 1246 1346 Διονύσου
1285 1301 1443 1345 allatis
1477 1301 1625 1344 addas
1656 1317 1701 1358 p.
1720 1305 1887 1356 371,23

201 1362 285 1419 τὴν
319 1362 408 1417 πρὸ
440 1369 522 1406 τοῦ
555 1358 807 1405 Διονυσίου
841 1359 995 1405 στοάν.
1213 1412 1219 1415 ⁴

320 1437 364 1478 p.
393 1426 491 1476 127,
511 1425 565 1464 18
609 1424 756 1477 ζητεῖν
801 1420 1018 1477 οἰήσομαι
1062 1422 1161 1464 δεῖν
1200 1434 1311 1463 num
1351 1421 1475 1463 recte
1520 1419 1887 1475 cancellaverim‚

203 1481 379 1525 dubito.

182 1547 186 1554 ·
321 1556 364 1596 p.
386 1543 547 1594 132‚17
583 1538 787 1582 cf.t.111
812 1538 1094 1593 95‚12sq.R.

321 1614 364 1655 p.
387 1603 551 1653 133‚18
584 1597 859 1641 servandum
891 1598 963 1640 est
993 1595 1341 1653 ἀποστρέφει
1371 1596 1456 1652 τὴν
1489 1599 1713 1652 γλῶτταν,
1753 1600 1807 1641 ut
1837 1597 1887 1640 in

204 1672 294 1714 quo
326 1657 577 1714 praeiverit
606 1656 941 1700 Demosthenes
973 1656 1030 1699 de
1062 1656 1165 1699 fals.
1190 1655 1279 1712 leg.
1304 1671 1349 1712 p.
1369 1659 1520 1709 406‚4.

321 1732 365 1773 p.
380 1721 544 1770 138‚10
566 1716 625 1758 ad
642 1716 782 1760 verba
807 1715 883 1760 ἐπὶ
905 1715 958 1759 τὸ
983 1714 1183 1771 γράφειν
1208 1714 1273 1765 εἰς
1287 1714 1427 1773 τάχος
1443 1715 1653 1759 conferas
1669 1720 1887 1771 p.3l9‚4;

204 1778 237 1819 t.
262 1776 304 1819 H
329 1780 462 1829 305‚1
497 1777 544 1818 et
578 1788 716 1831 supra
747 1790 790 1831 p.
810 1774 902 1818 LII.

322 1850 366 1891 p.
396 1839 537 1889 140‚5
581 1834 641 1877 ad
683 1834 825 1877 verba
865 1841 956 1877 τῶν
1001 1831 1199 1878 ἐνόντων
1239 1833 1387 1877 εἰπεῖν
1427 1832 1483 1878 cf.
1516 1848 1561 1889 p.
1589 1838 1688 1887 371,
1709 1837 1761 1876 18
1804 1833 1887 1878 τὸν

206 1892 370 1939 ἐνόντα
402 1892 693 1948 ποιήσασθαι
723 1893 828 1947 περὶ
858 1898 937 1948 τῆς
969 1897 1152 1949 σφαγῆς
1183 1890 1442 1949 ἐξετασμόν.

324 1953 384 1996 ad
415 1968 460 2009 p.
481 1956 615 2006 143,8
647 1952 697 1995 in
727 1953 840 1995 nota
871 1953 981 1995 ante
1008 1966 1055 2007 p.
1075 1954 1164 1995 572
1197 1952 1348 2009 Μέρη..
1382 1951 1557 1995 excidit
1589 1956 1618 1995 t.
1643 1952 1700 1995 L.

325 2012 384 2055 ad
416 2027 460 2068 p.
481 2016 643 2066 180‚21
678 2010 734 2054 of.
761 2026 805 2067 p.
825 2015 989 2064 363,11
1011 2025 1076 2066 sq.

322 2086 364 2126 p.
385 2075 518 2126 216‚9
546 2068 785 2122 δέξασθαι.
843 2069 977 2122 Quod
1003 2069 1220 2113 Reiskius
1252 2069 1452 2113 coniecit
1483 2068 1751 2124 δράξασθαι
1781 2082 1886 2126 pro-

205 2130 336 2173 bavit
368 2128 565 2173 Cobetus
597 2129 726 2172 Misc.
754 2134 851 2172 155.

324 2203 367 2244 p.
395 2193 494 2243 227,
513 2193 536 2230 7
593 2188 653 2231 ad
707 2186 1037 2245 συντυγχάνειν
1091 2186 1341 2230 tutandum
1391 2186 1508 2230 facit
1561 2187 1704 2231 etiam
1756 2187 1886 2231 locus

207 2262 251 2303 p.
270 2252 436 2299 411,13
468 2246 639 2290 iniuria
672 2261 699 2289 a
732 2245 902 2290 Cobeto
937 2245 1048 2290 Coll.
1075 2250 1160 2289 293
1191 2246 1412 2288 tentatus.

325 2321 370 2361 p.
390 2310 553 2359 250,12
586 2320 669 2361 pro
694 2305 889 2350 Stawrus
919 2306 1125 2349 Teliacus
1153 2304 1423 2361 legendum:
1457 2304 1661 2350 Socrates·
1685 2305 1885 2362 Kuyeas.

326 2364 385 2407 ad
417 2380 461 2420 p.
481 2368 647 2419 276,20
679 2364 727 2406 in
758 2366 870 2407 nota
901 2363 1051 2421 legas:
1086 2364 1294 2408 Proverb.

323 2438 368 2478 p.
397 2427 495 2478 309,
514 2428 539 2466 9
593 2423 642 2466 in
688 2425 800 2466 nota
846 2422 1008 2466 critica
1054 2424 1161 2479 post
1205 2424 1401 2467 coniciat
1445 2424 1541 2466 coll.
1590 2422 1886 2466 inserendum

241 2515 251 2526 .
276 2485 414 2536 453,5
445 2486 485 2525 et

203 2496 238 2538 Ρ
325 2556 370 2597 p.
397 2544 530 2595 311,1
566 2540 858 2583 scribendum
891 2537 925 2584 ὦ
959 2543 1026 2597 Γῆ
1059 2541 1138 2584 καὶ
1159 2538 1303 2595 “Ήλιε,
1337 2542 1389 2583 ut
1421 2555 1464 2596 p.
1490 2545 1669 2595 465,15.

326 2614 369 2655 p.
390 2604 554 2653 339‚10
580 2598 655 2642 ἐπὶ
677 2606 778 2648 ταῖς
801 2599 1069 2654 μελλούσαις
1099 2596 1290 2644 ἐλπίσιν.
1347 2598 1587 2654 Superflua
1619 2599 1888 2643 coniectura

208 2657 426 2715 μεγάλαις
456 2657 723 2713 respicienti
748 2657 992 2713 t.11271‚9
1024 2659 1076 2702 τὸ
1107 2658 1493 2713 προσδοκώμενον
1526 2657 1641 2707 δέος.
1695 2657 1759 2702 Cf.
1779 2658 1884 2714 p.L.
