1992 3094
202 138 305 190 198
690 137 918 180 LIBANII
949 137 1173 182 ORATIO
1205 138 1397 181 XXXIV

196 273 383 342 ξαμεν,
423 272 541 326 ἀλλ’
573 273 678 325 ἀπὸ
715 274 998 326 τοσούτων
1030 273 1307 342 ὁμιλητῶν
1339 275 1416 336 εἰς
1448 274 1680 340 δώδεκα,
1713 275 1899 326 ἔπειτα

198 363 278 425 εἰς
333 361 469 415 ἑπτα
523 361 856 429 καταβάντες
913 361 1018 414 οὐκ
1071 360 1380 430 ἐγενόμεθα
1440 365 1710 430 χείρονες,
1773 360 1890 414 ἀλλ’

193 449 510 520 ἐχωροῦμεν
542 452 620 512 εἰς
650 451 711 503 τὸ
747 451 1135 503 διδασκαλεῖον
1175 450 1267 502 διὰ
1299 452 1430 513 τοὺς
1462 450 1637 513 οὕτως
1669 450 1897 518 ὀλίγους

200 536 332 592 οὐδὲ
387 547 550 592 τοῦτο
606 540 953 607 βραδύτερον
1008 539 1040 607 ἢ
1088 540 1375 608 πρότερον
1410 547 1716 607 ποιοῦντες,
1772 537 1887 591 ἀλλ’

136 650 155 682 5
209 620 420 697 οἷοίπερ
461 624 597 696 ἦμεν
635 626 697 680 ἐν
727 629 960 693 πλείοσι,
998 635 1244 680 τοιοῦτοι
1276 627 1380 680 κάν
1410 628 1697 690 τοσούτοις
1729 624 1898 680 οὐδὲν

198 724 299 769 τοῦ
352 715 477 784 περὶ
533 724 704 768 ταῦτα
757 715 1088 782 μεταθέντες
1142 718 1333 782 νόμου.
1410 716 1500 768 καὶ
1555 715 1771 785 ἐγένετο
1828 718 1895 786 δὴ

196 805 287 858 καὶ
334 808 680 874 προσηγορία
734 823 816 866 τις
862 813 978 867 τοῖς
1029 807 1398 873 μεμενηκόσιν
1449 803 1536 857 ἀπ’
1571 805 1743 858 αὐτοῦ
1794 813 1893 858 τοῦ

194 894 554 963 μεμενηκέναι
609 897 885 963 χαρίεσσα.
963 894 1175 946 τούτων
1230 892 1357 961 ἐξῆν
1403 888 1545 946 εἶναι
1599 892 1690 946 καὶ
1741 893 1893 962 ὑμῖν,

195 988 345 1053 εἴπερ
391 983 633 1051 ἠθέλετε.
711 990 819 1035 νῦν
868 979 928 1034 δὲ
967 983 1236 1044 τοσαύτας
1275 982 1655 1051 μεθυσθέντες
1692 982 1894 1051 ἡμέρας

126 1095 166 1126 ιο
192 1073 347 1140 ἥκετε
389 1072 629 1140 σφοδροὶ
671 1073 854 1138 λόγων
894 1069 1228 1139 ἐπιθυμηταὶ
1279 1070 1370 1124 καὶ
1409 1073 1753 1141 προσδοκᾶτε
1792 1079 1891 1124 τοῦ

98 1173 207 1216 RII
225 1178 310 1216 273
350 1164 561 1213 πολλοῦ
603 1162 808 1229 χρόνου
849 1160 943 1222 τὰς
982 1158 1245 1229 ὑμετέρας
1279 1159 1285 1228 Ι
1320 1158 1436 1212 κατ’
1469 1160 1602 1228 ἐμοῦ
1649 1159 1891 1229 περιέσε-

189 1254 324 1302 σθαι
368 1251 733 1318 βλασφημίας.

305 1337 386 1392 15.
442 1340 598 1406 Ναί,
654 1339 846 1406 φησίν,
901 1336 969 1389 ἐν
1024 1338 1141 1407 γὰρ
1192 1337 1495 1406 ἁμίλλαις
1541 1346 1681 1400 ταῖς
1728 1338 1890 1407 πρὸς

177 1425 457 1497 Ὅμηρον
525 1425 630 1479 καὶ
686 1425 1085 1494 Δημοσθένη
1150 1422 1396 1494 σὺχνὰς
1457 1427 1888 1495 διετρίψαμεν

33 1570 36 1573 ,
122 1537 164 1569 15
189 1515 446 1584 ἡμέρας.
522 1516 725 1568 τούτου
781 1515 842 1567 δὲ
896 1516 997 1583 τὴν
1051 1517 1234 1568 αἰτίαν
1289 1513 1350 1567 ἐν
1403 1524 1518 1577 τοῖς
1571 1516 1887 1584 πράγμασιν

189 1605 343 1673 εὕροι
390 1623 473 1666 τις
520 1606 605 1671 ἄν,
654 1604 756 1656 οὐκ
803 1602 939 1670 ἐμοί.
1015 1604 1081 1655 τὰ
1126 1604 1227 1669 μὲν
1275 1605 1378 1672 γὰρ
1425 1604 1560 1672 ὑμῖν
1607 1605 1684 1666 εἰς
1733 1603 1887 1666 τέλος

189 1692 414 1760 ἀφῖκται
452 1691 543 1745 καὶ
584 1701 771 1745 σιωπῶ
805 1693 864 1744 τὸ
897 1692 1075 1761 τάχος,
1115 1693 1182 1744 τὰ
1219 1693 1519 1760 τελεώτερα
1555 1692 1616 1744 δὲ
1647 1693 1886 1762 γράφειν

189 1781 363 1844 εὐθὺς
395 1782 496 1835 οὐκ
529 1780 678 1849 ἐνῆν,
712 1779 831 1833 ἀλλ’
862 1778 976 1833 ἔδει
1007 1782 1282 1850 πρότερον
1313 1779 1505 1833 ἐλθεῖν
1537 1782 1629 1833 διὰ
1660 1783 1883 1849 βιβλίου

187 1870 339 1932 τινὸς
376 1869 468 1922 καὶ
507 1868 698 1922 ἐλθεῖν
737 1889 799 1938 γε
840 1870 942 1938 οὐχ
982 1869 1103 1937 ἕνα,
1155 1868 1293 1922 ἀλλὰ
1333 1872 1440 1922 σὺν
1480 1868 1685 1939 ἑτέροις
1724 1868 1884 1922 ἐννέα

121 1979 164 2012 20
188 1957 335 2022 νέοις
374 1959 406 2028 ἢ
445 1961 695 2012 πλείοσιν
734 1958 766 2026 ἢ
809 1959 875 2011 οὐ
916 1959 1059 2010 πολύ
1099 1977 1160 2025 γε
1200 1957 1500 2011 ἐλάττοσιν.
1578 1960 1632 2010 οἱ
1679 1955 1740 2011 δὲ
1780 1959 1882 2011 οὐκ

187 2045 499 2116 ἐφαίνοντο.
581 2047 663 2100 16.
725 2047 922 2100 καινὸν
985 2047 1045 2099 δὲ
1106 2046 1370 2114 γενέσθαι
1434 2049 1608 2113 νόμον
1671 2045 1744 2099 δι’
1783 2047 1880 2100 ἕνα

188 2137 310 2189 τινὰ
365 2138 699 2204 μαινόμενον
750 2145 862 2188 τῶν
916 2135 1282 2188 ἀτοπωτάτων
1331 2131 1401 2203 ἦν
1453 2137 1544 2188 καὶ
1592 2135 1881 2204 διέβαλλεν

187 2223 256 2276 ἂν
310 2225 409 2276 τὸν
462 2226 814 2293 παρελθόντα
869 2226 1085 2293 χρόνον.
1171 2225 1263 2275 διὰ
1316 2223 1477 2276 τοῦθ’
1517 2223 1702 2292 ἕτερος
1756 2222 1872 2277 ἀντ’

310 2389 363 2428 13
397 2384 454 2427 cf.
481 2398 552 2440 ep.
581 2388 680 2428 407.
718 2388 799 2428 187

304 2537 331 2575 4
364 2530 391 2588 ἢ
424 2531 651 2586 πρότερον
683 2546 756 2575 om
786 2532 869 2576 Mo
894 2532 995 2574 Mor
1033 2533 1039 2588 Ι
1078 2539 1322 2581 ποιοῦντες
1353 2531 1401 2574 in
1425 2545 1560 2588 marg
1591 2531 1684 2574 add
1711 2530 1818 2575 Μο2

187 2597 212 2635 5
247 2588 425 2646 οἷοίπερ
461 2592 588 2635 VRe
668 2589 799 2645 οἵπερ
831 2590 1002 2645 reliqui
1034 2590 1143 2633 libri
1175 2590 1257 2633 sed
1290 2607 1335 2634 οι
1366 2592 1473 2646 post
1504 2607 1521 2633 ι
1554 2603 1768 2646 suprascr
1791 2589 1873 2645 ΑΞ,

186 2650 288 2693 Mor
439 2654 462 2692 7
502 2647 572 2700 τίς
604 2650 648 2693 V
794 2655 844 2692 11
890 2651 997 2706 post
1027 2647 1197 2706 χρόνου
1230 2649 1450 2692 cancellis
1481 2649 1663 2692 inclusa
1694 2649 1752 2692 τὰ
1782 2656 1873 2692 τῶν

187 2707 562 2764 ἐπιτηδευμάτων
601 2707 729 2751 ἄθλα
773 2709 866 2751 add
892 2708 992 2752 Mor
1021 2724 1066 2764 p.
1093 2713 1176 2751 641
1210 2708 1349 2751 finem
1389 2708 1601 2751 indicans
1635 2707 1873 2762 orationis,

188 2781 307 2822 quae
341 2770 596 2823 sequuntur
625 2782 670 2822 p.
698 2771 782 2810 675
798 2782 862 2823 sq.
897 2767 1125 2823 praebens
1169 2769 1174 2822 Ι
1215 2766 1439 2823 ἡμετέρας
1468 2767 1571 2810 Mor
1722 2772 1775 2810 16
1806 2763 1876 2817 τίς

186 2827 364 2871 ,ΑΡΜο
413 2828 419 2882 1
469 2827 518 2871 ἐν
551 2828 659 2870 ante
699 2823 800 2882 ἐμοί
839 2827 930 2870 edd
1030 2826 1181 2869 delevi
1230 2828 1236 2881 Ι
1286 2842 1342 2869 τα
1375 2827 1420 2870 Ρ
1455 2826 1537 2869 sed
1569 2825 1577 2839 “
1621 2826 1715 2869 add
1737 2825 1807 2867 m³

189 2890 241 2928 17
276 2893 462 2929 σιωπῶν
493 2887 567 2929 Ρα
687 2889 742 2927 20
775 2886 830 2928 οὐ
861 2885 978 2928 πολύ
1010 2901 1060 2942 γε
1091 2885 1215 2928 inser
1245 2885 1303 2928 1³
1424 2889 1478 2927 22
1511 2883 1721 2941 διέβαλεν
1754 2884 1797 2926 V

187 2947 243 2987 23
276 2951 368 2988 τῶν
402 2945 486 2988 Mo
518 2945 564 2987 eb
595 2961 649 3000 γρ
683 2943 784 2987 Mor
811 2947 815 2999 Ι
845 2941 1067 2987 διατοῦθ’
1097 2945 1337 3000 PIM0V1
1367 2942 1523 2998 ἑτέρου
1548 2945 1621 2987 Ρα
