1992 3094
377 141 603 186 LIBANII
635 141 862 187 ORATIO
894 142 974 186 DE
1007 143 1299 188 ANTIOCHI
1328 143 1536 189 UXORE
1727 147 1797 200 69

112 291 239 347 ρασι
298 276 646 348 <διετέλεσα>
706 278 988 347 θεώμενος
1041 280 1137 342 τὰς
1188 280 1425 349 πληγάς,
1487 282 1645 334 ταυτὶ
1698 279 1799 349 μὲν

111 367 276 422 ἐάσω·
330 368 397 420 τὰ
435 365 485 419 δ’
517 368 626 434 ἅμα
671 367 846 439 ἡμέρα
886 369 1100 437 δάκρυα
1139 377 1235 437 τῆς
1279 366 1496 422 ἐκείνου
1537 371 1799 437 γυναικὸς

109 458 192 519 τίς
230 456 333 509 οὐκ
378 455 451 509 ἂν
495 456 726 525 ἠλέησεν
780 455 1107 526 ἐρριμμένης
1151 477 1210 510 τε
1255 458 1419 527 χαμαὶ
1466 457 1558 510 καὶ
1605 478 1799 512 κοπτο-

109 544 275 614 μένης
327 545 587 613 αἰτούσης
641 547 954 615 συμμαχίαν
1002 547 1080 608 εἰς
1125 546 1186 598 τὸ
1234 547 1371 616 πρὸς
1416 547 1515 599 τὸν
1561 548 1799 616 ἄρχοντα

109 641 280 687 ταῦτα
319 635 515 698 εἰπεῖν;
571 632 677 702 ἐγὼ
719 635 780 687 δὲ
818 635 1020 688 τούτου
1066 634 1169 701 μὲν
1207 635 1381 703 αὐτὴν
1420 634 1634 704 ἀπῆγον
1680 636 1797 689 ἀδι-
1846 657 1866 691 5

109 731 222 776 κῶν
254 727 385 786 ἴσως
417 723 519 776 οὐκ
553 722 660 776 ε’ῶν
691 724 853 793 δίκην
886 724 1023 793 ὅσην
1055 722 1211 787 ἄξιον
1244 718 1451 792 λαβεῖν,
1489 723 1575 777 ε’πὶ
1608 725 1668 778 δὲ
1699 725 1799 778 τὸν

109 811 376 864 σύνδικον
406 814 678 880 μεθίστην
707 820 804 881 τῆς
832 815 1064 875 πόλεως·
1113 813 1179 866 οὐ
1219 813 1324 883 γὰρ
1365 814 1432 881 δὴ
1472 813 1562 866 καὶ
1601 814 1800 882 ταύτης

110 900 282 968 αὐτὴν
319 900 432 953 ἔδει
470 908 566 969 τῆς
602 904 961 971 παραμυθίας
1000 907 1332 971 στερεῖσθαι.
1404 901 1465 954 ἐν
1499 906 1694 955 τοίνυν
1732 911 1797 972 τῇ

107 989 231 1059 περὶ
254 990 468 1042 τούτων
492 988 730 1053 ἐξετάσει
746 993 1007 1061 παρεῖναί
1026 1010 1084 1044 τε
1110 991 1359 1061 ὁμολογῶ
1377 991 1467 1043 καὶ
1484 999 1548 1061 τῇ
1575 990 1795 1058 γυναικὶ

109 1077 176 1130 οὐ
214 1079 390 1131 πολλὰ
427 1077 543 1148 μέν,
585 1078 730 1149 ὅμως
769 1077 830 1132 δὲ
871 1080 1082 1150 ῥήματά
1120 1100 1244 1134 τινα
1283 1088 1738 1148 συνεισενεγκεῖν.
1823 1102 1866 1134 ιο

222 1166 303 1219 13.
352 1170 478 1230 Τοῖς
508 1168 611 1234 μὲν
642 1164 747 1221 οὖν
777 1171 1101 1238 βελτίστοις,
1142 1169 1273 1238 ὅπερ
1307 1166 1606 1238 ἀρχόμενος
1637 1166 1797 1237 ἔφην,

107 1253 266 1319 ἔδοξά
312 1275 363 1308 τι
409 1256 766 1326 πεποιηκέναι
811 1260 999 1326 καλόν,
1051 1267 1166 1320 τοῖς
1205 1257 1255 1310 δ’
1287 1263 1342 1310 εἴ
1380 1277 1463 1320 τις
1511 1257 1798 1325 εὐδοκιμή-

108 1357 255 1396 σειεν
300 1343 395 1397 ἐπί
435 1365 509 1416 τῳ
565 1345 934 1414 ῥηγνυμένοις
986 1349 1157 1400 κακόν
1207 1366 1265 1400 τε
1314 1348 1405 1399 καὶ
1459 1347 1656 1399 καινὸν
1706 1345 1796 1398 καὶ

107 1432 208 1486 οὐκ
248 1432 391 1500 ἐμόν.
470 1435 516 1486 εἰ
561 1432 622 1487 δὲ
662 1436 882 1488 δίκαιον
919 1433 1021 1505 μὲν
1059 1437 1120 1489 τὸ
1159 1434 1564 1505 πεπραγμένον,
1603 1436 1798 1487 καινὸν

109 1517 170 1574 δὲ
207 1529 372 1576 τοῦτο
412 1521 503 1575 καὶ
543 1523 645 1576 οὐκ
685 1522 835 1593 ἐμόν,
884 1522 1050 1578 οὐδὲν
1096 1524 1286 1595 ἕτερον
1332 1523 1592 1592 λέγουσιν
1640 1524 1671 1593 ἢ
1712 1524 1794 1576 ὅτι
1822 1544 1864 1578 15

107 1611 240 1675 μετὰ
277 1618 376 1664 τοῦ
417 1621 530 1664 τῶν
569 1613 801 1666 δικαίων
840 1612 1063 1682 ἀμελεῖν
1102 1615 1180 1676 εἰς
1219 1621 1390 1683 γῆρας
1428 1614 1556 1681 ἥκω.
1618 1615 1796 1665 καίτοι

107 1701 190 1761 τίς
221 1699 322 1752 οὐκ
354 1696 525 1769 οἶδεν,
558 1701 632 1764 ὡς
663 1701 747 1755 ἀεὶ
781 1703 872 1755 διὰ
903 1710 999 1771 τῆς
1028 1704 1238 1765 πόλεως
1270 1701 1562 1771 ἐρχόμενος
1595 1700 1797 1755 οὐδένα

106 1796 218 1840 τῶν
255 1791 565 1842 κλαιόντων
603 1790 965 1860 παρέρχομαι,
1022 1791 1138 1844 ἀλλ’
1171 1789 1352 1859 ἔστην,
1399 1792 1636 1859 ἤλγησα,
1686 1790 1798 1857 ἐζή-

107 1891 242 1945 τησα
280 1878 381 1931 τὸν
418 1878 730 1948 ἠδικηκότα,
772 1878 911 1933 ἑλὼν
948 1877 1051 1948 μὲν
1090 1879 1333 1948 ἐπέθηκα
1373 1880 1551 1947 δίκην,
1590 1881 1663 1948 μὴ
1700 1880 1796 1931 δυ-

106 1963 299 2033 νηθεὶς
338 1963 399 2019 δὲ
443 1966 758 2036 ἠχθέσθην;
811 1967 1010 2022 πολλοὶ
1066 1967 1074 2037 Ι
1132 1966 1192 2021 δὲ
1238 1967 1328 2021 καὶ
1375 1971 1622 2037 μείζονος
1675 1979 1884 2023 RII333

107 2051 246 2117 ἄξιοι
287 2055 443 2124 δίκης
491 2056 601 2109 ὑπὸ
641 2065 758 2120 τοῖς
804 2059 1091 2121 συνδίκοις
1138 2057 1271 2124 ἐμοῦ
1319 2056 1636 2125 πέμψαντος
1682 2055 1795 2125 57⁸¹-
1820 2077 1861 2109 ει

226 2189 250 2228 7
282 2185 590 2231 Harmodium
621 2187 678 2231 cf.
703 2203 748 2244 p.
769 2193 904 2244 37‚17
1030 2193 1082 2232 11
1117 2188 1173 2232 cf.
1200 2203 1244 2244 p.
1272 2192 1342 2242 63,
1361 2192 1467 2243 3sq.

227 2308 248 2346 1
284 2303 515 2349 διετέλεσα
540 2306 716 2350 inserui
748 2311 862 2362 „aut
885 2312 991 2363 post
1015 2304 1222 2361 ὀνείρασι
1246 2312 1329 2350 aut
1351 2311 1450 2361 post
1471 2306 1649 2363 πληγὰς
1679 2307 1798 2350 deest

106 2363 287 2407 verbum
318 2365 507 2420 aliquod
537 2379 572 2409 e.
597 2379 632 2409 c,
667 2365 814 2422 ἐθορυ
847 2364 975 2422 ήθην
1007 2371 1090 2410 aut
1121 2364 1262 2420 ἐταρά
1292 2368 1390 2421 θην
1423 2371 1505 2409 aut
1536 2364 1797 2421 ἐπτοιήθην
1887 2375 1891 2379 ’

108 2426 191 2465 aut
219 2421 468 2478 ἀνεπήδων
500 2425 568 2468 vel
598 2426 688 2469 tale
719 2425 800 2481 qui
834 2428 859 2448 “
892 2424 961 2468 Re
1127 2429 1153 2468 2
1187 2423 1238 2469 δὲ
1307 2438 1332 2468 e
1499 2429 1523 2467 3
1558 2423 1796 2480 ἐρριμένης

107 2479 301 2526 ΒΜΜο
420 2487 448 2525 4
481 2482 524 2527 εἰ
553 2484 597 2527 U
714 2488 739 2527 5
770 2481 904 2528 ταῦτ’
935 2486 996 2528 Μ
1020 2483 1112 2527 edd
1234 2488 1259 2526 6
1293 2483 1426 2536 ἄξιον
1456 2483 1505 2526 in
1528 2497 1663 2540 marg
1687 2482 1798 2526 Moik

169 2543 192 2581 7
211 2540 353 2596 ταύτῃ
370 2542 455 2586 Mo
562 2547 587 2585 8
614 2542 761 2599 αὐτὴν
786 2557 861 2587 om
880 2543 960 2587 Mo
977 2542 1111 2599 Bong
1225 2547 1248 2585 9
1274 2549 1441 2586 τοῦτον
1460 2542 1545 2587 Mo
1661 2546 1714 2585 10
1738 2542 1796 2585 οὐ

107 2597 154 2641 P
180 2599 262 2642 sed
293 2596 331 2643 o'
365 2600 415 2642 in
438 2613 515 2644 ras
538 2600 608 2644 m²
730 2606 784 2644 12
819 2600 1111 2658 εὐδοκιμήσει
1134 2602 1168 2644 Ι
1194 2602 1275 2644 sed
1306 2603 1415 2657 post
1438 2617 1459 2645 ε
1484 2603 1546 2658 (2)
1576 2614 1652 2644 ras
1680 2605 1794 2643 1-2

105 2682 185 2728 litt
313 2691 367 2731 13
399 2689 567 2733 καινὸν
599 2689 765 2747 scripsi
827 2677 967 2733 uffibbv
1002 2691 1044 2733 V
1114 2691 1169 2733 οὐ
1202 2689 1339 2734 κενὸν
1373 2691 1457 2734 Mo
1518 2689 1655 2733 κενὸν
1685 2688 1794 2731 reli-

107 2743 187 2798 qui
216 2743 327 2789 libri
359 2747 449 2791 edd
588 2753 643 2792 14
675 2749 717 2793 εἰ
747 2775 802 2781 -
839 2754 892 2792 15
926 2747 1037 2805 ἐμόν
1070 2762 1144 2792 om
1169 2750 1203 2792 Ι
1341 2754 1396 2792 14
1428 2748 1595 2792 καινὸν
1627 2747 1794 2804 scripsi

165 2820 303 2878 κοὲέιὸν
337 2835 380 2878 V
463 2836 602 2880 κενὸν
631 2836 802 2893 reliqui
833 2836 943 2879 libri
977 2836 1068 2880 edd
1250 2841 1302 2880 15
1335 2837 1491 2894 τοῦτο]
1526 2836 1710 2891 „malim
1742 2835 1796 2878 ἐν

107 2895 285 2950 ταυτῷ“
302 2892 370 2937 Ro
478 2899 532 2938 17
557 2893 814 2953 ἀρχόμενος
831 2897 916 2940 Mo
1026 2900 1078 2939 19
1105 2895 1237 2954 ἑλὼν]
1256 2897 1388 2951 „for-t.
1408 2895 1487 2939 καὶ
1507 2908 1795 2952 praeponen-

106 2947 243 2994 ἄψιν*
274 2951 342 2994 Re
463 2958 518 2996 20
551 2954 601 2998 δὲ
627 2956 689 3012 (2)
722 2969 796 2998 om
822 2956 907 2999 Mo
1028 2958 1080 2998 21
1115 2953 1384 3012 πέμψοντος
1409 2956 1493 3000 Mo
