1992 3094
26 0 68 103 μή
111 46 118 54 t

32 104 51 123 ,b

31 126 37 134 ι

24 152 30 159 ι

470 137 699 182 LIBANII
730 137 954 182 ORATIO
986 138 1067 182 DE
1099 137 1508 183 THRASYDAEO
1731 140 1835 192 153

149 275 451 344 τὀυργῆσαι
489 273 752 336 πολλάκις
797 274 886 326 καὶ
926 271 1247 343 ἐβουλήθην
1283 274 1374 328 καὶ
1414 274 1669 344 εὐξάμην,
1720 295 1833 328 και-

72 368 75 372 ’
146 365 249 432 ρὸν
288 360 348 415 δὲ
388 361 683 431 ἀναμένειν
724 362 878 433 ᾤ’μην
918 363 1050 416 δεῖν.
1120 359 1284 426 οὗτος
1323 361 1383 416 δὲ
1422 359 1492 431 ἦν
1531 363 1834 432 ἀναβιῶναι

140 453 247 520 ,τὴν
275 453 492 520 βουλὴν
517 452 607 504 καὶ
638 450 903 519 γενέσθαι
934 453 1035 519 τὴν
1066 451 1341 521 προτέραν
1372 451 1602 520 ἐκείνην.
1655 451 1833 506 ἐκεῖνο

146 538 247 610 μὲν
284 541 387 608 γὰρ
426 536 498 608 ἧν
530 543 892 609 λειτουργεῖν,
930 542 990 593 τὸ
1031 537 1092 593 δὲ
1131 540 1239 593 νῦν
1271 540 1627 594 ἀπολωλέναι.
1689 541 1833 594 οὕτω

145 639 321 692 κακῶς
366 629 427 681 τὸ
474 637 698 697 πρᾶγμα
750 627 860 698 ἔχει
901 627 1108 691 ἄλλαις·
1138 649 1194 681 τε
1235 630 1336 682 οὐκ
1377 630 1589 697 ὀλίγαις
1636 631 1834 691 αἰτίαις
1881 652 1901 682 5

146 717 235 771 καὶ
288 724 363 789 τῷ
411 726 531 770 τῶν,
578 717 920 784 λειπομένων
973 720 1103 780 τοὺς
1159 717 1546 787 ἰσχυροτέρους
1599 723 1835 786 πορθεῖν

128 808 217 881 tw}
270 807 397 858 *nfm—
443 805 875 877 ἀσθενεστέρων.
965 806 1012 858 9.
1080 807 1426 876 Θρασύδαιος
1489 807 1550 859 δὲ
1610 814 1835 859 τοιαῦτα

145 898 483 965 παροινήσας
522 895 626 948 οὐκ
665 894 912 948 ἐνταῦθα
948 897 1092 963 ἔστη,
1133 893 1248 948 ἀλλ’
1283 897 1360 957 εἰς
1398 903 1667 948 τοσοῦτον
1704 891 1835 962 ἧκεν

147 983 444 1052 ἀσελγείας,
485 982 612 1036 ὥστ’
644 985 779 1053 ἄρας
816 986 917 1053 τὴν
957 986 1154 1054 φωνὴν
1184 986 1383 1052 λόγους
1422 985 1523 1052 μὲν
1554 983 1709 1051 ἔλεγέ
1742 1004 1835 1052 μοι

147 1077 477 1140 συγκεῖσθαι
538 1075 674 1132 κατὰ
706 1094 707 1097 ’
735 1074 958 1126 πάντων
1010 1073 1326 1142 ἀνθρώπων
1389 1070 1521 1126 οὐδὲ
1577 1058 1638 1126 τὸ
1700 1074 1834 1126 κατὰ
1863 1096 1902 1126 ιο

147 1162 370 1223 πάντων
406 1164 611 1228 μανιάν
655 1162 984 1230 ἡγούμενος·
1039 1166 1120 1224 τίς
1159 1163 1262 1230 γὰρ
1312 1161 1381 1214 ἂν
1421 1155 1498 1224 εἷς
1538 1163 1835 1230 ἄνθρωπος

145 1249 269 1319 περὶ
308 1251 531 1304 πάντων
568 1251 790 1319 <ἔλεγε>
835 1250 926 1303 καὶ
966 1259 1136 1304 ταῦτα
1181 1258 1280 1304 τοῦ
1320 1252 1526 1319 χρόνου
1566 1252 1626 1303 τὸ
1666 1250 1836 1303 πλέον

147 1347 259 1402 τοῖς
312 1339 675 1408 βουλομένοις
722 1341 1047 1408 μανθάνειν·
1085 1339 1285 1407 νέμων;
1341 1340 1369 1392 ὁ
1418 1340 1480 1392 δὲ
1528 1340 1617 1391 καὶ
1664 1339 1834 1392 αὑτὸν

147 1430 333 1496 ἔλεγεν
402 1425 544 1482 εἶναι
611 1430 825 1482 τούτων
886 1428 982 1482 ἕνα
1050 1427 1177 1482 καθ’
1226 1424 1305 1481 ὧν
1367 1430 1687 1496 σύγκεινταί
1742 1447 1835 1496 μοι

149 1519 318 1584 λόγοι.
400 1518 482 1570 10.
536 1521 714 1570 καίτοι
763 1528 874 1570 τῶν
914 1520 1095 1587 φίλων
1139 1527 1251 1570 τῶν
1298 1517 1443 1585 ἐμῶν
1489 1516 1700 1569 ἅπαντα
1738 1517 1836 1569 τὸν
1862 1538 1903 1569 15

147 1607 349 1674 χρόνον
402 1605 559 1674 ἠξίου
615 1609 937 1673 νομίζεσθαι
991 1607 1080 1659 καὶ
1122 1612 1178 1658 εἴ
1208 1605 1283 1678 τῴ
1327 1625 1388 1673 γε
1436 1603 1601 1674 ἧττον
1631 1603 1835 1672 ἐτέρου

149 1695 357 1762 δοκοίη,
398 1696 554 1748 δεινὰ
593 1697 825 1764 πάσχειν
864 1698 1067 1764 ἔφασκε
1118 1694 1210 1747 καὶ
1250 1695 1579 1747 ἀδικεῖσθαι.
1655 1692 1742 1746 καὶ
1783 1697 1841 1745 τί

150 1782 235 1835 δεῖ·
280 1785 347 1836 τὰ
398 1785 574 1837 πολλὰ
628 1783 833 1852 λέγειν;
887 1793 1002 1846 τοῖς
1056 1785 1160 1852 γὰρ
1217 1784 1488 1836 εἰσιοῦσιν
1541 1783 1614 1844 ὡς
1668 1782 1837 1835 αὐτὸν

149 1870 313 1924 ὁπότε
350 1871 636 1940 ἀσθενοίη,
677 1870 747 1942 ἦν
786 1873 924 1942 ὁρᾶν
964 1874 1147 1926 εἰκόνα
1187 1871 1322 1941 ἐμὴν
1353 1868 1491 1940 ὑπὲρ
1524 1879 1619 1938 τῆς
1650 1874 1838 1939 κλίνης

150 1960 320 2013 αὐτοῦ
361 1959 452 2013 καὶ
492 1961 858 2030 ἐφιλοτιμεῖτο
906 1970 970 2031 τῇ
1010 1969 1135 2031 τιμῇ
1182 1959 1272 2013 καὶ
1312 1961 1380 2013 οὐ
1419 1958 1567 2013 τοῦτ’
1597 1957 1837 2028 ἔφασκεν
1861 1980 1904 2010 2³0

151 2044 292 2101 εἶναι
330 2052 675 2118 θαυμαστόν,
716 2052 763 2103 εἰ
804 2051 969 2112 αὐτὸς
1005 2053 1135 2119 ἔχοι,
1175 2049 1313 2102 ἀλλά
1343 2049 1404 2101 τὸ
1437 2049 1509 2116 μὴ
1541 2048 1630 2100 καὶ
1661 2047 1838 2100 πάντα

150 2137 248 2190 τὸν
304 2136 329 2207 Ι
369 2137 514 2205 ἐμῶν
574 2138 701 2207 περὶ
763 2139 934 2192 αὑτὸν
996 2138 1407 2191 ἀπολελαυκότα
1467 2138 1670 2190 πόνων.
1717 2148 1757 2191 R
1781 2147 1925 2191 112‘28

151 2226 302 2279 ἔστιν
355 2222 460 2279 οὗν
505 2227 650 2290 ὅπως
704 2227 885 2280 ἐκεῖνα
939 2225 1296 2295 πεπεισμένος
1349 2233 1520 2278 ταῦτα
1565 2224 1635 2277 ἂν
1680 2222 1837 2292 ἕδρα;

153 2313 380 2367 οὐκοῦν.
407 2313 739 2384 ἐξελέγχεται
787 2325 1155 2385 συκοφαντῶν
1204 2316 1456 2380 οἰόμενος
1505 2313 1838 2381 παροξυνεῖν
1897 2372 1913 2378 ,-

152 2399 233 2453 ἐπ”
265 2399 358 2470 ἐμὲ
403 2413 515 2457 τῶν
562 2404 880 2458 ἀκουόντων
931 2403 1162 2456 ἕκαστον
1206 2403 1296 2455 καὶ
1342 2404 1538 2455 κοινόν
1582 2402 1706 2454 τινά
1744 2420 1835 2470 μοι
1861 2423 1903 2454 25

274 2597 300 2636 5
333 2593 424 2651 ἔχει
449 2594 518 2637 Re
580 2594 701 2651 ἔχειν
731 2594 838 2637 libri
866 2593 955 2636 edd
1079 2597 1101 2634 7
1136 2591 1201 2635 τὰ
1223 2599 1415 2635 τοιαῦτα
1441 2591 1530 2634 edd
1652 2595 1676 2632 9
1710 2590 1838 2634 ἀσελ-

155 2648 280 2706 γείας
312 2653 474 2709 scripsi
508 2652 610 2696 coll.
637 2669 679 2710 p
702 2657 799 2706 156,
813 2658 867 2696 14
929 2650 1143 2719 ἀσεβείας
1173 2650 1281 2694 libri
1314 2651 1404 2694 cdd
1529 2655 1577 2693 11
1613 2647 1787 2704 μανίαν
1812 2650 1845 2691 Ι
1919 2665 1924 2670 ·

155 2709 237 2752 sed
261 2726 287 2754 ν
312 2711 388 2754 dcl
410 2712 481 2754 m³
603 2718 656 2755 12
690 2712 811 2768 ἔλεγε
836 2710 1009 2755 inserui
1133 2714 1186 2754 13
1216 2710 1358 2754 αὐτὸν
1386 2710 1426 2751 V
1544 2714 1598 2751 14
1630 2707 1684 2751 σύ
1689 2723 1838 2764 ynsw-

153 2765 230 2810 ταί
262 2770 426 2827 scripsi
498 2778 674 2815 κεῖνται
704 2771 814 2814 libri
838 2770 930 2814 edd
1067 2774 1120 2812 16
1152 2766 1316 2836 ἠξίουν
1347 2769 1480 2825 Bong
1506 2770 1512 2822 1
1539 2765 1685 2823 ἥττων
1718 2768 1798 2810 AI
1803 2767 1845 2810 V

155 2826 292 2898 Bo'ng
407 2833 462 2873 18
494 2830 638 2874 αὑτὸν
661 2830 730 2873 Re
852 2833 908 2872 20
940 2829 1084 2872 αὐτοῦ
1116 2827 1280 2884 scripsi
1342 2827 1467 2885 αὐτῷ
1498 2825 1606 2869 libri
1631 2825 1722 2869 edd
1748 2830 1755 2875 Ι
1782 2825 1838 2868 οὐ

156 2885 300 2940 μόνον
332 2888 387 2931 οὗ
417 2891 526 2944 post
555 2889 636 2932 καὶ
667 2890 728 2956 (2)
768 2888 817 2931 in
841 2901 975 2944 marg
1004 2887 1129 2931 inser
1155 2887 1212 2931 0⁸
1392 2873 1449 2928 22’
1491 2884 1635 2928 αὐτὸν
1659 2883 1788 2928 A1V

157 2948 213 2986 24
230 2946 517 3001 παροξυνεῖν
541 2948 705 3004 scripsi
729 2961 835 2991 cum
853 2946 1026 2990 Cobeto
1044 2944 1156 2989 Coll
1170 2949 1252 2988 129
1315 2944 1594 2998 παροξύνειν
1617 2942 1726 2987 libri
1749 2942 1838 2986 edd
