1992 3094
447 119 675 164 LIBANII
709 119 931 164 ORATIO
964 120 1082 164 PRO
1115 120 1499 166 RHETORIBUS
1707 123 1808 175 139

233 256 317 313 29.
380 252 652 326 Μιᾷμὲν
699 256 846 324 αἰτίᾳ
892 256 1059 325 ταύτῃ
1099 256 1199 309 τὸν
1243 259 1471 325 μισθόν,
1522 254 1564 310 ὦ
1612 258 1809 325 ἄνδρες

120 349 360 413 πολῖται,
409 343 613 412 συνέβη
662 352 778 406 τοῖς
825 343 1145 412 ἀνθρώποις
1191 346 1408 409 τούτοις
1451 345 1807 413 ἀπολωλέναι,

121 433 275 504 ἑτέρα
321 433 383 487 δὲ
422 433 593 486 αὐτὸν
643 433 745 486 οὐκ
787 432 1012 501 ἀφῆκεν
1065 434 1244 503 ὥσπερ
1292 436 1564 504 πρότερον
1609 443 1811 503 χωρεῖν.

118 527 301 595 πολλῷ
345 521 640 591 βιαιοτέρα.
716 531 828 574 τῶν
874 523 990 590 γὰρ’
1034 527 1203 575 οἴκων
1252 531 1363 576 τῶν
1417 523 1521 575 ἀπὸ
1568 529 1805 577 παλαιοῦ

120 617 381 681 λαμπρῶν
421 606 500 664 ὧν
537 607 607 678 ἦν
657 611 746 663 καὶ
787 611 846 663 τὸ
898 611 1262 663 παιδεύεσθαι
1314 610 1404 664 καὶ
1454 612 1515 664 τὸ
1567 613 1804 679 διδόναι,
1852 635 1871 667 5

118 700 418 770 πτωχεύειν
480 698 536 752 ὁ,
564 699 754 767 καιρὸς
816 698 917 752 οὐκ
972 698 1194 767 ὀλίγους
1248 699 1555 767 ἀναγκάσας
1616 704 1806 768 λαβεῖν

117 787 218 859 μὲν
262 798 392 842 τῶν
421 790 602 856 λόγων
649 788 750 840 οὐκ
799 787 1090 856 ἐκώλυσεν,
1142 793 1220 850 εἰς
1275 789 1335 841 δὲ
1388 794 1597 855 μισθοῦ
1645 790 1804 842 δόσιν

118 877 427 940 ἀδυνάτους
480 875 717 945 ἐποίησε.
794 877 1012 939 πάντως
1067 877 1128 930 δὲ
1182 876 1366 940 οὐδεὶς
1428 877 1616 946 ἀγνοεῖ
1676 881 1804 941 τοὺς

116 964 216 1034 μὲν
268 964 322 1030 ἐξ
387 965 628 1030 ἐνδόξων
689 965 1024 1034 γενομένους
1084 967 1150 1018 τὰ
1211 965 1395 1019 αὑτῶν
1445 969 1802 1035 πεπρακότας,

115 1057 244 1118 τοὺς
283 1052 343 1108 δὲ
378 1054 437 1119 ,ἐξ
471 1054 779 1124 ἀνωνύμων
809 1056 875 1108 τὰ
911 1053 1124 1108 ’κείνων
1155 1053 1514 1124 ἐωνημένους.
1583 1056 1668 1109 30.
1708 1064 1803 1124 τῆς
1828 1078 1870 1110 ιο

115 1140 218 1198 οὖν
254 1142 379 1215 περὶ
419 1130 654 1197 ἕκαστον
692 1138 848 1197 οἷκον
887 1143 1111 1213 ἀτυχίας
1150 1146 1551 1212 κεκοινώνηκεν
1582 1145 1610 1198 ὁ
1649 1145 1802 1197 διδά-

114 1237 325 1297 σκαλος.
401 1234 582 1301 ὥσπερ
634 1233 757 1303 γάρ,
812 1238 965 1302 εἴπερ
1012 1231 1339 1300 ἐπλούτουν,
1395 1232 1664 1286 ἀπέλαυεν
1715 1235 1800 1301 ἄν,

114 1322 287 1385 οὕτως
324 1321 689 1390 ἀπορούντων
728 1321 939 1390 ἀνάγκη
978 1330 1181 1391 προῖκα
1220 1330 1484 1375 συνεῖναι.
1535 1323 1541 1390 Ι
1591 1314 1647 1374 εἴ
1684 1334 1887 1378 RH217

112 1411 213 1480 μὲν
251 1406 354 1464 οὖν
392 1413 494 1480 τὴν
547 1413 886 1481 χρηστότητα
932 1420 1043 1464 τῶν
1088 1411 1401 1464 παιδευτῶν
1440 1410 1500 1464 έν
1544 1416 1620 1482 τῷ
1665 1414 1800 1480 πλή-

112 1504 205 1553 θει
254 1509 366 1553 τῶν
415 1499 835 1569 παιδευομένων
881 1499 1024 1564 ἀξιοῖ
1079 1519 1162 1562 τις
1221 1499 1375 1570 ὁρᾶν,
1428 1500 1670 1568 μεγάλην
1728 1500 1801 1562 ὡς
1825 1521 1865 1553 15

113 1587 334 1658 ἀληθῶς
379 1589 620 1659 εὑρήσει·
677 1598 905 1658 σημεῖον
952 1589 1014 1642 δὲ
1058 1589 1390 1658 ποιούμενος
1435 1588 1535 1641 τὸν
1587 1589 1800 1640 τούτων

112 1676 354 1746 ἀριθμὸν
405 1686 501 1746 τῆς
554 1677 783 1731 ἐκείνων
835 1681 1158 1747 περιουσίας
1213 1677 1314 1731 οὐκ
1367 1677 1552 1747 ὀρθῶς
1605 1680 1797 1745 κρίνει.

112 1765 197 1818 31.
251 1767 340 1819 καὶ
387 1770 445 1820 τί
490 1767 576 1820 δεῖ
628 1767 753 1836 περὶ
779 1768 1012 1820 τούτων
1066 1766 1298 1831 εἰκάζειν
1343 1764 1469 1829 ἐξὸν
1514 1764 1596 1819 ἐπ’
1627 1766 1800 1834 αὐτὴν

111 1853 350 1909 ἐλθόντα
393 1857 494 1925 τὴν
533 1854 779 1920 ἐξέτασιν
827 1858 1097 1925 καθαρόν,
1149 1855 1223 1917 ὡς
1274 1851 1410 1924 ἔχει,
1463 1855 1523 1907 τὸ
1576 1862 1798 1924 πρᾶγμα

111 1949 335 2012 μαθεῖν;
389 1945 660 1998 εἰσελθὼν
700 1945 805 2013 γὰρ
854 1945 883 1998 ὁ
924 1946 1162 2013 νομίζων
1206 1944 1271 1996 τὰ
1317 1944 1463 2012 παρὰ
1506 1952 1617 1996 τῶν
1656 1941 1798 1995 νέων
1821 1962 1864 1994 20

109 2033 314 2100 μεγάλα
352 2035 589 2096 καθίσας
628 2033 799 2087 αὑτὸν
851 2034 998 2102 παρὰ
1045 2033 1143 2086 τὸν
1188 2034 1402 2101 θρόνον
1448 2035 1631 2084 καλῶν
1676 2030 1797 2084 ἕκα-

112 2124 244 2174 στον
296 2121 702 2190 πυνθανέσθω,
757 2123 838 2184 τίς
887 2122 915 2175 ὁ
962 2119 1090 2190 παρ’
1129 2121 1299 2174 αὐτοῦ
1353 2122 1567 2189 μισθός.
1645 2113 1792 2185 οἶμαι

111 2210 214 2279 γὰρ
253 2211 398 2279 πλὴν
437 2210 643 2280 ὀλίγων
685 2211 884 2280 κομιδῆ
930 2212 1060 2272 τοὺς
1099 2210 1325 2277 ἄλλους,
1379 2210 1431 2261 εἰ
1474 2216 1663 2276 γνοῖεν
1701 2205 1786 2275 ἐφ’

111 2291 154 2369 ᾧ
185 2302 500 2367 καλοῦνται,
554 2300 865 2369 φεύγοντας
911 2299 1142 2367 ὅποιπερ
1183 2296 1253 2350 ἂν
1292 2295 1380 2366 ἐξῇ
1420 2297 1792 2349 καταδύεσθαι

195 2551 197 2554 ·
232 2538 253 2576 1
288 2531 373 2577 οὖν
404 2533 527 2578 inter
558 2533 641 2591 μὲν
673 2536 721 2578 et
752 2531 880 2595 αἰτίᾳ
912 2532 1003 2576 edd
1066 2531 1218 2576 delevi
1270 2534 1274 2587 Ι
1325 2531 1376 2574 τὸ
1406 2531 1488 2574 Mo
1640 2535 1664 2571 2
1697 2536 1793 2579 τοῖς

108 2589 381 2646 ἀνθρώποις
411 2607 486 2637 om
510 2595 646 2637 Patm
674 2593 679 2651 Ι
707 2593 900 2644 τούτους
931 2594 1065 2636 Palm
1100 2591 1180 2634 sed
1205 2607 1259 2647 γρ
1283 2590 1465 2640 τούτοις
1495 2590 1543 2631 iu
1568 2601 1701 2644 marg
1723 2588 1793 2630 ω’

170 2654 193 2692 7
227 2651 450 2696 ἐκώλυσεν
481 2653 516 2695 Ι
540 2652 622 2696 sed
653 2669 681 2696 ν
712 2652 805 2696 add
829 2651 900 2695 m8
1031 2655 1083 2693 10
1116 2647 1163 2695 δ’
1191 2650 1258 2692 Re
1286 2652 1292 2705 Ι
1319 2646 1544 2692 τάκείνων
1571 2649 1615 2691 Β
1642 2650 1647 2700 Ι
1677 2645 1792 2691 ἐκεί-

109 2723 203 2752 νων
234 2709 446 2755 Monnier
570 2717 620 2755 11
656 2708 741 2755 οὖν
774 2725 849 2754 om
875 2710 975 2753 Mor
1002 2710 1007 2767 ξ
1037 2706 1168 2753 οἷκον
1200 2709 1246 2751 in
1272 2721 1405 2775 ωριτε
1427 2709 1471 2751 A
1596 2711 1647 2748 15
1680 2721 1788 2748 num

109 2774 310 2822 φωρᾶνὶ)
449 2774 500 2813 17
534 2777 684 2826 κρινεῖ
715 2770 858 2814 Cobet
883 2768 994 2812 0011.
1018 2774 1115 2821 128,
1148 2770 1198 2811 at
1228 2769 1499 2810 varlatloms
1530 2767 1789 2821 temporum

109 2870 343 2918 studiosus
366 2872 588 2916 Libanius
714 2878 765 2917 19
799 2846 1015 2926 namcpgv
1040 2874 1083 2916 A
1205 2875 1259 2913 22
1293 2870 1446 2914 αὐτῶν
1482 2869 1524 2912 V
1638 2872 1693 2910 ‘24
1726 2865 1790 2910 ὧν

111 2928 194 2973 Mo
221 2930 228 2988 Ι
255 2928 434 2988 ὅπῃπερ
463 2933 505 2975 V
