1992 3094
263 775 495 836 ΥΠΕΡ
551 774 899 837 ΕΑΤΤΟΤ
951 774 1098 835 ΔΙΑ
1160 775 1343 836 ΤΗΝ
1396 773 1629 836 ΠΡΟΣ

410 878 864 941 ANTIOXON
908 877 1481 940 ΣΤΝΗΓΟΡΙΑΝ.

217 1027 261 1078 1.
327 1027 396 1078 Οἱ
448 1025 550 1095 μὲν
603 1024 878 1094 βέλτιστοι
931 1034 1043 1078 τῶν
1093 1024 1154 1079 ἐν
1207 1033 1271 1096 τῇ
1326 1027 1484 1078 πόλει
1537 1026 1626 1078 καὶ
1671 1037 1779 1081 RII
1798 1041 1883 1081 327

103 1117 328 1183 φθόνου
367 1114 965 1184 πλεῖστον’ἆπέχοντες
1011 1114 1116 1168 κάν
1154 1123 1272 1177 ταῖς
1313 1115 1390 1177 εἰς
1430 1114 1603 1183 αὐτὴν
1642 1114 1794 1182 εὐερ-

104 1206 312 1272 γεσίαις
371 1212 487 1267 τοῖς
546 1202 590 1256 τ’
632 1199 694 1256 εὖ
755 1205 1064 1257 πεπονθόσι
1134 1204 1224 1256 καὶ
1286 1211 1402 1266 τοῖς
1469 1204 1794 1271 πεποιηκόσι
1841 1223 1861 1256 5

103 1294 495 1363 συγχαίροντες
533 1291 823 1346 ἐπαινοῦσι
873 1294 974 1362 τὴν
1013 1292 1386 1360 γεγενημένην
1425 1290 1518 1344 ὑπ’
1551 1290 1687 1361 ἐμοῦ
1725 1297 1800 1363 τῷ

103 1388 365 1453 σιτοποιῷ
403 1384 674 1450 βοήθειαν
712 1379 803 1434 καὶ
842 1383 903 1434 τό
942 1401 1000 1434 τε
1040 1382 1259 1434 δίκαιον
1305 1379 1451 1450 ἔχειν
1491 1381 1664 1449 αὐτὴν
1702 1380 1794 1433 καὶ

103 1471 164 1523 τὸ
219 1479 379 1542 κοινῇ
427 1470 716 1541 συμφέρον
771 1469 1162 1539 ὁμολογοῦσιν,
1218 1471 1270 1523 οἰ
1318 1468 1367 1522 δ’
1399 1469 1583 1522 αὑτῶν
1627 1469 1794 1538 ἡγού-

102 1578 258 1628 μενοι
297 1561 507 1628 ζημίαν,
548 1564 603 1612 εἴ
635 1579 688 1612 τι
729 1558 946 1626 δόξαιμι
984 1558 1341 1628 πεποιηκέναι
1392 1559 1649 1627 χρηστόν,
1695 1575 1793 1610 πο-

103 1650 275 1718 νηρόν
334 1667 392 1701 τε
446 1642 590 1701 εἶναι
642 1649 703 1701 τὸ
758 1647 1145 1718 πεπραγμένον
1207 1648 1343 1717 φασὶ
1398 1648 1488 1700 καὶ
1543 1653 1792 1716 πονηροῦ
1818 1667 1863 1699 10

103 1739 312 1807 τρόπου
362 1745 604 1806 σημεῖον.
683 1735 788 1806 ἐγὼ
842 1734 903 1790 δὲ
954 1736 1114 1790 ἕνεκα
1164 1733 1267 1804 μὲν
1314 1744 1413 1790 τοῦ
1460 1745 1572 1788 τῶν
1611 1735 1794 1788 τοιού-

103 1845 212 1878 των
254 1823 268 1897 ]
317 1825 635 1895 ἀνθρώπων
672 1833 1047 1896 καταφρονεῖν
1099 1824 1305 1878 οὐδένα
1343 1823 1414 1878 ἂν
1453 1823 1634 1893 ἑποιη-
1673 1835 1885 1879 RH328

224 1957 260 2002 Ο
370 1978 426 1993 --
453 1955 609 2000 Codex
641 1954 888 2000 Chisianus

222 2019 266 2060 A
374 2038 426 2052 -—-
452 2015 746 2060 Monacensis
778 2031 844 2072 gr.
872 2020 958 2059 483
991 2015 1333 2072 (Augustanus)

221 2076 268 2118 P
376 2097 431 2112 =
456 2074 701 2119 Palatinus
733 2090 801 2133 gr.
827 2079 912 2119 282

232 2135 300 2179 Va
379 2157 434 2171 =
458 2134 717 2178 Vabicanus
748 2149 815 2192 gr.
839 2139 893 2178 81

222 2195 267 2238 Β
374 2216 426 2230 --
454 2193 736 2237 Barberinus
766 2193 810 2237 II
836 2198 890 2236 41

222 2253 285 2296 M
373 2275 428 2289 =
452 2252 719 2296 Marcianus
751 2268 819 2311 gr.
845 2256 931 2296 437

223 2312 268 2356 V
373 2334 428 2348 =
454 2311 830 2356 Vindobonensis
861 2310 975 2368 phil.
1001 2326 1068 2369 gr.
1094 2309 1237 2354 XCIII

232 2372 277 2416 U
373 2393 428 2408 =
454 2370 656 2414 Urbinas
688 2386 755 2428 gr.
784 2376 867 2415 126

222 2430 257 2473 Ι
374 2453 429 2467 =
455 2430 722 2474 Marcianus
755 2430 954 2486 append.
981 2428 1080 2473 XCI
1098 2434 1122 2472 2

223 2491 307 2534 Mo
377 2512 432 2526 =
465 2489 757 2533 Monacensis
789 2504 855 2546 gr.
884 2493 965 2532 101

225 2547 359 2605 Bong
383 2570 438 2585 =
465 2548 608 2592 editio
640 2547 1059 2605 Bongiovanniana

227 2670 249 2708 1
287 2666 435 2721 “Tubu
468 2693 522 2698 —
557 2671 582 2709 2
617 2664 920 2724 συνηγορίαν]
954 2664 1072 2709 κατὰ
1114 2671 1205 2709 τῶν
1237 2662 1634 2708 πλεονεκτούντων
1695 2660 1789 2719 λόγ.

107 2726 154 2790 a}
177 2737 336 2783 Macar
364 2738 444 2783 fol.
465 2743 520 2783 90
581 2739 655 2784 w
683 2742 792 2784 ante
818 2737 953 2794 Ὑπὲρ
977 2740 1037 2793 Α,
1069 2740 1178 2794 post
1210 2734 1491 2795 συνηγορίαν
1520 2737 1567 2790 C,
1598 2735 1653 2791 λή
1683 2737 1794 2808 post

107 2795 388 2854 συνηγορίαν
412 2798 496 2854 Va,
526 2797 662 2855 λόγος
691 2796 960 2854 τριακοστός
993 2797 1165 2842 Vrubr
1191 2799 1197 2853 Ι
1226 2797 1370 2840 αὐτοῦ
1405 2796 1448 2840 V
1466 2853 1475 2862 .
1562 2800 1587 2838 6
1621 2795 1684 2838 ὑπ
1739 2809 1790 2837 m

107 2856 400 2959 ssszffgllff
430 2871 507 2902 om
530 2857 662 2914 Bong
783 2861 809 2900 8
843 2857 893 2901 δὲ
926 2857 994 2901 Re
1022 2858 1028 2914 Ι
1056 2856 1211 2899 αὐτῶν
1237 2857 1282 2900 Ρ
1312 2855 1391 2899 sed
1413 2851 1426 2867 ’
1462 2869 1512 2897 m
1537 2851 1547 2868 ‘
1582 2867 1682 2897 corr
1704 2853 1791 2908 m2,

154 2928 184 2958 a
381 2930 406 2960 o
