1992 3094
485 115 713 160 LIBANII
745 115 970 161 ORATIO
1002 116 1120 162 PRO
1152 116 1484 162 THALASSIO
1724 117 1833 170 313

138 252 238 306 τὸν
275 251 418 305 υἱόν.
495 254 554 304 οἳ
587 252 678 305 καὶ
717 252 817 305 τὸν
848 253 1098 322 γεωργὸν
1128 254 1229 306 τὸν
1259 254 1622 323 περιτυχόντα
1652 272 1710 305 τε
1740 252 1831 306 καὶ

138 340 472 410 ἀνελόμενον
495 338 585 393 καὶ
618 344 920 408 κομίσαντα
947 350 1131 405 κεναῖς
1154 350 1271 405 ταῖς
1295 343 1484 411 χερσὶν
1508 341 1833 409 ἀπέπεμψαν

138 431 305 499 ἔργον
328 427 537 498 ἐχθρὸν
561 428 779 492 ἑαυτοῖς
804 429 1159 499 πεποιηκέναι
1191 432 1504 500 νομίζοντες
1536 432 1832 500 συμφορὰν

138 516 480 582 ἐξελθοῦσαν
508 513 676 581 αὖθις
700 519 1081 587 εἰσαγαγόντα.
1146 520 1229 572 12.
1271 519 1299 573 ὁ
1334 518 1384 571 δ’
1407 519 1554 589 ὁρῶν
1585 519 1832 589 ἀδελφὸν

136 607 514 677 πρεσβύτερον
545 606 908 677 ἀγαπώμενον
940 609 1033 661 διὰ
1068 609 1169 677 τὴν
1199 609 1324 678 περὶ
1355 609 1534 661 πάντα
1564 609 1631 662 τὰ
1661 622 1829 677 προσ·
1876 627 1897 660 5

135 697 340 764 η’κοντα
392 699 720 766 προθυμίαν
773 695 864 749 καὶ
918 697 1404 766 θεραπευομένους
1453 697 1638 767 εὐχαῖς
1690 694 1829 766 ὑπὲρ

138 785 311 838 αὐτοῦ
357 786 488 847 τοὺς
533 787 705 848 θεοὺς
750 794 879 848 παῖς
924 783 996 839 ἔτ’
1036 787 1115 839 ὢν
1160 785 1422 855 ἐτόλμησε
1470 786 1667 855 μάγοις
1713 787 1830 839 δια·

138 877 406 943 λεχθῆναι
455 874 547 926 καὶ
596 873 876 942 τάδελφοῦ
927 875 1025 927 τὸν
1073 875 1325 928 θάνατον
1373 875 1592 943 αἰτῆσαι
1644 873 1771 944 παρ’
1821 872 1825 945 Ι

136 962 309 1016 αὐτοῦ
341 969 441 1016 τοῦ
473 963 726 1015 θανάτου
757 963 857 1016 τὸν
886 964 1095 1030 μισθὸν
1120 964 1309 1027 αὐτοῖς
1331 962 1483 1032 ἥξειν
1506 962 1683 1031 λέγων
1712 976 1755 1019 Β,
1774 975 1815 1019 Π
1833 978 1918 1018 395

136 1050 228 1104 καὶ
265 1052 327 1105 τὸ
367 1052 439 1121 μὴ
481 1052 763 1105 δύνασθαι
803 1053 1002 1106 δοῦναι
1043 1059 1117 1125 τῷ
1153 1054 1388 1122 φάσκειν
1427 1053 1630 1106 δώσειν
1669 1051 1830 1106 έπαν-
1854 1072 1897 1105 10

137 1146 343 1210 ορθῶν.
429 1140 598 1203 ἁλοὺς
649 1141 711 1194 δὲ
761 1149 991 1194 τοιαῦτα
1036 1140 1414 1209 ἐπιβουλεύων
1462 1142 1560 1194 τὸν
1610 1140 1830 1209 ἐπιβου-

137 1228 410 1283 λευθέντα
448 1231 668 1298 βοηθὸν
708 1231 895 1298 λαβὼν
931 1239 996 1301 τῇ
1045 1231 1211 1299 φύσει
1249 1230 1456 1298 ταύτην
1494 1229 1709 1283 ἐκείνου
1750 1231 1829 1283 δι-

137 1319 334 1381 δόντος
372 1319 475 1387 τὴν
504 1319 667 1388 χάριν
698 1318 924 1388 ἀφείθη.
992 1318 1083 1372 καὶ
1122 1320 1321 1387 μικρὸν
1351 1319 1604 1386 ὕστερον,
1644 1312 1733 1371 οἷα
1764 1320 1830 1371 τὰ

135 1414 232 1475 τῆς
268 1407 452 1476 τύχης,
493 1407 751 1476 ἀπῆλθον
782 1408 812 1461 ὅ
845 1428 903 1461 τε
939 1409 1119 1471 σώσας
1149 1409 1247 1461 τὸν
1279 1407 1598 1461 ἀποκτεῖναι
1629 1409 1829 1476 βουλη-

135 1495 310 1550 θέντα
355 1494 446 1549 καὶ
494 1497 547 1549 οἱ
596 1506 794 1566 γονεῖς.
875 1498 957 1550 13.
1011 1498 1200 1560 θάψας
1246 1493 1306 1549 δὲ
1355 1491 1518 1559 οὗτος
1564 1496 1828 1561 ἀδακρυτὶ
1855 1515 1897 1547 1⁵

135 1587 267 1648 τοὺς
306 1594 490 1655 γονεῖς
527 1584 618 1638 καὶ
659 1588 956 1655 γενόμενος
987 1594 1083 1655 τῆς
1118 1586 1310 1648 οὐσίας
1348 1586 1539 1653 κύριος
1577 1583 1667 1637 καὶ
1706 1603 1828 1638 παι-

74 1680 80 1685 ”
137 1674 294 1727 δείαν
333 1674 533 1743 φυγὼν
569 1673 662 1728 καὶ
701 1675 1101 1743 πονηροτάτοις
1139 1677 1319 1739 συζῶν
1360 1673 1670 1726 κάντεῦθεν
1708 1693 1827 1742 κτη-

137 1763 370 1830 σάμενος
399 1764 462 1816 τὸ
495 1761 671 1832 μηδὲν
703 1765 1070 1833 αἰσχύνεσθαι
1109 1764 1472 1832 προσπίπτων
1510 1761 1831 1830 ἀνθρώποις

136 1851 531 1922 πρεσβυτέροις
559 1851 650 1906 καὶ
681 1854 1064 1922 μεμαθηκόσιν
1092 1850 1367 1922 ἐρυθριᾶν
1390 1851 1479 1904 καὶ
1513 1852 1831 1917 νομίζουσιν

136 1941 366 2009 αἰσχρὸν
402 1942 499 2003 τὰς
536 1942 674 2011 πρὸς
711 1950 914 1995 τοῦτον
950 1942 1125 2010 μάχας
1161 1941 1258 1993 τὸν
1297 1939 1482 2006 οὐδέν,
1523 1940 1625 1992 οὐκ
1663 1937 1831 2008 ἔργον
1855 1958 1898 1989 80

138 2027 191 2091 ἐξ
241 2027 467 2098 ἀγορᾶς,
516 2030 582 2083 οὐ
631 2030 775 2099 ῥῆμα
819 2029 1176 2097 ἀπαίδευτον,
1224 2028 1291 2082 οὐ
1339 2029 1439 2096 τὴν
1485 2026 1547 2080 ἐν
1584 2037 1700 2091 τοῖς
1738 2030 1830 2081 ἅλ-

137 2119 255 2180 λοις
293 2117 685 2187 ἀσχημοσύνην
724 2119 1020 2187 ὀκνοῦντα,
1063 2116 1532 2187 βορβοροτάραξιν
1578 2116 1830 2186 ἀτεχνῶς,

136 2213 308 2259 ταῦτα
338 2209 534 2260 τοίνυν
564 2206 763 2276 ἐφόδια
797 2208 982 2275 λαβὼν
1013 2208 1091 2269 εἰς
1121 2205 1407 2258 ἀναίδειαν
1439 2207 1567 2268 τοὺς
1591 2207 1831 2268 πολλοὺς

136 2296 647 2365 καταστρεψάμενος
705 2295 778 2350 δι’
824 2297 1043 2366 ὕβρεων
1096 2298 1341 2363 γίγνεται
1396 2296 1648 2363 φοβερός.
1740 2292 1830 2345 καὶ

256 2504 311 2543 22
343 2501 420 2543 Ar.
446 2499 530 2557 Eq.
558 2505 643 2544 309
677 2515 782 2544 cum
813 2499 989 2545 scholio

255 2695 281 2733 2
313 2690 600 2749 ἀπέπεμψαν
631 2694 678 2737 Ρ
706 2693 787 2736 sed
819 2709 878 2735 αν
909 2691 958 2734 in
989 2705 1064 2735 ras
1095 2691 1166 2734 111³
1335 2695 1361 2734 3
1395 2691 1578 2748 ἐχθρῶν
1611 2690 1722 2734 ΒΜ
1749 2689 1830 2732 sed

137 2747 187 2822 {n
216 2748 306 2793 hoc
335 2767 391 2807 γρ
420 2751 596 2808 ἐχθρὸν
623 2751 672 2794 in
696 2765 831 2808 marg
853 2750 924 2793 ω’
951 2753 956 2806 Ι
986 2751 1145 2802 αὐτοῖς
1167 2750 1210 2792 V
1327 2755 1354 2793 4
1386 2746 1710 2821 εἰσαγαγᾴντες
1741 2748 1786 2791 Β
1821 2750 1825 2788 1

139 2824 163 2852 ο
189 2809 283 2852 ΔΡ
340 2807 366 2853 ὅ
388 2810 581 2855 IBMV
598 2810 733 2867 Bong
856 2814 879 2853 7
906 2809 971 2854 ἔτι
995 2811 1030 2854 Ι
1139 2814 1191 2852 11
1217 2807 1358 2859 ἁλοὺς
1381 2809 1428 2852 Ρ
1448 2808 1529 2852 sed
1590 2822 1638 2850 1n
1662 2820 1738 2850 ras
1762 2806 1832 2850 m²

201 2871 254 2910 16
280 2865 412 2918 ὁσίας
436 2869 505 2912 Va
613 2873 667 2913 18
692 2866 997 2923 προσπίπτων
1020 2869 1056 2911 Ι
1074 2868 1155 2911 sed
1181 2882 1207 2911 σ
1230 2868 1279 2910 in
1303 2880 1379 2911 ras
1402 2867 1472 2910 ω’
1574 2870 1629 2908 24
1655 2863 1831 2923 γίνεται

137 2924 279 2969 IBM
285 2926 329 2970 V
345 2926 479 2983 Bong
