1992 3094
166 100 273 151 442
659 99 887 142 LIBANII
918 98 1142 143 ORATIO
1175 99 1363 143 XLVIII

276 236 361 286 28.
418 233 570 287 ‘''Hxoe
627 235 687 287 δὲ
738 233 819 286 ἐπ’
867 235 1037 288 αὐτὸν
1087 236 1191 303 ἤδη
1246 235 1344 287 τὸν
1397 238 1691 302 κολοφῶνα
1742 245 1854 288 τῶν

166 333 361 376 κακῶν.
425 325 477 376 οἱ
510 325 612 392 γὰρ
639 324 730 375 διὰ
762 324 862 391 τὴν
895 322 1198 391 γενομένην
1230 323 1416 386 αὐτοῖς
1441 321 1528 376 ἐπὶ
1560 325 1626 376 τὰ
1657 326 1852 392 βελτίω

165 413 469 479 μεταβολὴν
507 412 786 479 τοῦδαφός
825 431 883 464 τε
928 419 1023 479 τῆς
1068 413 1277 474 πόλεως
1319 421 1660 482 προσκυνεῖν
1698 414 1856 476 ὄντες

167 502 369 553 δίκαιοι
416 501 506 552 καὶ
551 502 903 567 πανταχόθεν
949 501 1107 568 μείζω
1162 501 1227 552 τὰ
1281 501 1482 568 ταύτης
1527 511 1710 554 ποιεῖν
1763 500 1852 554 καὶ

123 609 141 641 5
166 590 230 641 τὰ
268 586 369 655 μὲν
400 591 533 641 ὄντα
567 589 734 658 μικρὰ
768 589 1065 657 διατηρεῖν,
1104 594 1406 658 πειρᾶσθαι
1447 589 1508 642 δὲ
1545 591 1611 642 τὰ
1644 589 1856 644 ἀπόντα

165 683 545 746 προσκτᾶσθαι
592 675 680 729 καὶ
727 676 866 744 μηδὲ
913 685 1012 730 τοῦ
1045 675 1351 746 Ἐρεχθέως
1391 676 1451 732 ἐν
1499 679 1709 747 ὁμοίοις
1750 681 1853 731 λείᾳ

165 770 367 817 πεσθαι
399 773 609 833 καιροῖς
641 765 797 817 αὐτοὶ
830 766 1135 832 σύμβουλοι
1175 769 1501 834 βουλευταῖς
1532 767 1856 835 γεγένηνται

76 866 178 908 RII
195 871 279 910 542
311 853 543 919 πέμπειν
583 855 660 916 εἰς
694 852 901 922 Ῥώμην
939 856 1068 916 τοὺς
1107 853 1332 907 ἑαυτῶν.
1410 857 1463 908 οἱ
1503 853 1563 908 δὲ
1603 858 1682 918 εἰς
1716 855 1722 927 Ι
1757 858 1857 910 τὸν

165 941 356 1010 λιμένα
387 942 693 1010 κατέβησαν
725 943 969 1010 εἰδότων,
1001 945 1443 1013 παραινούντων,
1474 946 1856 1013 παρακαλούν-

100 1052 142 1083 10
166 1050 291 1098 των,
327 1029 722 1098 ἐπαινούντων,
759 1036 886 1093 ἴσως
921 1051 973 1083 τι
1013 1032 1103 1084 καὶ
1135 1031 1554 1101 προστιθέντων
1586 1033 1857 1103 ἀργύριον

166 1125 238 1191 τῷ
279 1120 424 1188 παρὰ
473 1129 583 1172 τῶν
630 1118 855 1187 γονέων.
933 1119 1017 1172 29.
1071 1114 1167 1173 εἶτ’
1209 1119 1449 1190 ἐρωτῶσι
1489 1124 1619 1184 τοὺς
1658 1121 1856 1176 ἐπανα-

165 1207 428 1269 πλέοντας
452 1217 562 1260 τῶν
590 1206 864 1276 ἐμπόρων,
897 1211 948 1261 εἰ
977 1218 1088 1261 τῶν
1113 1211 1442 1276 λαμπόντων
1474 1211 1632 1278 εἰσίν,
1665 1213 1717 1263 εἰ
1744 1221 1857 1264 τῶν

167 1297 629 1363 εὐδοκιμούντων,
663 1298 711 1349 εἰ
744 1299 901 1366 φίλοι
933 1300 1198 1366 γεγόνασί
1226 1311 1423 1367 σφισιν
1449 1300 1500 1351 οἱ
1531 1299 1633 1367 τὴν
1650 1298 1856 1367 Ῥώμην

166 1386 412 1454 ἄγοντες,
469 1387 515 1438 εἰ
571 1384 643 1438 δι’
691 1384 918 1439 ἐκείνων
972 1387 1162 1449 αὐτοῖς
1211 1386 1369 1457 ἀρχαὶ
1417 1389 1668 1456 πλησίον.
1751 1387 1856 1441 κᾶν

99 1495 140 1527 15
167 1474 445 1526 ἀκούσωσί
472 1494 524 1526 τι
556 1483 811 1527 τοιοῦτον
844 1468 968 1529 οἷον
998 1474 1279 1543 βούλοιντ’
1310 1477 1396 1544 ἄν,
1431 1476 1672 1543 εὐθυμία
1694 1475 1857 1545 <καὶ>

165 1564 358 1629 κρότος
389 1564 479 1615 καὶ
511 1566 807 1631 γεγόνασιν
840 1563 1044 1631 ἡδίους.
1115 1563 1219 1617 κᾶν
1257 1558 1291 1636 ᾗ
1331 1566 1504 1632 δῆλον
1539 1565 1744 1633 αὐτοῖς,
1785 1566 1858 1628 ὡς

166 1650 263 1713 οὓς
295 1653 518 1720 ἔχουσιν
552 1651 612 1705 ἐν
643 1660 706 1722 τῇ
740 1656 913 1723 βουλῇ
949 1654 1165 1721 παῖδας,
1208 1652 1295 1706 ὑπ’
1330 1653 1560 1716 ἐκείνοις
1592 1651 1811 1707 ἔσονται
1847 1654 1852 1723 ᾗ

76 1750 117 1793 R
137 1751 280 1794 11543
312 1738 402 1791 καὶ
435 1741 884 1807 θεραπεύσουσιν
918 1743 1057 1804 υἱεῖς
1095 1741 1348 1810 πατέρων
1378 1751 1494 1805 τοῖς
1533 1742 1719 1795 αὑτῶν
1755 1760 1856 1794 πα-

166 1829 323 1896 τράσι
372 1829 836 1898 δεδουλευκότων,
883 1831 1093 1883 θύουσι
1135 1839 1251 1893 τοῖς
1298 1836 1454 1893 θεοῖς
1495 1829 1586 1883 καὶ
1632 1833 1857 1899 συγχαί-

100 1937 142 1969 20
168 1928 364 1982 ρουσιν
404 1917 588 1980 αὑτοῖς
629 1937 686 1970 τε
724 1917 815 1970 καὶ
862 1927 979 1981 τοῖς
1026 1918 1389 1972 ἀπεσταλκόσι
1435 1920 1524 1972 καὶ
1573 1929 1688 1982 τοῖς
1726 1919 1855 1972 ἀπε-

166 2004 487 2072 σταλμένοις
526 2004 614 2058 καὶ
659 2006 885 2074 λέγουσι
933 2008 999 2076 δὴ
1039 2017 1253 2076 σαφῶς,
1301 2008 1373 2070 ὡς
1412 2006 1744 2076 ἐπανήξουσι
1790 2016 1854 2078 τῇ

166 2095 339 2162 βουλῇ
381 2098 624 2163 φοβεροί.
694 2095 779 2147 30.
822 2089 906 2158 οἱς
938 2093 998 2148 δε
1037 2094 1127 2148 καὶ
1167 2096 1473 2166 θυγατέρες
1505 2098 1627 2165 εἰσί,
1668 2111 1855 2150 συνοι-

166 2182 374 2244 κίζουσι
398 2202 517 2277 μεν
524 2183 689 2246 αὐτὰς
714 2185 1085 2254 στρατιώταις,
1113 2184 1380 2254 μέμφεται
1408 2185 1518 2237 δὲ“
1492 2194 1648 2252 υμῶν
1673 2185 1857 2247 οὐδεὶς

286 2315 309 2353 6
336 2312 440 2367 Lyc.
456 2313 612 2357 Leocr
629 2318 827 2369 §98sq.;
817 2314 951 2358 ·.Eur
967 2315 1020 2358 fr.
1038 2319 1200 2370 360sq.
1210 2314 1278 2357 Ν2
1405 2320 1455 2357 11
1482 2314 1611 2359 Dem.
1630 2330 1674 2371 p.
1689 2319 1817 2371 1292,
1829 2321 1854 2358 2

287 2434 307 2471 1
336 2427 379 2474 δ’
403 2430 494 2473 edd
600 2437 625 2474 ὅ
650 2431 707 2474 τὰ
733 2433 794 2489 (1)
819 2446 894 2475 om
918 2433 1051 2490 Bong
1166 2438 1191 2476 6
1204 2432 1277 2501 ,μὴ
1302 2433 1353 2478 δὲ
1378 2432 1488 2476 libri
1602 2438 1628 2476 8
1653 2430 1699 2476 δ’
1727 2434 1796 2477 Re

171 2492 223 2530 10
254 2486 296 2531 τί
332 2489 574 2533 ΟΜΟΑῙΒ
632 2490 637 2548 Ι
695 2492 853 2534 καὶ-
883 2497 933 2534 11
969 2492 1168 2547 ἐρωτῶσι
1199 2492 1250 2535 111
1279 2505 1414 2548 marg
1447 2491 1554 2536 Mo²
1717 2497 1769 2535 11
1802 2493 1854 2536 τὸ

171 2547 399 2590 OMoBM
429 2547 561 2605 Bong
599 2551 604 2604 Ι
644 2546 742 2592 εἶτα
773 2551 914 2594 ΙΒΜ
941 2551 1033 2594 edd
1156 2556 1210 2594 15
1243 2551 1482 2608 βούλοιντο
1516 2551 1696 2595 ΜΟΑΡ
1731 2554 1737 2608 Ι
1777 2553 1856 2595 καὶ

168 2605 339 2648 inserui
463 2611 517 2651 18
540 2608 888 2661 θεραπεύουσιν
923 2610 1143 2653 MoIBM
1175 2610 1309 2666 Bong
1343 2612 1348 2665 Ι
1384 2610 1538 2654 αὑτῶν
1570 2610 1638 2653 Re
1701 2611 1854 2654 αὐτῶν

167 2663 275 2706 libri
306 2665 437 2721 Bong
567 2671 619 2709 19
651 2674 747 2717 τοῖς
778 2681 852 2710 0111
886 2670 996 2712 BM
1022 2669 1156 2724 Bong
1278 2673 1333 2711 20
1367 2669 1526 2718 αυτοῖς
1557 2669 1623 2711 Re
1697 2670 1856 2719 αὐτοῖς

167 2721 274 2764 libri
301 2723 439 2796 ,Bong
589 2731 642 2768 22
678 2724 988 2778 συνοικίζουσι
1021 2727 1234 2801 ssscripsi
1263 2734 1531 2771 συνοικοῦσι
1562 2727 1672 2770 libri
1704 2728 1795 2770 edd

169 2785 223 2822 23
256 2782 400 2833 αὐτὰς
431 2785 728 2837 στρατιώταις
759 2784 925 2841 scripsi
994 2782 1133 2829 αὗται
1165 2787 1463 2841 στρατιώταις
1493 2788 1536 2829 Α
1571 2786 1652 2830 sed
1683 2803 1736 2843 γρ
1770 2787 1853 2830 αὐ-

168 2846 267 2888 ταῖς
299 2848 568 2894 στρατιῶται
592 2843 641 2885 111
665 2856 811 2899 marg,
845 2846 932 2887 [M
964 2845 1055 2886 edd
1117 2846 1281 2894 αὐταῖς
1303 2852 1576 2900 στρατιῶται
1603 2846 1815 2890 CMoPB
1848 2847 1854 2902 Ι

170 2897 322 2948 οὐδεὶς
353 2900 479 2955 ὑμῶν
510 2901 653 2957 (ἡμῶν
685 2902 736 2957 Ι)
769 2903 909 2946 ΙΒΜ
936 2902 1069 2959 Bong
