1992 3094
635 98 976 144 PRAEFATIO
1009 99 1245 146 CRITICA
1684 105 1782 148 LIII

104 237 275 306 ’Σερεύς
351 238 461 286 Vox
498 239 655 302 igitur
700 238 848 302 ἱεροῖς
896 256 995 287 11011
1041 242 1280 289 tentanda
1321 245 1407 290 est.
1485 241 1640 299 Quam
1681 244 1785 291 eius

103 313 216 363 ’loco
253 311 615 360 Herwerdenus
654 315 913 374 proposuit
951 313 1307 380 δικαστηρίοις,
1347 319 1403 363 111
1440 316 1675 365 Polakius
1714 320 1783 364 vi-

98 387 198 449 dit,
236 385 398 435 vorbis
437 385 809 435 succedentibus
848 393 944 435 νῦν
984 384 1036 436 δὲ
1074 387 1164 452 ἔχω
1203 407 1246 436 τι
1286 390 1447 451 μεῖζον
1485 389 1662 451 εἰπεῖν,
1716 389 1787 438 ὅτι
1872 425 1879 430 -

108 458 204 510 καὶ
251 458 504 518 δικάζων
549 459 754 529 πλείστῳ
792 460 948 529 τούτῳ
993 488 1055 495 —·
1098 461 1265 526 ἐχρῆτο
1312 464 1568 510 refutatur.
1646 463 1785 519 Quod

107 550 224 584 vero
262 534 343 581 hic
379 533 572 581 invenit
610 538 855 598 σμικροῖς,
894 551 993 583 11611
1031 536 1189 599 magis
1231 537 1406 598 placet.
1472 536 1601 583 Nam
1638 536 1785 584 Liba-

109 609 220 656 nius
251 622 302 656 se
334 609 582 656 certamen
613 607 743 655 illud
769 608 967 656 urbium
999 609 1269 658 Laodiceae
1301 612 1351 658 et
1381 610 1629 671 Apameae
1659 611 1785 658 iudi-

109 683 336 743 ciumque
374 681 558 729 Iuliani
597 683 742 743 parvi
780 698 877 730 non
917 683 1088 732 fecisse
1129 686 1249 732 satis
1287 684 1538 732 indicavit.

219 772 266 818 p.
301 756 421 817 320,
449 757 479 802 3
520 753 603 803 καὶ
641 755 732 819 τὴν
771 753 987 822 ἁλουργῆ
1027 757 1248 821 χλαμύδα
1288 755 1452 820 φέρων
1492 754 1555 819 ἣν
1594 755 1685 805 οὐκ
1724 750 1788 820 ἦν

109 828 427 895 βασιλεύοντα
466 828 532 893 μὴ
573 834 770 893 φορεῖν,
817 827 883 889 ὡς
930 828 1076 880 οὐδὲν
1115 838 1212 879 τῶν
1257 828 1414 879 ἄλλων
1454 828 1789 895 διαφέρουσαν

18 920 20 923 ’
110 902 294 968 ἔφερεν.
369 903 524 951 Nulla
562 904 695 952 iusta
735 919 883 952 causa
923 908 998 952 est
1044 921 1131 952 cur
1177 922 1288 953 cum
1328 904 1655 953 Herwerdeno
1695 922 1787 966 φο-

110 984 210 1043 ρῶν
245 993 337 1039 pro
376 975 542 1041 φέρων
581 981 631 1025 61
669 976 836 1042 ἐφόρει
875 995 964 1039 pro
1004 977 1176 1044 ἔφερεν
1216 979 1498 1027 scribamus.

219 1068 266 1113 p.
301 1052 512 1112 323,18
555 1049 686 1115 με’θη
727 1049 778 1100 δὲ
818 1045 872 1101 εὗ
907 1059 1119 1100 ποιοῦσα
1158 1054 1471 1116 προλαβοῦσα
1502 1050 1587 1099 τὸν
1619 1050 1789 1115 καιρὸν

110 1124 268 1174 πάντα
306 1123 523 1190 ἐξήλεγξε
561 1123 644 1173 καὶ
681 1124 734 1174 τὸ
773 1124 890 1184 τέως
928 1126 1183 1175 λανθάνον
1221 1124 1376 1196 ἥδετο.
1438 1125 1622 1172 Parum
1652 1125 1790 1172 verbi

112 1193 248 1268 ᾅδειν
292 1214 437 1247 usum
484 1203 797 1262 perspectum
842 1200 1018 1247 habuit
1062 1200 1443 1256 Herwerdenus‚
1490 1215 1599 1246 cum
1646 1214 1789 1246 sensu

111 1273 311 1336 proprio
351 1275 640 1321 cantabatur
677 1274 757 1322 vel
797 1275 1143 1322 decantabatur
1181 1273 1519 1336 accipiendum
1560 1287 1662 1320 esse
1701 1288 1789 1334 pu-

110 1348 252 1395 tavit.
338 1346 633 1409 Saepissime
695 1349 821 1396 nihil
883 1348 1019 1396 aliud
1079 1349 1175 1396 nisi
1237 1350 1471 1396 celebrare
1531 1345 1788 1410 significat.

112 1420 364 1482 Exemplis
418 1437 446 1468 a
492 1421 700 1470 Polakio
748 1424 837 1484 qui
882 1421 1211 1470 Herwerdeno
1258 1422 1515 1470 oblocutus
1570 1423 1645 1467 est
1693 1419 1789 1466 col·

112 1494 251 1543 lectis
291 1494 418 1543 addo
459 1495 557 1543 duo
595 1496 711 1543 huic
750 1496 1004 1544 simillima
1040 1499 1073 1544 t.
1106 1497 1131 1543 I
1166 1496 1378 1555 137,16
1413 1492 1493 1541 καὶ
1524 1500 1618 1541 νῦν
1649 1499 1789 1541 τοῦτο

17 1587 22 1593 ·
113 1565 278 1617 αδεται
315 1567 448 1634 παρὰ
486 1569 717 1630 πάντωνς
774 1572 896 1631 467,
927 1574 953 1618 7
995 1568 1132 1618 ταυτὶ
1179 1567 1267 1633 μὲν
1313 1564 1478 1616 αδεται
1526 1561 1609 1632 (cf.
1648 1570 1683 1614 t.
1714 1565 1791 1614 ΠΙ

115 1642 337 1703 440,15
378 1649 475 1691 τῶν
514 1642 567 1692 ἐν
610 1644 821 1711 Φοινίκῃ
861 1642 970 1692 τινὰ
1000 1643 1188 1708 βουλὴν
1219 1641 1426 1691 ἅδουσιν
1457 1634 1591 1706 κτλ..)
1653 1638 1791 1696 Quod

116 1732 228 1765 vero
267 1717 370 1765 eius
409 1718 516 1765 loco
555 1717 915 1766 Herwerdenus
954 1734 1135 1781 ponere
1174 1718 1282 1766 vult
1313 1714 1419 1784 ἤδει
1456 1742 1516 1747 -—
1553 1712 1791 1776 ἐδήλωσεν

113 1789 243 1838 iusto
280 1791 478 1854 longius
519 1791 579 1839 ab
619 1789 760 1861 ᾔδετο
800 1791 985 1840 distare
1025 1792 1146 1840 dicit
1186 1818 1252 1825 —
1295 1807 1350 1838 eo
1397 1789 1558 1837 minus
1596 1787 1794 1836 admitti

22 1862 24 1867 ’
113 1866 298 1926 potest,
349 1865 481 1927 quod
525 1865 778 1914 Iulianum
825 1868 910 1928 qui
957 1865 1101 1914 debet
1145 1868 1205 1913 ut
1249 1865 1520 1913 subiectum
1561 1877 1617 1909 ex
1658 1864 1791 1908 61116-

5 2162 29 2595 ΑἨιψὸδωᾋΤὲῃῬ-ῑ-Όῗρικη
15 2108 25 2133 ,κ
15 2034 26 2068 ιο·
20 1996 22 2002 -
17 1974 22 1981 -

10 2710 24 2720 ·.
18 2683 22 2692 Δ
5 2596 37 2673 sad--

115 1938 397 1987 cedenfibus
437 1955 627 1988 sumere
666 1956 764 1988 non
803 1941 932 1988 11661.

222 2029 271 2074 p.
312 2013 442 2074 333,
477 2016 503 2061 1
562 2012 760 2062 ἐκίνουν
810 2017 1011 2078 ταμιεῖα.
1097 2013 1384 2060 Rectissime
1438 2007 1793 2057 Herwerdenus

114 2082 328 2134 ἐκένουν.

222 2176 270 2221 p.
305 2161 435 2221 334,
468 2162 498 2208 6
547 2165 649 2221 τοῖς
700 2158 787 2225 μὲν
838 2155 903 2209 δι’
955 2158 1112 2225 όχθης
1157 2158 1357 2222 ὑψηλῆς
1403 2174 1449 2206 τε
1499 2154 1578 2204 καὶ
1625 2160 1794 2216 στενῆς

116 2229 374 2282 ἐλαύνουσι
413 2233 467 2284 τὸ
507 2234 573 2299 μὴ
613 2236 856 2301 βραχῆναι
889 2233 1090 2299 ὑπῆρχε,
1129 2231 1372 2297 σφαλερὸν
1408 2228 1459 2279 δὲ
1490 2226 1521 2292 ἡ
1554 2227 1794 2289 στενότης,

116 2305 169 2354 οἷ
202 2301 249 2355 δ’
291 2306 446 2357 ἐκεῖνο
479 2308 746 2373 φεύγοντες
777 2308 830 2357 ἐν
861 2312 962 2366 τοῖς
994 2307 1171 2356 ὕδασιν
1203 2303 1433 2370 ὠχοῦντο,
1472 2301 1554 2351 καὶ
1586 2300 1793 2367 δεσπότῃ
1869 2360 1884 2367 „

115 2396 163 2427 τε
224 2380 401 2440 δοῦλος
459 2386 594 2448 χεῖρα
654 2381 801 2448 ὤρεγε
855 2380 936 2430 καὶ
991 2381 1171 2429 δοῦλον
1225 2378 1251 2429 ὁ
1306 2377 1542 2440 δεσπότης
1595 2372 1792 2423 ἀνέσπα.

118 2450 315 2516 Optime
355 2471 406 2504 se
439 2455 592 2504 habet
621 2457 767 2505 lectio
799 2456 1035 2504 librorum
1077 2455 1123 2503 V
1142 2455 1190 2503 U
1217 2450 1448 2517 ὠχοῦντο,
1489 2465 1612 2511 quae
1644 2447 1794 2496 6116111

117 2541 148 2574 6
177 2527 381 2591 reliquis
411 2529 553 2578 libris
584 2529 782 2595 ἐχοῦντο
814 2527 1163 2614 praebentibus
1187 2527 1396 2575 fulcrum
1424 2525 1623 2585 accipit:
1655 2525 1791 2568 nata-

118 2600 234 2649 bcmt
261 2604 315 2650 in
345 2605 502 2663 aquis,
531 2604 584 2651 id
617 2604 746 2666 quod
777 2604 978 2651 minirne
1007 2602 1081 2650 ita
1112 2601 1256 2650 facile
1289 2602 1396 2648 erat
1426 2612 1563 2645 arma.
1588 2595 1792 2642 victum-

106 2688 212 2735 ·que
257 2676 529 2725 ferentibus
574 2679 866 2738 praesertim
911 2677 1074 2723 minus
1120 2674 1418 2731 exercitatis,
1466 2674 1521 2717 ut
1558 2668 1792 2716 Libanius

111 2748 266 2809 ¹paulo
298 2753 413 2798 ante
444 2750 569 2798 dixit
598 2748 733 2816 ἀγὼν
764 2743 857 2799 οὖν
889 2748 1084 2813 ἔσχατος
1114 2746 1264 2796 αὑτόν
1295 2764 1341 2794 τε
1374 2752 1525 2793 σῶσαι
1557 2739 1636 2789 καὶ
1669 2739 1793 2788 ’ὅπλα

118 2818 199 2868 καὶ
235 2821 428 2887 τροφην
465 2822 547 2872 καὶ
585 2823 839 2889 ὑποζύγια.
915 2821 996 2870 καὶ
1039 2825 1140 2880 τοῖς
1187 2818 1274 2884 μὲν
1313 2813 1646 2879 ἐπισταμένοις
1691 2816 1793 2860 νεῖν

118 2893 310 2958 βοηθῡς
362 2889 427 2960 ἦν
466 2893 496 2960 ἡ
536 2895 702 2962 τέχνη,
749 2901 850 2955 τοῖς
889 2892 935 2944 δ’
971 2892 1296 2959 ἆπειροτέροις
1343 2891 1515 2955 μείζων
1555 2885 1580 2936 ὁ
1627 2885 1791 2941 πόνος.
