1992 3094
410 117 640 161 LIBANII
671 116 896 161 ORATIO
930 115 1174 162 CONTRA
1205 118 1564 163 TISAMENUM
1726 120 1827 171 177

140 257 387 324 βασιλεῦ,
441 253 540 306 τὸν
585 252 710 322 περὶ
757 253 852 316 τὰς
897 254 1084 315 πόλεις
1136 255 1345 323 κόσμον
1391 251 1522 308 οὐδὲ
1566 264 1685 318 ταῖς
1730 256 1831 324 μὲν

139 344 204 396 τὸ
244 344 312 396 ὅν
351 355 547 410 σφισιν
587 341 795 410 ἀξίωμα
836 342 1274 411 λυμανούμενος,
1325 344 1421 405 τὰς
1467 340 1528 396 δὲ
1575 342 1832 407 ἐλάττους

141 429 358 494 ἐπάξων
388 437 506 493 ταῖς
537 432 799 499 μείζοσιν,
833 429 970 482 ἀλλὰ
1001 431 1066 482 τὰ
1098 427 1199 499 μὲν
1224 431 1295 494 ὡς
1328 423 1435 500 εἶχε
1469 432 1830 502 διατηρήσων,

140 517 368 588 ἑκάστης
414 515 475 571 δὲ
526 513 560 590 ᾗ
605 526 881 589 προσῆκεν
928 517 1388 587 ἐπιμελησόμενος
1440 521 1531 573 καὶ
1585 523 1831 590 ποιήσων

138 606 640 676 εὐδαιμονεστέραν
685 608 935 677 προνοίᾳ.
1012 607 1097 660 23.
1154 607 1182 661 ὁ
1217 606 1266 660 δ’
1297 606 1359 661 ἐν
1404 614 1478 681 τῷ
1521 609 1686 679 δεῦρο
1733 611 1831 663 τὸν
1877 630 1897 663 5

141 696 203 749 ἐκ
242 697 475 766 Βεροίας
514 694 600 765 ἐφ’
634 689 826 765 οἷσπερ
876 698 1083 765 ἤγαγεν
1122 698 1278 764 ἄγειν
1304 695 1450 765 ’ἐβόα
1486 698 1624 766 πρὸς
1662 699 1831 752 ἅπαν-

138 804 253 852 τας,
301 784 385 838 ὅτι
423 786 589 853 τήνδε
635 786 736 854 τὴν
781 787 947 838 πόλιν
993 783 1082 837 ὑπ’
1118 784 1296 856 ἐκείνῃ
1343 791 1564 839 κεῖσθαι
1612 788 1697 839 δεῖ
1741 786 1831 840 καὶ

139 881 241 927 τοῦ
287 881 382 942 τῆς
435 875 820 945 μητροπόλεως
867 873 1135 942 ὀνόματος
1182 873 1518 927 ἀποστατέον
1565 875 1699 945 αὐτῇ
1742 874 1830 928 καὶ

138 971 205 1033 τῇ
244 964 419 1033 βουλῇ
466 963 567 1031 τὴν
604 963 817 1031 βουλὴν
856 962 1144 1016 ὑπεικτέον
1193 963 1284 1015 καὶ
1324 964 1501 1033 ἄνδρα
1540 962 1701 1034 ἀνδρὶ
1741 962 1830 1016 καὶ

140 1050 420 1120 γνωστέον
472 1053 603 1114 τοὺς
656 1050 962 1118 ἀμείνονας.
1040 1054 1229 1120 γνοίης
1285 1049 1292 1121 Ι
1350 1050 1399 1103 δ’
1446 1053 1531 1119 ἄν,
1593 1051 1676 1117 ὅτι
1715 1064 1920 1109 RH254

139 1138 313 1193 ταῦθ’
341 1139 503 1208 ὕβρις
541 1136 627 1208 ἦν,
648 1125 726 1192 ιε”κ
758 1159 815 1192 τε
853 1140 1057 1209 ἡδονῆς
1095 1138 1185 1192 καὶ
1227 1141 1416 1208 λύπης,
1456 1136 1535 1193 ὧν
1565 1140 1598 1208 ἡ
1630 1140 1730 1206 μὲν
1761 1137 1831 1208 ἦν
1856 1164 1897 1196 ιι

137 1238 253 1282 τῶν
301 1230 438 1298 πρὸς
487 1229 627 1298 ἡμᾶς
675 1228 939 1291 εὐνοϊκῶς
987 1229 1246 1297 ἐχόντων,
1301 1228 1333 1297 ἡ
1389 1225 1450 1281 δὲ
1502 1229 1675 1296 ἡδονὴ
1723 1238 1832 1281 τῶν

138 1318 244 1387 οὐχ
283 1317 470 1381 οὕτως.
531 1318 859 1388 ὑβρίζεσθαι
900 1317 960 1370 δὲ
993 1317 1093 1370 οὐκ
1133 1316 1203 1370 ἂν
1234 1318 1463 1386 βούλοιο
1502 1318 1598 1379 τὰς
1631 1319 1830 1380 πόλεις.

138 1404 259 1460 ἀλλ’
293 1402 456 1470 οὗτος
501 1407 747 1477 ὑβρίζειν
793 1404 1037 1475 βούλοιτ’
1069 1406 1151 1459 ἄν.
1228 1414 1342 1468 πῶς
1388 1405 1458 1458 ἂν
1505 1402 1608 1459 οὖν
1654 1405 1682 1459 ὁ
1722 1426 1829 1459 τοι-

139 1503 307 1558 οῦτος
346 1497 568 1558 εἰκότως
607 1497 790 1565 ἄρχοι;
1857 1516 1898 1549 ιε

254 1585 338 1636 24.
398 1583 550 1638 Ἀλλὰ
597 1587 666 1637 σὺ
721 1585 823 1654 μὲν
871 1584 900 1638 ὁ
948 1593 1059 1637 τῶν
1115 1584 1260 1637 ὅλων
1313 1585 1504 1652 κύριος
1556 1581 1645 1636 καὶ
1700 1581 1826 1652 παρ’

139 1673 276 1726 ὅτου
309 1672 399 1726 καὶ
431 1678 639 1727 παθεῖν
678 1693 730 1726 τι
770 1681 1029 1726 τοιοῦτον
1068 1673 1135 1726 οὐ
1176 1674 1301 1726 λίαν
1337 1672 1635 1742 ἀφόρητον,
1675 1678 1832 1741 τιμᾷς

140 1761 276 1830 ἡμῖν
314 1763 415 1831 τὴν
454 1764 621 1815 πόλιν
660 1761 721 1815 ἐν
752 1771 867 1824 τοῖς
906 1763 983 1824 εἰς
1021 1763 1152 1824 τοὺς
1189 1759 1442 1831 πρέσβεις
1481 1759 1570 1813 καὶ
1602 1778 1831 1828 πραττο-

139 1849 333 1918 μένοις
370 1851 460 1903 καὶ
494 1849 827 1919 λεγομένοις,
867 1850 957 1903 καὶ
991 1851 1237 1919 γίγνεται
1275 1847 1406 1902 καθ’
1438 1847 1668 1917 ἑκάστην
1706 1868 1831 1915 πρε-

141 1941 337 2007 σβείαν
376 1939 408 2007 ἡ
449 1942 609 2002 πόλις
647 1939 778 2008 ἡμῖν
818 1938 1180 2009 λαμπροτέρα,
1223 1939 1520 2005 Τισαμενὸς
1560 1934 1619 1990 δὲ
1659 1938 1831 2004 κάθη-
1857 1959 1899 1991 20

140 2047 234 2080 ται
275 2038 497 2082 σκοπῶν
535 2029 626 2081 καὶ
668 2031 854 2096 ζητῶν,
903 2026 956 2091 ἐξ
1006 2028 1136 2081 ὅτου
1176 2025 1375 2095 γένοιτ’
1407 2026 1476 2078 ἂν
1523 2024 1831 2093 ἀδοξοτέρα.

148 2110 264 2169 εἶτα
295 2119 574 2187 πονηροὺς
597 2117 697 2184 μὲν
721 2116 983 2185 ποιμένας
1016 2115 1389 2169 ἀπελαύνουσι
1420 2124 1530 2167 τῶν
1561 2116 1832 2183 ποιμνίων

146 2205 202 2257 οἱ
241 2206 455 2259 τούτων
494 2207 677 2276 κύριοι
716 2205 806 2259 καὶ
846 2206 1155 2267 παύσαντες
1188 2203 1431 2266 ἐκείνους
1465 2201 1666 2272 ἑτέροις
1697 2220 1832 2270 παρ-

267 2399 320 2438 12
352 2394 483 2439 Dem.
509 2411 553 2453 p.
583 2401 747 2450 197‚4;
783 2399 1007 2450 1228‚14;
1044 2398 1171 2449 1490,
1193 2399 1243 2438 ιε)

268 2577 292 2615 2
327 2572 375 2616 ἐν
393 2574 439 2617 Β
561 2577 585 2615 5
612 2570 635 2617 ὃ
661 2573 706 2616 Α
769 2570 794 2616 ὅ
818 2572 1017 2626 ΡΙΒῘῘΙ
1046 2571 1097 2616 δὲ
1122 2571 1190 2614 Re
1311 2575 1336 2613 6
1363 2565 1576 2627 βερροίας
1603 2570 1641 2613 V
1665 2571 1670 2624 Ι
1700 2567 1830 2623 ἄγειν

159 2632 203 2674 V
226 2631 306 2675 sed.
338 2648 378 2676 ει
410 2632 458 2674 in
490 2649 525 2675 ω
559 2646 660 2675 corr
682 2631 752 2674 m²
946 2635 972 2674 8
1007 2628 1233 2685 ὀνόματος
1266 2631 1308 2673 Β
1341 2628 1422 2672 sed
1454 2644 1504 2679 ος
1535 2627 1582 2670 in
1606 2642 1679 2670 ras
1704 2626 1773 2670 ιιιΞ

144 2693 175 2732 9
208 2707 262 2747 γρ
280 2689 513 2734 ὑπακτέον
544 2691 594 2733 in
616 2705 750 2747 marg
773 2689 875 2732 Mor
996 2693 1050 2732 10
1083 2685 1128 2732 δ’
1150 2688 1229 2746 ἄν]
1256 2687 1306 2732 δὲ
1341 2688 1408 2731 Va
1433 2687 1534 2730 Mor
1655 2690 1707 2728 12
1739 2692 1831 2729 τῶν

143 2749 212 2806 <1>
245 2762 320 2792 om
347 2749 448 2793 Mor
479 2750 560 2793 sed
591 2749 887 2793 inserendum
920 2748 1024 2792 coni
1147 2751 1199 2790 13
1232 2743 1279 2789 δ’
1308 2746 1375 2789 Re
1498 2750 1549 2788 17
1583 2744 1702 2801 ἡμᾶς
1732 2744 1833 2788 Μοι·

212 2811 266 2850 18
297 2824 352 2865 γρ
375 2807 513 2863 τήνδε
543 2808 594 2851 in
616 2823 750 2865 marg
780 2808 881 2851 Mor
1015 2811 1066 2850 19
1099 2803 1359 2862 λεγομένοις
1391 2805 1469 2848 καὶ
1501 2801 1834 2858 πραττομένοις

158 2865 202 2907 V
246 2868 252 2922 Ι
294 2864 469 2923 γίνεται
503 2868 570 2911 Va
608 2867 699 2911 edd
748 2870 754 2924 Ι
803 2862 1052 2924 πρεσβείαν
1096 2879 1171 2908 om
1206 2865 1272 2907 Va
1304 2863 1405 2907 Mor
1536 2866 1590 2905 20
1622 2862 1672 2907 δὲ
1706 2876 1782 2905 om
1806 2863 1839 2905 I

212 2929 264 2968 21
303 2923 578 2981 ἀδοξότερος
607 2926 710 2969 Mor
741 2926 822 2969 sed
854 2922 1106 2979 ἀδοξοτέρα
1139 2923 1243 2967 coni

243 3005 439 3039 Lnunms
464 3008 522 3039 ed.
544 3008 784 3040 Foerster.
821 3007 892 3039 111.
1516 3000 1567 3037 12
