1992 3094
185 88 294 140 270
680 88 904 131 LIBANII
938 88 1161 132 ORATIO
1195 88 1384 132 XXXIX

182 225 316 293 πρὸς
356 224 421 275 τὰ
462 226 663 291 γόνατα
703 224 1035 292 προσπεσὼν
1071 226 1397 294 πρακτόρων
1447 233 1629 294 χεῖρας
1666 223 1871 292 ἔφασκε

182 314 474 381 διαφυγὼν
527 315 659 380 μίαν
714 314 857 381 ἔχειν
912 311 1105 365 ἐλπίδα
1159 314 1223 365 τὰ
1278 311 1406 382 παρ’
1443 312 1666 382 ἐκείνης.
1741 313 1774 382 ἡ
1815 313 1863 367 δ’

182 401 551 470 αἰσχυνομένη
605 398 706 468 μὲν
760 399 847 469 ἐφ’
881 394 963 464 οἷς
1009 396 1095 469 ἦν,
1151 402 1252 454 οὐκ
1300 400 1602 470 ἐνεγκοῦσα
1656 400 1718 455 δὲ
1771 404 1872 471 τὴν

182 490 575 558 ἀναισχυντίαν
623 491 790 543 ἔδωκε
836 489 954 558 μέν,
1007 490 1183 542 δοῦσα
1231 491 1292 543 δὲ
1337 489 1484 543 τοῦτ’
1517 484 1658 545 εἶναι
1704 491 1872 562 πέρας

137 601 155 633 5
182 578 336 645 ἠξίου
375 588 489 632 τῶν
529 580 835 647 λημμάτων.
913 578 941 631 ὁ
974 577 1033 631 ·δ’
1064 578 1327 647 ὑπέσχετο
1368 576 1470 648 μὲν
1509 580 1611 633 οὐκ
1651 580 1871 649 ἐνοχλή-

181 682 315 735 σειν,
355 676 537 736 παρῆν
578 668 638 720 δὲ
678 664 846 730 αὖθις
885 669 995 736 ἅμα
1033 667 1222 738 ἡμέρᾳ,
1262 667 1353 721 καὶ
1389 669 1558 722 πάλιν
1598 669 1870 738 ἡκεφαλὴ

181 758 268 809 καί
307 757 475 810 πάλιν
515 758 575 809 αἱ
610 766 784 826 χεῖρες
823 758 911 809 καὶ
950 757 1118 809 πάλιν
1157 759 1222 810 τὰ
1254 759 1471 825 γόνατα.
1535 757 1624 810 καὶ
1665 755 1734 826 ἦν
1769 759 1871 812 οὐκ

180 845 380 914 ἀπορία
421 846 734 914 συμμάχων.
813 847 867 898 αἱ
915 847 1019 913 γὰρ
1069 847 1136 914 δὴ
1183 846 1519 915 θεράπαιναι
1569 846 1871 917 συνέπρατ-

179 954 277 986 τον
318 934 566 1003 ἐχόμεναι
609 933 678 986 δι’
713 930 790 987 ὧν
831 930 900 986 αὖ
941 935 1031 987 καὶ
1073 940 1302 1003 εἴχοντο.
1365 934 1456 987 καὶ
1490 935 1591 988 οὐκ
1623 934 1870 988 ἐνταῦθα

113 1045 154 1075 10
179 1024 279 1091 μὲν
324 1031 598 1087 τοιοῦτος,
648 1023 796 1092 παρὰ
843 1019 904 1074 δὲ
945 1021 1151 1090 ἑτέραις
1190 1020 1409 1090 γυναιξὶ
1456 1025 1705 1091 βελτίων,
1746 1022 1861 1077 ἀλλ’

180 1114 257 1174 εἰς
305 1113 436 1175 ὅσας
483 1113 659 1174 οἰκίας
711 1111 941 1180 παρέδυ,
992 1110 1191 1164 πολλαὶ
1244 1109 1303 1164 δὲ
1351 1107 1534 1179 αὗται,
1588 1119 1869 1181 πανταχοῦ

178 1198 279 1268 μὲν
314 1200 514 1254 πολλαὶ
548 1202 843 1268 διακονίαι,
883 1208 1166 1269 πανταχοῦ
1200 1198 1259 1253 δὲ
1293 1201 1547 1269 αἰτήσεις,
1586 1208 1868 1270 πανταχοῦ

180 1287 239 1343 δὲ
280 1293 486 1358 λήψεις,
527 1290 778 1356 οὐδαμοῦ
819 1285 881 1341 δὲ
918 1291 1095 1359 κόρος.
1167 1289 1248 1342 10.
1291 1289 1319 1342 ὁ
1361 1289 1423 1341 δὲ
1459 1288 1551 1341 καὶ
1591 1289 1870 1358 ἀγροίκοις

179 1379 207 1432 ὁ
255 1379 608 1445 κακοδαίμων
657 1379 912 1430 δουλεύει
958 1386 1178 1447 πρᾶγμα
1210 1376 1313 1445 ..ἐφ’
1346 1376 1544 1431 ἑαυτὸν
1597 1380 1868 1444 μεταθείς,

112 1488 151 1520 15
178 1468 206 1521 ὃ
254 1470 526 1536 πρότερον
576 1470 706 1530 τοὺς
755 1475 849 1535 τῆς
896 1467 1064 1537 ἀρχῆς
1116 1467 1390 1536 ὑπηρέτας
1443 1467 1676 1535 ἀνεῖχεν,
1732 1467 1870 1520 ὅθεν

88 1569 128 1612 R
152 1569 296 1612 11357
338 1558 405 1625 δὴ
444 1555 535 1609 καὶ
576 1555 942 1609 ἀπολώλασιν.
1020 1557 1073 1608 οἱ
1115 1555 1162 1608 δ’
1194 1556 1302 1608 ὑπὸ
1349 1565 1465 1618 τοῖς
1504 1558 1658 1624 ὄρεσι
1707 1559 1714 1622 1
1763 1563 1870 1624 γῆν

179 1646 399 1714 ἀγαθὴν
425 1652 800 1714 γεωργοῦντες
823 1643 1118 1716 Μιξιδήμω
1150 1648 1359 1711 μᾶλλον
1386 1644 1419 1713 ἦ
1454 1647 1650 1712 σφίσιν
1682 1644 1870 1706 αὐτοῖς

179 1742 538 1803 γεωργοῦσιν.
593 1727 634 1805 ᾧ
669 1733 793 1796 δέος
833 1731 1000 1786 οὐδὲν
1039 1733 1098 1786 ἐκ
1136 1743 1249 1786 τῶν
1287 1733 1464 1802 ὡρῶν,
1505 1733 1641 1785 ἀλλὰ
1681 1735 1766 1786 δεῖ
1803 1733 1869 1785 τά

178 1843 237 1891 γε
286 1824 364 1886 εἰς
410 1824 507 1877 τὸν
563 1824 741 1892 φόρον
787 1823 1064 1890 ὑγιαίνειν
1117 1821 1317 1891 ὁμοίως
1371 1822 1526 1893 αὐτῷ.
1605 1821 1869 1874 ἐντεῦθεν
1945 1881 1953 1892 ⁶

111 1932 153 1964 20
178 1913 325 1984 αὐτῷ
358 1914 531 1974 πολὺς
569 1911 669 1978 μὲν
709 1911 738 1964 ὁ
779 1920 952 1978 σῖτος,
999 1909 1196 1963 πολλαὶ
1238 1907 1298 1963 δὲ
1339 1911 1395 1962 αἱ
1433 1913 1652 1978 κριθαί,
1691 1911 1868 1962 πολλὰ

178 2002 239 2054 δὲ
276 2002 467 2053 πάντα.
544 1998 635 2052 καὶ
675 2000 779 2069 γὰρ
821 2000 888 2067 δὴ
927 1998 1018 2052 καὶ
1059 2001 1114 2051 αἱ
1155 2007 1412 2067 γυναῖκες
1449 2008 1560 2051 τῶν
1607 2008 1866 2067 γεωργῶν

177 2091 352 2161 τούτῳ
392 2090 458 2141 τὰ
496 2098 608 2141 τῶν
656 2098 938 2156 γυναικῶν
983 2096 1262 2156 ποιοῦσιν,
1311 2087 1339 2140 ὃ
1386 2096 1534 2140 ποιεῖ
1573 2086 1866 2158 Μιξιδήμω

178 2180 270 2241 τὰς
324 2177 585 2246 τραπέζας
638 2178 733 2238 τὰς
780 2177 1029 2245 μεγάλας.
1111 2177 1193 2228 11.
1249 2177 1277 2229 ὁ
1318 2175 1365 2229 δ’
1399 2177 1500 2228 οὐκ
1551 2177 1866 2244 αἰσχύνεται

178 2266 277 2332 τὴν
316 2269 512 2318 πενίαν
559 2275 670 2318 τῶν
710 2264 780 2317 δι’
813 2265 986 2318 αὐτὸν
1025 2267 1102 2327 εἰς
1139 2273 1309 2318 ταῦτα
1347 2265 1611 2333 ἡκόντων,
1659 2262 1776 2316 ἀλλ’
1808 2263 1866 2316 ἐκ

112 2374 153 2407 25
177 2363 287 2406 τῶν
327 2354 513 2422 ἀγρῶν
560 2352 841 2407 ἐπιστολαὶ
888 2363 1121 2422 φοιτῶσι
1168 2354 1229 2405 τὸ
1277 2352 1366 2406 καὶ
1415 2354 1475 2405 τὸ
1523 2354 1865 2420 κελεύουσαι,

298 2549 321 2586 2
349 2541 494 2599 μόνην
518 2546 626 2599 posh
649 2541 760 2599 μίαν
784 2543 909 2587 inser
932 2544 1000 2586 Re
1074 2543 1224 2586 delevi
1252 2545 1258 2599 Ι
1285 2542 1369 2597 τὴν
1402 2543 1444 2586 U
1467 2545 1473 2597 Ι
1501 2540 1529 2597 ἣ
1555 2543 1600 2585 Α
1678 2539 1707 2598 ἦ
1732 2542 1812 2584 IV

179 2607 203 2645 5
238 2601 261 2646 ὃ
294 2604 338 2646 Α
461 2599 484 2646 ὅ
515 2603 597 2646 IV
771 2607 796 2645 6
830 2602 923 2658 ἅμα
957 2616 1032 2645 om
1072 2603 1116 2646 U
1299 2606 1321 2643 7
1355 2602 1434 2644 καὶ
1464 2600 1606 2644 πάλιν
1639 2599 1688 2643 αἱ
1719 2606 1865 2658 χεῖρες

178 2675 253 2704 om
278 2663 351 2705 Pa
473 2665 498 2703 9
532 2659 590 2704 ἂν
626 2662 670 2706 U
692 2663 739 2704 et
763 2674 819 2704 ex
843 2658 903 2704 αὖ
929 2675 1030 2704 corr
1055 2661 1126 2704 P⁸
1249 2665 1301 2703 13
1336 2659 1386 2704 δὲ
1411 2674 1486 2703 om
1521 2661 1588 2715 Vl
1615 2661 1758 2715 λῆψις
1791 2659 1860 2715 ΠΙ

177 2719 394 2821 ἄγρὲὶικος
428 2721 538 2823 VOP
569 2724 647 2822 2}ss
681 2719 787 2820 ⁰51·
835 2718 941 2821 !h34*?
973 2720 1041 2763 Re
1084 2778 1105 2822 ἐ
1163 2719 1380 2793 .18(δὴ.0
1511 2722 1563 2762 19
1595 2716 1866 2820 ἳρῖἵοίωςέΒιεῖ

178 2795 416 2887 ὡςοίἕῗως
533 2793 588 2880 {⁶0
621 2792 847 2897 ἑοῗῖτῷῌίν
897 2792 950 2822 ⁰⁰
989 2796 1062 2880 ⁷2⁰2
1095 2794 1196 2879 ἕξει]
1216 2795 1276 2828 ‘⁰⁹
1315 2792 1447 2878 ”¹23³
1450 2790 1554 2880 3¹51?
1674 2833 1698 2878 ὅ
1730 2791 1863 2878 nrm

238 2901 292 2938 24
326 2897 478 2939 αὐτῶν
510 2897 544 2939 Ι
568 2895 701 2953 Bong
