1992 3094
217 108 324 160 448
711 107 937 151 LIBANII
969 107 1193 152 ORATIO
1225 107 1413 152 XLVIII

217 244 288 311 μὴ
345 245 577 312 χρυσίον
622 242 834 306 εὐθέως
880 239 989 312 εἶχε
1042 252 1137 312 τῆς
1189 244 1497 314 τραγῳδίας
1552 243 1721 314 ἀηδὴς
1775 245 1908 300 ὑπο-

217 335 417 400 κριτής.
493 333 719 400 ἤλπιζον
765 332 867 401 γὰρ
912 332 1054 400 ὑμᾶς
1093 339 1220 401 σιγῇ
1259 330 1350 384 καὶ
1397 339 1568 386 ταῦτα
1615 338 1792 388 οἴσειν
1839 334 1907 387 οὐ

217 430 393 482 κακῶς
431 419 750 484 ἐλπίζοντες.
828 421 1037 473 οὔκουν
1075 418 1349 489 ἐγρύξατε.
1989 482 1992 483 ⁷

327 509 413 560 41.
479 507 721 561 Γένεσθε
775 511 970 562 τοίνυν
1028 508 1287 575 ἀμείνους
1340 505 1442 575 μὲν
1495 509 1653 578 ὑμῶν
1707 511 1907 580 αὐτῶν,
1990 535 1992 538 ⁴

173 618 192 651 5
219 598 399 666 ὅμοιοι
440 597 501 649 δὲ
537 606 653 659 τοῖς
691 597 980 666 πατράσιν,
1026 590 1109 659 οἷς
1147 598 1277 659 τοὺς
1315 595 1403 650 ἐπὶ
1442 607 1554 650 τῶν
1593 598 1778 668 ἀρχῶν
1815 597 1905 652 καὶ

216 687 608 753 καταπλήττειν
657 685 881 754 ὑπῆρχε.
958 684 1191 752 γένεσθε
1236 693 1352 747 τοῖς
1397 685 1743 755 πενεστέροις
1795 696 1908 741 τῶν

218 775 277 827 ἐν
323 782 385 844 τῇ
432 777 606 844 βουλῇ
659 772 870 840 λιμένες
915 772 1006 826 καὶ
1056 780 1155 843 μιᾷ
1200 775 1386 844 γνώμῃ
1435 775 1501 826 τὰ
1552 774 1908 846 συμφέροντα

217 862 306 915 καὶ
354 866 553 931 ζητεῖτε
598 863 687 915 καὶ
734 863 1008 932 πράττετε.
1084 861 1175 915 καὶ
1222 863 1283 915 τὸ
1333 860 1452 925 ἑνός
1498 883 1649 926 τινος
1692 863 1908 931 ἀγαθὸν

217 953 409 1004 κοινὸν
453 955 730 1021 κεκρίσθω
778 952 868 1004 καὶ
915 951 975 1004 τὸ
1025 951 1286 1020 δυσχερὲς
1329 952 1603 1014 ὡσαύτως.
1681 953 1752 1015 ὡς
1800 961 1908 1006 νῦν

151 1062 193 1094 10
218 1061 277 1109 γε
322 1040 671 1109 ἐπιχαίρομεν
717 1040 1000 1109 ἀλλήλοις,
1047 1039 1137 1092 καὶ
1178 1041 1230 1093 οἱ
1269 1040 1370 1108 μὲν
1408 1040 1709 1109 πιέζουσιν,
1751 1043 1810 1095 oc
1846 1040 1907 1096 δὲ

215 1139 569 1199 καταρῶνται.
646 1129 819 1197 μηδὲν
863 1129 996 1195 ὑμῖν
1043 1131 1178 1181 ἔστω
1228 1130 1618 1199 φοβερώτερον
1664 1138 1765 1182 τοῦ
1807 1131 1908 1199 τὴν

217 1220 452 1287 πατρίδα
490 1226 700 1271 κακοῦν
738 1216 861 1286 μηδ’
903 1218 1068 1280 αὐτὸς
1107 1217 1136 1271 ὁ
1176 1218 1432 1280 θάνατος.

129 1320 332 1364 RH548
401 1308 486 1359 42.
535 1305 676 1359 Ἀλλ’
725 1306 947 1375 ἀγέσθω
1002 1327 1084 1368 τις
1133 1304 1140 1377 Ι
1190 1305 1278 1359 ἐπὶ
1325 1308 1386 1359 τὸ
1433 1307 1749 1375 βουλεύειν,
1802 1305 1909 1360 κᾶν

218 1395 384 1465 μέλλῃ
424 1397 484 1448 τό
522 1415 674 1458 τινος
715 1398 982 1464 λυπήσειν
1028 1397 1374 1464 βαλλάντιον.
1459 1395 1561 1464 οὐχ
1601 1395 1764 1465 ὁρᾶτε
1809 1396 1908 1448 τὸν

152 1507 193 1540 15
217 1487 460 1552 Λητόῖον
499 1485 571 1547 ὡς
609 1486 747 1537 καλὰ
785 1486 910 1554 περὶ
950 1484 1123 1537 αὑτοῦ
1163 1485 1431 1553 διηγεῖται
1477 1484 1762 1552 πολλάκις,
1808 1485 1908 1537 τὸν

218 1572 596 1641 Μακρέντιον,
644 1575 741 1626 τὸν
779 1574 1100 1643 Μάτερνον,
1148 1574 1247 1626 τὸν
1286 1571 1620 1640 Ἰουλιανόν,
1665 1575 1908 1636 πολλοὺς

218 1662 435 1728 ἄλλους,
473 1663 567 1724 τὰς
597 1659 735 1731 ὑπὲρ
774 1663 990 1714 τούτων
1020 1663 1159 1730 πρὸς
1188 1664 1319 1724 τοὺς
1352 1663 1689 1731 στρατηγοὺς
1718 1661 1907 1730 μάχας,

219 1749 282 1812 ἃς
328 1750 429 1802 οὐκ
476 1750 732 1818 ἀζημίους
781 1750 906 1819 μέν,
954 1751 1120 1813 καλὰς
1169 1747 1229 1803 δὲ
1275 1749 1366 1803 καὶ
1414 1750 1590 1813 οὕτως
1636 1748 1906 1818 ἐνόμιζεν;

217 1840 274 1890 τί
315 1846 570 1891 τοιοῦτον
615 1837 766 1893 ἔστιν
811 1839 945 1907 ὑμῖν
992 1841 1069 1901 εἰς
1118 1841 1440 1908 φιλοτιμίαν
1486 1838 1736 1908 ἐπαῖρον;
1781 1839 1906 1908 περὶ
1979 1870 1981 1874 -

153 1951 196 1984 20
219 1935 317 1979 τοῦ
372 1936 483 1979 τῶν
535 1927 815 1998 ὑμετέρων
867 1928 928 1981 ἐν
983 1930 1307 1990 συνουσίαις
1362 1929 1695 1997 διατρίψετε;
1755 1929 1908 1990 τίνος
1974 1936 1975 1940 ’

218 2017 655 2082 μνημονεύοντες
687 2017 946 2086 ἀμείνους
979 2013 1120 2070 εἶναι
1157 2015 1363 2081 δόξετε;
1403 2018 1559 2078 νίκας
1590 2015 1692 2084 μὲν
1716 2013 1908 2083 Ὀλυμ·
1990 2029 1992 2033 ’

340 2182 392 2219 13
426 2176 482 2220 cf.
508 2181 816 2233 p.459‚17sq.
941 2182 995 2220 15
1029 2176 1084 2220 of.
1110 2192 1156 2233 p.
1175 2180 1334 2231 24‚15;
1362 2180 1549 2232 146‚10;
1575 2180 1741 2230 461‚16

337 2329 364 2366 4
396 2323 618 2380 γένέσθαι
652 2326 735 2369 Mo
768 2325 849 2367 sed.
882 2340 902 2368 ε
935 2337 1076 2380 supra
1108 2341 1157 2367 αι
1190 2338 1274 2367 scr.
1307 2323 1377 2366 m²
1542 2328 1568 2366 5
1600 2323 1682 2367 καὶ
1713 2337 1788 2366 om
1819 2324 1855 2367 Ι

223 2387 276 2425 10
308 2382 516 2437 ἀλλήλοις
547 2383 712 2439 scripsi
746 2385 933 2427 aucbore
964 2383 1032 2427 Re
1094 2383 1248 2433 ἄλλοις
1277 2382 1387 2426 libri
1420 2382 1510 2426 edd
1675 2386 1728 2425 12
1761 2381 1822 2438 μὴ
1854 2378 1902 2425 δ’

222 2458 534 2501 ΜοΑΡΙΒΜ
655 2462 708 2500 13
740 2455 809 2507 τίς
842 2459 992 2501 ΜοΜ
1110 2462 1164 2500 14
1199 2453 1254 2500 ’τὸ
1285 2455 1450 2511 πήσειν
1485 2456 1522 2501 O
1586 2454 1750 2511 πήσειν
1784 2457 1868 2500 Mo
1896 2455 1899 2513 1
1955 2491 1962 2499 ,

221 2515 468 2573 βαλάντιον
503 2517 736 2561 CMOBM
764 2516 854 2560 edd
917 2515 973 2560 cf.
999 2531 1044 2572 p.
1066 2520 1206 2571 173,2
1390 2520 1443 2558 15
1476 2516 1621 2558 αὐτοῦ
1655 2515 1815 2558 MoIB

223 2580 275 2616 16
307 2574 387 2618 τὸν
420 2574 669 2629 Μάτερνον
702 2589 777 2618 om
807 2576 842 2618 I
877 2576 883 2630 Ι
926 2573 1153 2630 ματέρνον
1188 2575 1308 2620 GMo
1336 2574 1405 2618 Re
1535 2578 1588 2616 18
1623 2571 1828 2629 ἐνόμιζεν
1859 2573 1905 2617 Α

221 2633 301 2676 sed
332 2650 386 2691 γρ
419 2634 629 2690 ἐνόμιζον
661 2633 710 2676 in
741 2647 875 2691 marg
937 2633 1146 2690 ἐνόμιζον
1181 2634 1350 2678 ΟΜΟΡ
1379 2634 1460 2676 sed
1491 2632 1540 2674 in
1571 2632 1660 2676 hoc
1692 2648 1715 2676 ο
1747 2632 1798 2674 in
1827 2645 1903 2675 ras

220 2691 303 2746 m²‚
335 2693 410 2735 IB
441 2693 509 2736 Re
638 2697 691 2735 19
723 2691 905 2736 τοιοῦτό
938 2693 1071 2749 Bong
1097 2695 1103 2750 Ι
1131 2693 1242 2749 ἡμῖν
1275 2693 1396 2737 ἐστιν
1432 2692 1553 2736 ΟΜο
1613 2690 1724 2747 ἡμῖν
1756 2691 1849 2734 ΑΡ

221 2753 328 2849 Ξμῖν
353 2796 386 2837 Ι
440 2795 550 2850 ὑμῖν
576 2797 635 2839 Μ
658 2796 739 2839 sed
763 2812 791 2838 v
818 2810 872 2839 ex
895 2813 923 2851 η
950 2809 1051 2839 con·
1072 2796 1075 2853 ἱ
1097 2796 1292 2848 ἐπαῐρον
1309 2796 1377 2839 Re
1439 2794 1615 2849 ἑταῖροι
1638 2793 1748 2836 libri
1771 2793 1906 2849 Bong

303 2857 358 2896 20
389 2852 616 2909 ὑμετέρων
652 2856 713 2897 Μ
741 2855 822 2898 sed
853 2872 882 2898 v
913 2855 962 2897 in
993 2868 1068 2897 ras
1151 2853 1383 2910 ἡμετέρων
1413 2853 1583 2908 reliqui
1613 2852 1724 2895 libri
1754 2852 1822 2895 Re

223 2916 275 2953 21
312 2911 598 2968 ὀλυμπιακὰς
631 2913 752 2956 CMo
