1992 3094
496 101 725 146 LIBANH
756 101 980 146 ORATIO
1012 102 1132 147 PRO
1165 102 1422 148 TEMPLIS
1696 106 1795 158 101

112 238 322 309 ἀρκοῦν
376 234 526 308 οἶμαι
580 245 656 309 τῷ
714 238 1006 302 δικάζοντι.
1100 237 1217 292 ἀλλ’
1263 234 1418 293 οὗτοι
1478 243 1638 307 μόνοι
1691 251 1802 294 τῶν

113 328 370 380 ἁπάντων
407 325 533 395 περὶ
573 321 652 379 ὧν
691 328 1036 396 κατηγόρουν
1075 326 1329 392 ἐδίκαζον
1358 326 1448 381 καὶ
1482 329 1802 392 δικάσαντες

112 414 268 470 αὐτοὶ
299 416 365 468 τὰ
395 424 507 468 τῶν
539 415 751 484 δημίων
784 414 1028 468 ἐποίουν.
1089 419 1147 468 τί
1175 417 1243 485 δὴ
1277 419 1584 487 ζητοῦντες;
1625 418 1802 487 εἰργο-

110 504 312 572 μένους
349 503 617 557 ἐντεῦθεν
663 506 796 566 τοὺς
833 504 899 556 τὰ
938 513 1048 556 τῶν
1086 510 1240 558 θεῶν
1278 514 1547 572 τιμῶντας
1587 505 1672 558 ἐπὶ
1712 506 1802 559 τά-

110 595 308 669 κείνων
347 589 657 660 ἐνεχθῆναι.
723 593 877 645 τουτὶ
918 590 967 644 δ’
998 591 1113 645 ἐστὶ
1152 594 1376 646 πάντων
1414 594 1800 662 εὐηθέστατον.

110 684 192 744 τίς
236 682 340 750 γὰρ
390 680 492 732 οὐκ
532 676 703 748 οἶδεν,
759 681 832 742 ὡς
883 681 1070 743 αὐτοῖς
1122 674 1206 743 οἷς
1253 683 1467 736 ἔπαθον
1513 686 1726 751 μᾶλλον
1770 683 1802 752 ἢ

106 771 242 840 πρὶν
281 767 342 822 ἐν
381 761 464 831 οἷς
503 764 643 836 ἦσαν
682 776 853 822 ταῦτα
895 771 1335 838 τεθαυμάκασιν;
1376 772 1558 841 ὥσπερ
1599 773 1653 824 οἱ
1691 781 1804 825 τῶν

110 859 374 925 σωμάτων
413 856 644 927 ἐρῶντες
690 856 749 910 ἐκ
787 866 888 910 τοῦ
935 859 1251 912 κωλύεσθαι
1298 861 1371 928 μὴ
1409 867 1573 912 τοῦτο
1622 868 1803 914 ποιεῖν

109 952 319 1015 μᾶλλον
358 954 522 999 τοῦτο
562 954 788 999 ποιοῦσι
834 945 924 1000 καὶ
975 949 1263 1015 γίγνονται
1310 957 1421 1001 τῶν
1461 948 1644 1002 αὐτῶν
1683 947 1803 1017 ἐρα-

106 1035 231 1089 σταὶ
287 1037 669 1106 σφοδρότεροι.
746 1036 832 1088 27.
890 1037 937 1088 εἰ
991 1034 1052 1089 δὲ
1097 1045 1216 1099 ταῖς
1270 1046 1647 1106 κατασκαφαῖς
1693 1036 1802 1106 ἐγί-

109 1145 309 1193 γνοντο
355 1133 449 1194 τῆς
495 1122 715 1194 γνώμης
761 1127 818 1177 αἱ
863 1125 989 1194 περὶ
1038 1133 1211 1178 ταῦτα
1260 1129 1581 1195 μεταβολαί,
1636 1127 1803 1179 πάλαι

102 1212 180 1266 ἂν
207 1221 287 1283 ’σῇ
327 1216 497 1286 ψήφῳ
537 1215 603 1266 τὰ
644 1215 763 1284 ἱερὰ
793 1213 1152 1267 κατέσκαπτο·
1192 1215 1359 1268 πάλαι
1391 1216 1495 1282 γὰρ
1528 1214 1599 1268 ἂν
1630 1214 1804 1283 ἡδέως

110 1303 316 1371 ταύτην
343 1299 509 1365 ’.εἶδες
555 1303 657 1370 τὴν
703 1306 1026 1371 μεταβολήν.
1103 1301 1221 1356 ἀλλ’
1253 1301 1402 1374 ᾔδεις
1453 1304 1520 1356 οὐ
1568 1305 1803 1372 δυνησό-

109 1410 286 1458 μενος.
364 1393 458 1444 διὰ
512 1390 660 1444 τοῦτ’
694 1391 933 1461 ἀπέσχου
989 1401 1100 1445 τῶν
1158 1393 1321 1462 ἱερῶν
1374 1394 1601 1445 τούτων.
1677 1393 1802 1445 τού-

1829 1058 1870 1090 10

109 1499 238 1542 τους
263 1478 335 1548 δ’,
360 1482 413 1532 εἰ
433 1484 530 1533 καί
556 1501 609 1533 τι
640 1488 899 1533 τοιοῦτον
929 1482 1302 1550 προσεδόκων,
1334 1482 1467 1549 μετὰ
1500 1489 1602 1534 σοῦ
1635 1495 1802 1551 προσ-
1827 1499 1869 1533 15

108 1575 240 1636 ἧκεν
294 1567 484 1621 ἐλθεῖν
539 1567 621 1621 ἐπ’
660 1569 794 1622 αὐτὸ
848 1570 938 1622 καὶ
993 1570 1326 1635 μεταδοῦναι
1381 1574 1455 1640 τῷ
1508 1575 1803 1639 κρατοῦντι

106 1664 205 1725 τῆς
256 1659 585 1726 φιλοτιμίας.
661 1654 732 1726 ἧν
787 1657 873 1726 δέ,
929 1652 1108 1726 οἶμαι,
1162 1655 1336 1726 μηδὲν
1390 1657 1806 1728 ἁμαρτάνοντας

110 1751 428 1815 κατορθοῦν
482 1747 618 1815 ἅπερ
673 1749 885 1815 ἤθελον
937 1748 1166 1800 κάλλιον
1211 1746 1244 1814 ἢ
1293 1747 1427 1815 μετὰ
1477 1754 1577 1799 τοῦ
1630 1750 1803 1814 πλημ-

112 1837 311 1903 μελεῖν.

121 1931 125 1934 “
223 1923 310 1976 28.
365 1925 435 1976 Εἰ
476 1923 540 1977 δέ
578 1939 666 1977 σοι
707 1926 955 1993 φήσουσί
991 1945 1144 1987 τινας
1184 1923 1403 1994 ἑτέρους
1440 1923 1550 1976 ὑπὸ
1589 1923 1801 1975 τούτων

111 1997 445 2081 γενενῆσθαι
493 2022 605 2066 τῶν
650 2011 833 2083 ἔργων
880 2011 970 2066 καὶ
1011 2011 1124 2081 μετ’
1156 2013 1341 2065 αὐτῶν
1388 2008 1530 2065 εἶναι
1577 2019 1641 2080 τῇ
1680 2009 1803 2080 περὶ

107 2108 211 2154 τοῦ
251 2104 414 2154 θείου
458 2100 614 2172 δόξῃ,
660 2104 732 2171 μή
782 2117 844 2155 σε
891 2100 1323 2155 λανθανέτωσαν
1363 2101 1689 2167 δοκοῦντας,
1736 2099 1801 2151 οὐ

112 2189 512 2258 γεγενημένους
552 2189 817 2259 λέγοντες.
879 2189 1147 2259 ἀφεστᾶσι
1187 2186 1288 2258 μὲν
1328 2190 1431 2258 γὰρ
1465 2184 1634 2240 οὐδὲν
1671 2191 1802 2256 μᾶλ-

233 2325 285 2363 17
319 2320 348 2376 ἡ
380 2318 622 2371 ἀντίθεσις
652 2320 950 2376 ἀντιστατική
984 2320 1050 2364 V²
1228 2324 1282 2361 23
1316 2317 1666 2375 γεγενημένους]
1699 2316 1801 2372 ἤτοι
1885 2378 1890 2381 q

111 2379 405 2435 χριστιανούς
437 2393 654 2436 suprascr
680 2382 740 2425 M

138 2533 142 2535 >
230 2502 256 2540 2
281 2497 555 2550 amozgomg
588 2499 632 2542 V
757 2503 783 2541 3
816 2497 867 2543 δὲ
901 2497 1065 2540 Sinner
1184 2502 1212 2540 4
1243 2496 1300 2540 τὰ
1328 2492 1516 2540 ’κείνων
1549 2495 1661 2538 MV
1744 2492 1801 2536 τὰ

0 2580 1 2585 =
113 2552 279 2600 κείνων
312 2559 347 2600 I
362 2556 574 2602 Monnier
695 2563 721 2601 5
755 2557 1006 2615 ἐνεχθῆναι
1030 2557 1065 2599 Ι
1090 2555 1171 2599 sed
1196 2556 1217 2600 ἐ
1247 2555 1295 2597 in
1319 2569 1394 2598 ras
1418 2554 1489 2597 m³
1515 2558 1520 2609 Ι
1549 2552 1602 2597 δέ
1626 2553 1718 2596 ἐστι
1743 2552 1805 2595 Μ

52 2637 54 2640 ,
116 2614 260 2718 Οὖῗρ
293 2616 387 2718 §sing
419 2617 481 2717 Bh
574 2614 893 2720 .10,ἐγέίνοντο
929 2615 972 2659 V
1067 2673 1083 2698 3
1104 2620 1159 2730 Ι14
1191 2611 1402 2717 {cambit}
1429 2613 1594 2715 ΡΙᾹῙΙᾸ
1622 2609 1800 2686 ἀπέχων

134 2699 137 2702 -
258 2687 317 2723 ser
368 2689 419 2718 111
485 2688 539 2718 oc
570 2690 619 2720 1n
640 2691 718 2718 απ
745 2690 770 2718 σ
801 2691 856 2718 ου
890 2688 991 2717 con·
1013 2688 1060 2716 m
1142 2689 1325 2723 τουτοις
1560 2688 1585 2714 υ
1616 2685 1800 2714 τοιουτο

113 2731 271 2777 PMV
288 2733 379 2777 edd
406 2736 412 2790 l
441 2741 638 2789 μετασοῦ
669 2735 715 2778 Ρ
771 2692 797 2732 χ
865 2738 918 2776 16
950 2732 1063 2789 μετὰ
1094 2734 1263 2776 δοῦναι
1290 2733 1328 2777 C
1469 2734 1520 2773 17
1553 2736 1634 2786 τῆς
1664 2743 1740 2772 om
1767 2729 1807 2772 0

109 2815 115 2821 ·
175 2790 376 2847 18··ἤπερ
409 2793 455 2835 Β
495 2796 502 2849 1
533 2795 783 2850 »πλημελεῖν
818 2792 1038 2837 CPUIM
1186 2795 1241 2835 20
1274 2789 1327 2835 δέ
1358 2804 1430 2834 σοι
1461 2788 1612 2832 verbis
1642 2802 1800 2831 rursus

113 2847 281 2906 incipit
309 2854 357 2895 -A
388 2850 483 2905 (fol.
507 2854 607 2908 141)
640 2851 732 2896 Got
754 2851 823 2894 Re
1005 2855 1059 2893 23
1091 2845 1229 2904 ἧττον
1260 2851 1307 2894 Ρ
1336 2850 1416 2892 sed
1450 2844 1530 2902 ἧττ
1559 2847 1607 2890 in
1631 2860 1707 2890 ras
1731 2845 1802 2889 m²

115 2909 163 2951 et
192 2911 361 2964 μᾶλλον
392 2910 441 2953 in
466 2924 599 2967 marg
621 2910 704 2966 ωδ,
738 2910 837 2954 BU

1828 1943 1870 1974 20
