1992 3094
354 120 583 165 LIBANII
614 119 839 164 ORATIO
870 119 951 185 DE
984 118 1277 164 ANTIOCHI
1306 119 1513 164 UXORE
1713 120 1780 171 61

207 264 289 310 17.
328 261 772 309 Laurentianus
804 259 946 307 LVII
973 263 1041 309 20
1081 276 1206 309 saec.
1236 261 1328 307 XV
1359 260 1443 308 fol.
1474 261 1591 308 158.
1657 260 1782 308 Vide

95 341 134 386 t.
158 337 183 384 I
213 353 261 398 p.
288 337 354 385 39
370 351 441 398 sq.
475 336 525 382 et
558 335 677 382 236.

208 411 290 458 18.
322 409 765 457 Laurentianus
798 407 986 455 XXXII
1007 410 1072 456 13
1099 424 1223 456 saec.
1250 408 1367 455 XIV
1393 409 1476 455 fol.
1501 410 1618 456 106.
1659 408 1786 456 Vide

99 489 136 534 t.
160 485 185 532 I
215 501 261 546 p.
289 485 478 545 227sq.
511 488 560 530 et
595 483 715 530 236.

210 560 292 606 19.
331 556 775 605 Laurentianus
799 555 940 603 LVII
958 557 1027 603 44
1053 571 1175 604 saec.
1190 556 1313 603 XIII
1330 549 1426 622 (=
1444 550 1541 619 La)
1559 556 1642 604 fol.
1662 558 1781 604 153.

97 633 222 680 Vide
251 634 288 680 t.
313 632 339 679 I
370 649 415 694 p.
452 632 557 678 224
571 647 642 693 sq.
684 633 733 678 et
774 631 895 678 236.
973 628 1146 678 Oratio
1202 632 1377 692 quovis
1432 631 1581 678 titulo
1636 633 1789 691 caret,

98 708 217 770 quin
270 707 423 754 etiam
475 721 588 753 cum
639 704 735 751 fine
782 704 1119 752 antecedentis
1172 703 1309 770 πρὸς
1335 701 1594 752 Πολυκλέα
1648 705 1788 752 1111110

99 782 260 843 spatio
297 781 578 828 intermisso
618 779 858 826 cohaeret.
938 777 1153 826 Contuli.

211 856 294 903 20.
347 853 662 902 Parisinus
701 870 781 916 gr.
808 854 949 901 3016
999 867 1122 901 saec.
1148 853 1240 899 XV
1289 846 1383 919 (=
1410 845 1503 917 Pa)
1551 852 1635 901 fol.
1666 853 1787 899 165.

18 956 22 958 .
98 929 224 976 Vide
262 931 298 976 t.
323 928 349 975 I
378 945 426 990 p.
454 929 521 975 53
541 943 612 989 sq.
647 929 696 975 et
722 928 843 974 236.
907 926 1123 975 Contuli.

207 1002 302 1050 Hic
327 1018 522 1064 quoque
547 1002 674 1049 duae
700 1001 1076 1065 distinguuntur
1106 1001 1330 1049 codicum
1353 1001 1590 1048 familiae.
1643 1000 1791 1048 Ratio

101 1093 226 1139 quae
256 1078 387 1124 inter
411 1075 632 1140 singulos
649 1075 952 1135 intercedat,
985 1075 1140 1124 disces
1166 1092 1191 1122 e
1216 1077 1476 1123 stemmate
1508 1078 1543 1122 t.
1561 1074 1587 1121 I
1616 1091 1662 1136 p.
1685 1076 1789 1122 237

99 1150 355 1214 proposito
393 1151 554 1212 iisque
594 1165 721 1211 quae
759 1150 878 1197 huic
915 1149 1101 1196 ibidem
1139 1167 1187 1211 p.
1224 1151 1326 1197 236
1368 1149 1628 1211 praefatus
1668 1164 1791 1196 sum.

213 1298 416 1347 Codices
451 1299 533 1346 La
573 1300 623 1346 et
651 1299 728 1346 Pa
767 1298 831 1344 ad
868 1297 1001 1345 idem
1037 1297 1199 1344 redire
1239 1298 1491 1358 exemplar
1528 1297 1697 1358 palam
1735 1296 1793 1344 fit

101 1389 343 1423 consensu
379 1375 711 1434 peccatorum,
752 1388 776 1420 e
810 1371 989 1433 quibus
1020 1371 1142 1419 haec
1175 1387 1485 1419 enumerasse
1524 1372 1645 1418 satis
1686 1371 1793 1418 erit.

101 1447 355 1496 Omittunt
394 1447 537 1494 ambo
576 1446 778 1495 voculas
817 1451 905 1494 τοῦ
944 1463 991 1508 p.
1020 1447 1215 1507 63,11;
1254 1453 1340 1509 τῆς
1383 1447 1467 1506 68,
1494 1447 1553 1507 33

213 1523 439 1569 inserunt
475 1538 528 1586 γε
566 1523 680 1582 post
726 1519 794 1569 ἔτι
832 1537 877 1582 p.
910 1522 1065 1581 73,73
1112 1517 1195 1567 καὶ
1234 1523 1349 1567 ante
1388 1525 1484 1566 νῦν
1522 1536 1570 1580 p.
1600 1519 1796 1579 73‚15;

212 1595 451 1658 praebent
481 1593 715 1658 τοιαύτην
746 1610 836 1656 pro
868 1593 1112 1657 τοσαύτην
1142 1611 1189 1655 p.
1210 1595 1294 1654 68,
1316 1596 1370 1655 73
1410 1590 1526 1641 οὐδὲ
1558 1609 1648 1655 pro
1681 1587 1792 1640 οὐδ’

103 1668 149 1718 εἰ
180 1671 263 1730 70,
283 1671 373 1730 203
427 1666 644 1717 ἕδέὸεκτο
690 1685 781 1730 pro
828 1665 1052 1716 ἐδέδοκτο
1098 1667 1303 1729 ibidem3
1358 1666 1411 1716 τὸ
1451 1664 1797 1732 πεπραγμένον

103 1760 194 1806 pro
232 1747 296 1811 τῷ
329 1740 652 1811 πεπραγμένῳ
691 1759 737 1804 Ρ.
769 1744 962 1803 72,21;
1010 1738 1064 1800 ὃς
1102 1758 1192 1804 pro
1234 1740 1348 1799 ὅσος
1390 1743 1473 1802 74,
1501 1743 1555 1802 33
1607 1740 1659 1790 τό
1706 1756 1796 1802 pro

105 1821 170 1885 τῷ
207 1820 290 1877 79,
317 1818 346 1865 6
389 1820 439 1864 et
480 1820 532 1877 73
572 1816 618 1865 εἰ
654 1814 736 1864 καὶ
772 1833 864 1879 pro
903 1814 986 1864 καὶ
1024 1815 1070 1864 εἰ
1106 1833 1152 1878 p.
1182 1818 1368 1877 79,13.

253 1891 330 1939 Ab
369 1891 462 1938 hoc
501 1891 769 1952 exemplari
807 1907 906 1938 non
943 1891 1017 1938 ita
1055 1891 1270 1938 multum
1309 1891 1464 1938 distat
1503 1889 1654 1937 codex
1692 1890 1795 1936 Mo.

112 1965 244 2013 Nam
280 1967 323 2013 is
364 1981 558 2026 quoque
600 1965 805 2027 praebet
842 1962 924 2012 καὶ
963 1966 1077 2012 ante
1116 1970 1211 2012 νῦν
1250 1982 1296 2026 Ρ.
1327 1965 1408 2024 73,
1431 1966 1521 2025 153
1568 1962 1800 2025 τοιαύτην

107 2055 155 2102 p.
182 2040 341 2100 68,73
380 2035 434 2097 ὃς
472 2056 518 2100 Ρ.
549 2040 705 2100 74,3;
744 2037 789 2087 εἰ
824 2037 906 2086 καὶ
945 2054 1035 2100 pro
1075 2036 1157 2085 καὶ
1196 2037 1241 2085 εἰ
1276 2055 1324 2099 Ρ.
1354 2039 1540 2098 79,13.

221 2113 468 2170 Quoniam
498 2127 614 2161 vero
647 2113 917 2174 exemplari
952 2113 1042 2160 illo
1076 2111 1139 2159 ad
1170 2112 1406 2159 lectiones
1440 2110 1695 2173 archetypi
1727 2126 1800 2158 se-

111 2187 298 2235 cundae
322 2187 542 2235 familiae
565 2186 924 2248 recuperandas
949 2186 1096 2234 facile
1121 2201 1285 2233 carere
1309 2199 1570 2247 possumus
1596 2187 1645 2231 et
1670 2186 1800 2231 uter-

113 2276 206 2322 que
231 2261 381 2309 codex
406 2254 511 2327 (La
526 2254 625 2326 Pa)
659 2276 849 2308 summa
874 2277 984 2309 cum
1008 2261 1325 2323 neglegentia
1357 2261 1585 2307 exaratus
1611 2259 1800 2306 lacunis

112 2335 503 2397 corruptelisque
531 2337 688 2383 scatet
711 2351 869 2395 neque
892 2335 996 2382 ullo
1019 2334 1128 2381 loco
1153 2333 1294 2381 nobis
1319 2333 1578 2392 succurrit,
1610 2335 1801 2380 utrum-
1886 2376 1901 2382 ..

115 2423 207 2469 que
261 2409 322 2456 ab
378 2411 622 2470 apparatu
669 2410 840 2456 critico
887 2409 1073 2456 exclusi
1117 2407 1589 2468 fundamentumque
1637 2421 1799 2454 recen-

38 2527 39 2530 ,
114 2482 264 2530 5101115
302 2484 355 2528 111
394 2482 511 2530 50115
549 2482 798 2531 codicibus
841 2481 977 2530 OAP
984 2482 1055 2530 Va
1061 2482 1179 2528 ΒΜ
1213 2483 1262 2528 et
1302 2481 1437 2529 VUI
1434 2482 1521 2528 Mo
1560 2481 1716 2541 posui.

224 2556 470 2603 Numerus
487 2557 710 2604 1000111111
727 2572 755 2603 6
772 2556 1034 2603 Macario
1060 2554 1501 2617 Chrysocephal
1516 2570 1565 2612 0,
1585 2554 1802 2600 Thoma

35 2661 42 2695 ·.
116 2627 429 2694 Magistro,
466 2630 719 2677 Maximo
758 2629 1026 2677 Planude
1068 2630 1407 2690 excerptorum
1441 2630 1561 2675 satis
1593 2642 1804 2690 magnus

25 2711 42 2743 «ἑ
118 2705 205 2762 est,
244 2703 328 2751 sed
361 2703 493 2764 quod
523 2705 712 2765 primus
745 2705 1020 2751 orationem
1050 2697 1357 2767 inscripsitl)
1398 2699 1518 2749 κατὰ
1558 2707 1653 2748 τῶν
1693 2702 1802 2747 πλε-

239 2816 280 2869 1)
328 2813 481 2866 Quare
518 2829 611 2858 non
652 2815 799 2858 solum
840 2813 1099 2857 Villoisono
1138 2812 1313 2857 Anecd.
1338 2813 1380 2855 Π
1407 2817 1483 2865 15,
1533 2811 1614 2854 sed
1663 2811 1807 2855 etiam

23 2890 43 2907 .·
120 2870 340 2917 Reiskiae
371 2874 459 2929 (t.I
489 2873 635 2930 praef.
660 2889 704 2930 p.
730 2873 895 2929 XXIX>
926 2871 1173 2928 imposuit,
1212 2874 1266 2915 ut
1296 2886 1380 2928 pro
1420 2871 1601 2914 inedita
1633 2870 1804 2913 oratio-

25 2934 43 2963 ·-2
122 2943 228 2974 nem
258 2931 499 2976 haberent.
