1992 3094
208 100 319 153 454
726 97 953 140 LIBANII
986 96 1209 141 ORATIO
1240 97 1383 140 XLIX

208 236 435 303 κούσης,
491 238 702 301 μᾶλλον
750 229 810 284 δὲ
865 233 941 294 εἰς
995 234 1136 284 πολὺ
1186 234 1503 302 φαυλότερα
1555 231 1646 285 καὶ
1692 236 1902 302 πολλῆς

210 323 314 376 ἀπὸ
362 333 474 376 τῶν
519 322 932 390 βουλευτηρίων
980 319 1067 389 ἐφ’
1108 319 1327 391 ἑτέρους
1373 323 1534 388 βίους
1573 320 1903 390 γιγνομένης

207 420 301 481 τῆς
348 419 530 479 φυγῆς
575 408 664 462 καὶ
711 418 822 462 τῶν
868 410 1082 462 πόλεων
1135 408 1616 475 τεταπεινωμένων
1668 415 1743 482 τῷ
1790 419 1902 464 τῶν

207 503 429 567 βουλῶν
477 500 706 568 σχήματι
752 506 863 550 τῶν
915 498 1098 549 ἄλλων
1144 497 1614 551 ἀκολουθούντων
1662 500 1902 566 ἤλγησας

165 610 184 642 5
209 589 309 657 μὲν
348 587 509 652 ἀξίως
547 594 647 639 τοῦ
686 586 1026 655 πράγματος,
1068 582 1109 637 ὦ
1148 588 1404 654 βασιλεῦ,
1446 585 1537 638 καὶ
1577 587 1676 639 τὸν
1715 590 1902 656 Κυνή-

119 690 323 733 R11572
355 696 480 744 γιον
519 674 590 728 ἔτ’
623 674 712 728 ἐπὶ
752 684 862 727 τῶν
903 675 1145 743 δεήσεων
1184 673 1516 743 τεταγμένον
1552 673 1741 747 ᾠήθης
1775 679 1782 741 Ι
1819 675 1903 728 ε’κ-

207 765 414 832 πέμψαι
462 766 581 817 δεῖν
628 771 791 817 τοῦτο
839 764 1013 828 μόνον
1061 765 1227 832 ἔργον
1274 762 1465 826 ἕξοντά
1510 783 1568 816 τε
1613 764 1704 816 καὶ
1753 765 1902 817 ἰασό-

207 874 394 922 μενον,
427 852 562 922 πρὶν
596 849 656 905 δὲ
689 852 720 920 ἢ
753 858 915 904 τοῦτο
947 857 1285 921 πραχθῆναι,
1317 853 1620 920 γενόμενον
1650 851 1902 922 ὕπαρχον

208 941 450 1005 ἐκέλευες
496 941 654 1011 μέχρι
700 948 800 993 τοῦ
847 942 1058 993 Νείλου
1107 949 1306 1009 χωρεῖν
1354 942 1550 1009 ἔχοντα
1595 941 1686 994 καὶ
1735 948 1900 994 τοῦτο

142 1053 184 1086 10
209 1030 269 1084 ἐν
308 1033 545 1102 προνοίᾳ
583 1029 793 1098 μηδένα
833 1028 1058 1099 ἀφιέναι
1104 1030 1251 1099 παρὰ
1292 1030 1350 1082 τὸ
1400 1027 1461 1082 ἐν
1501 1029 1639 1100 ἀρχῇ
1679 1037 1902 1099 γεγενῆ-

209 1125 359 1172 σθαι.
436 1119 463 1172 ὁ
499 1119 559 1172 δὲ
591 1120 789 1188 χείρων
828 1126 921 1186 τῆς
960 1118 1296 1186 προσδοκίας
1327 1117 1523 1185 φανεὶς
1561 1116 1653 1171 καὶ
1694 1119 1903 1187 μεγάλα

209 1204 310 1274 μὲν
342 1208 654 1276 ἀπειλήσας,
695 1205 874 1270 δείξας
906 1203 967 1259 δὲ
1008 1205 1041 1259 ἃ
1080 1204 1185 1258 κᾶν
1225 1207 1554 1275 αἰσχυνθείη
1594 1227 1676 1270 τις
1709 1209 1901 1276 εἰπεῖν,

209 1296 511 1365 ἁπτόμενος
556 1297 659 1365 μὲν
705 1295 766 1349 ἐν
813 1303 877 1365 τῇ
924 1297 1120 1365 πορείᾳ
1173 1303 1273 1347 τοῦ
1328 1296 1669 1365 πράγματος,
1725 1295 1787 1349 ἐν
1840 1296 1903 1350 δὲ

207 1387 456 1451 ματαίοις
479 1386 749 1455 θορύβοις
775 1385 1078 1452 ἱστάμενος,
1112 1384 1256 1436 οὕτω
1281 1383 1384 1450 μὲν
1409 1380 1520 1436 εἶδε
1551 1386 1650 1437 τὸν
1673 1388 1901 1453 Νεῖλον,

144 1496 184 1527 15
210 1474 354 1526 οὕτω
395 1471 455 1526 δὲ
493 1475 661 1526 πάλιν
701 1474 799 1526 τὸν
839 1474 1157 1542 Βόσπορον,
1206 1481 1437 1542 φρονῶν
1482 1470 1583 1539 μὲν
1630 1474 1702 1536 ὡς
1742 1474 1810 1542 δή
1850 1493 1901 1526 τι

207 1563 530 1631 πεποιηκώς,
570 1562 880 1630 πεποιηκὼς
919 1562 980 1613 δὲ
1020 1560 1202 1614 οὐδέν.

318 1652 366 1703 4.
431 1651 675 1723 Κάκείνῳ
714 1648 816 1717 μὲν
857 1652 926 1703 ἄν
965 1670 1046 1712 τις
1086 1649 1394 1718 ἐγκαλέσειε
1434 1650 1738 1721 ρᾳθυμίαν,
1775 1649 1902 1722 περὶ

210 1739 271 1792 δὲ
318 1749 428 1792 τῶν
474 1743 791 1808 βουλευτῶν
838 1742 893 1792 τί
937 1759 1020 1801 τις
1066 1738 1136 1791 ἂν
1183 1742 1375 1807 φήσειε
1421 1749 1534 1792 τῶν
1581 1740 1787 1807 ὀλίγων
1833 1739 1902 1792 οὐ

210 1827 605 1896 βουληθέντων
651 1828 915 1896 γενέσθαι
961 1829 1257 1892 πλειόνων;
1307 1831 1366 1880 τί
1407 1829 1512 1897 γὰρ
1559 1823 1629 1895 ἦν
1677 1829 1745 1896 δὴ
1790 1836 1902 1880 τῶν

145 1937 188 1969 20
211 1924 374 1969 τοῦτο
438 1916 818 1985 βουλομένων;
890 1918 1189 1982 ἱκετεῦσαι,
1253 1917 1550 1985 δακρύσαι,
1614 1918 1900 1986 δεηθῆναι,

210 2013 397 2057 πεσεῖν
436 2006 514 2067 εἰς
553 2008 716 2073 γόνυ,
765 2008 963 2073 βοῆσαι
1011 2006 1077 2057 τὰ
1123 2014 1234 2058 τῶν
1273 2004 1678 2074 ἀδικουμένων,
1726 2007 1899 2058 αὐτοῦ

120 2103 325 2148 RH573
357 2092 543 2159 μένειν
583 2095 783 2162 εἰπεῖν,
824 2096 872 2147 εἰ
911 2097 984 2162 μή
1023 2113 1105 2156 τις
1144 2093 1319 2146 ἕλκων
1358 2092 1595 2162 ἐκβάλοι.
1638 2093 1644 2164 Ι
1686 2094 1901 2146 τούτων

328 2243 353 2280 5
387 2237 442 2281 cf.
469 2253 512 2294 p.
529 2243 614 2282 425
638 2241 769 2283 nom
894 2243 920 2283 s
954 2238 1245 2295 cf.p.179‚9;
1271 2239 1613 2295 t.111104,9R;
1641 2237 1732 2282 CIL
1755 2226 1950 2282 11119⁸⁴

389 2302 443 2339 20
462 2312 527 2353 sq.
563 2297 619 2341 cf.
644 2313 689 2354 p.
709 2302 923 2355 431‚3sq.

331 2434 352 2471 1
387 2433 571 2482 πολλοῖς
604 2431 641 2474 C
759 2435 784 2474 5
820 2427 1050 2488 ’σχήματος
1085 2432 1150 2488 01
1187 2427 1221 2475 ὦ
1253 2431 1427 2475 inserui
1459 2444 1484 2475 e
1517 2433 1562 2475 B
1624 2445 1700 2475 om
1731 2430 1901 2486 reliqui
1982 2460 1987 2470 ,

209 2486 318 2530 libri
351 2489 442 2531 edd
469 2490 475 2547 Ι
502 2497 594 2534 τῶν
620 2490 688 2533 01
806 2494 829 2532 7
862 2506 911 2547 γε
935 2490 1068 2547 Bong
1191 2494 1246 2533 10
1278 2489 1480 2543 ἀφιέντα
1507 2491 1543 2534 Ο
1601 2489 1770 2546 ἀφιέντ
1794 2504 1900 2534 cum

210 2574 285 2603 ras
328 2567 348 2603 1
393 2562 471 2605 litt
507 2565 615 2618 post
649 2580 673 2606 τ
706 2565 749 2607 Α
782 2564 863 2606 sed
896 2581 925 2606 α
958 2578 1100 2620 supra
1130 2581 1155 2607 τ
1187 2566 1234 2608 eb
1266 2560 1335 2608 ναι
1368 2579 1509 2620 supra
1537 2582 1566 2607 α
1600 2579 1684 2607 sor.
1702 2564 1894 2621 m.1·ec.1

213 2619 383 2677 ἐναργῆ
408 2622 453 2665 Ρ
476 2622 556 2665 sed
576 2620 588 2635 '
618 2628 759 2678 supra,
784 2640 813 2664 α
839 2636 941 2665 eras
1051 2629 1102 2666 11
1131 2622 1154 2667 ὁ
1181 2622 1364 2667 δὶς-16
1391 2622 1529 2667 οὐδέν
1555 2623 1670 2667 citat
1685 2623 1803 2666 Plan
1819 2623 1848 2665 1.
1867 2622 1896 2666 l.

274 2684 327 2722 12
358 2676 430 2729 τίς
459 2680 577 2724 Plan
774 2686 826 2724 13
859 2680 1118 2738 ἁπτόμενος
1141 2708 1197 2714 -
1226 2687 1278 2725 15
1311 2681 1554 2737 Βόσπορον
1587 2696 1662 2725 om
1691 2682 1810 2725 Plan

216 2741 268 2778 14
301 2734 423 2782 εἶδεν
455 2741 501 2783 Α
653 2744 706 2783 18
737 2738 807 2789 τίς
838 2741 871 2782 Ι
906 2743 912 2797 Ι
955 2741 1031 2783 καὶ
1066 2742 1175 2784 ante
1207 2740 1368 2796 φήσειε
1399 2742 1443 2784 Α
1476 2742 1557 2784 sed
1588 2741 1774 2797 punctis
1808 2740 1898 2795 del,

212 2794 282 2839 Re
342 2797 492 2840 delevi
628 2802 684 2841 20
717 2800 948 2854 δακρῦσαι
983 2799 1111 2844 OAP
1139 2800 1220 2843 sed
1252 2800 1302 2842 in
1332 2799 1420 2844 hoc
1444 2803 1463 2812 '⁴
1497 2801 1547 2844 in
1576 2814 1652 2844 ras
1684 2799 1774 2854 m',
1808 2799 1898 2843 edd
1974 2848 1976 2850 ,

212 2896 410 2942 fortasse
440 2902 564 2944 recte
596 2901 678 2943 sed
710 2900 765 2944 of.
795 2901 855 2944 ad.
886 2903 919 2944 t.
944 2901 987 2944 Π
1012 2906 1176 2955 355,17
1301 2907 1356 2946 22
1390 2862 1574 2962 ἐκβάλοι
1605 2904 1651 2946 Β
