1992 3094
200 129 308 181 354
714 127 940 170 LIBANII
973 125 1196 169 ORATIO
1229 125 1373 169 XLIV

199 267 398 332 σοφίας
450 266 627 317 ὄντων
680 260 783 332 μὲν
842 271 954 315 τῶν
1013 260 1152 330 μέγα
1214 257 1355 313 εἶναι
1417 263 1694 329 λεγόντων
1755 263 1890 324 τοὺς

198 355 419 419 νόμους,
460 354 637 405 ὄντων
669 349 729 404 δὲ
769 360 880 404 τῶν
911 350 1241 418 ὑμνούντων
1280 350 1379 403 τὸν
1418 347 1479 403 ἐν
1516 349 1705 412 ὅπλοις
1742 352 1887 417 βίον.

196 448 269 513 τῷ
312 439 371 494 δὲ
418 442 478 493 τὸ
518 441 716 503 κάλλος
755 441 861 507 ἄρα
899 449 1011 492 τῶν
1050 441 1232 507 λόγων
1271 442 1482 505 μᾶλλον
1522 436 1700 491 ἐδόκει
1739 441 1886 491 στίλ-

194 532 317 597 βειν
364 530 616 599 ὀμφαλοῦ
664 548 721 581 τε
769 528 1000 590 ἀσπίδος
1046 530 1281 598 χρυσίου
1329 547 1386 579 τε
1431 534 1530 580 τοῦ
1577 527 1724 596 παρὰ
1773 536 1889 580 τῶν

152 620 393 685 5νόμων.
470 618 619 685 ἥκων
666 617 728 670 δὲ
776 615 862 686 ἐφ’
903 617 1036 685 ὅπερ
1077 613 1208 685 ἧκεν
1249 617 1396 685 ἔδρα.
1474 618 1629 685 λόγοι
1675 616 1778 685 μὲν
1824 614 1888 669 ἐν
1979 651 1992 681 1<

197 706 439 776 ἡμέραις,
488 708 642 773 λόγοι
690 705 751 758 δὲ
790 703 850 757 ἐν
889 702 1028 767 νυξί.
1105 705 1279 773 μάχας
1319 700 1379 756 δὲ
1420 709 1505 757 εἰά
1543 706 1756 774 χαίρειν
1793 703 1885 757 καὶ

192 794 533 864 μαχομένους
579 793 725 862 ἠλέει
773 792 862 846 καὶ
910 794 1124 846 τούτων
1163 813 1224 862 γε
1271 793 1457 846 αὐτῶν
1502 796 1714 860 μᾶλλον
1761 793 1887 846 ὅσοι

194 886 369 946 νίκαις
402 882 826 951 ἐφιλοτιμοῦντο
861 886 1111 935 Μουσῶν
1142 902 1200 935 τε
1231 881 1545 952 ἀλλοτρίαις
1577 881 1667 934 καὶ
1697 880 1884 935 Ἀπόλ-
1972 910 1978 937 ,’

192 978 366 1034 λωνος
414 970 799 1039 Μουσηγέτου.
885 971 932 1023 3.
989 977 1062 1043 τῷ
1106 971 1167 1024 δὲ
1215 971 1445 1038 οὐδεμία
1493 972 1742 1040 συμβολὴ
1788 971 1887 1034 τὰς
1966 975 1978 1026 ,³

125 1080 167 1112 10
191 1071 373 1131 χεῖρας
420 1059 508 1113 ἐπὶ
556 1060 800 1129 ῥόπαλον
847 1060 879 1129 ἢ
927 1058 1085 1128 ξίφος
1133 1059 1238 1112 ἀπὸ
1294 1069 1406 1112 τῶν
1460 1062 1670 1128 βίβλων
1724 1061 1882 1128 μετή-

190 1169 397 1217 νεγκεν.
475 1150 530 1201 αἱ
578 1149 639 1202 δὲ
685 1143 828 1216 ἦσαν
874 1149 1073 1201 πολλαὶ
1125 1152 1372 1216 πολλῶν,
1421 1147 1538 1201 ἐπεὶ
1586 1146 1717 1202 οὐδὲ
1771 1159 1885 1201 τῶν
1964 1146 1973 1187 ’ἕ

189 1237 488 1307 ἡμετέρων,
537 1237 608 1299 ὡς
647 1238 813 1299 αὐτὸς
853 1239 1081 1306 ἔφησεν,
1129 1237 1327 1305 ἠμέλει.
1404 1239 1499 1290 καί
1541 1257 1673 1290 ποτε
1713 1237 1741 1290 ὁ
1781 1237 1884 1304 μὲν
1960 1242 1973 1274 ³³

188 1327 325 1395 πρὸς
363 1333 461 1379 τοῦ
503 1327 891 1379 διδασκαλείου
932 1335 1051 1388 ταῖς
1089 1327 1295 1395 θύραις
1335 1325 1668 1394 ἀνεγίνωσκε
1706 1329 1883 1395 καθή-
1963 1333 1970 1374 ζ

188 1435 374 1483 μενος,
430 1416 528 1468 τὸν
583 1411 643 1467 δὲ
699 1415 1059 1483 διδάσκαλον,
1114 1413 1217 1468 καὶ·
1254 1415 1357 1484 γὰρ
1405 1411 1476 1484 ἧν
1524 1413 1552 1468 ὁ
1608 1415 1884 1484 ἀγγείλας,
1958 1420 1969 1476 γ’

122 1524 163 1556 15
189 1510 376 1573 θυμοῦ
423 1523 480 1556 τε
527 1511 688 1557 τοῦτο
729 1504 819 1556 καὶ
868 1504 1036 1572 ὀργῆς
1079 1502 1364 1572 ἐνέπλησε,
1411 1502 1502 1556 καὶ
1549 1503 1610 1556 τὸ
1657 1511 1882 1573 πρᾶγμα

187 1593 287 1646 οὐκ
327 1592 647 1660 ἀκίνδυνον,
687 1592 827 1660 ἡδὺς
866 1589 927 1644 δὲ
961 1592 1104 1659 ὅμως
1137 1592 1165 1646 ὁ
1205 1593 1484 1660 κίνδυνος,
1526 1593 1573 1644 εἰ
1611 1600 1881 1646 ποιοῦντα
1959 1611 1964 1620 ·

189 1681 389 1750 ἀμείνω
445 1682 544 1749 τὴν
590 1682 775 1750 ψυχὴν
823 1682 1005 1749 δεήσει
1052 1701 1104 1734 τι
1159 1680 1248 1734 καὶ
1301 1687 1522 1734 παθεῖν.
1606 1681 1655 1733 4.
1712 1679 1824 1734 ἐπεὶ
1871 1680 1875 1751 Ι

97 1782 198 1824 RH
216 1786 301 1825 434
335 1769 396 1822 δὲ
434 1770 537 1837 ἤδη
580 1770 758 1839 ῥήτωρ
800 1790 857 1823 τε
904 1766 974 1838 ἣν
1019 1769 1109 1823 καὶ
1157 1763 1272 1833 οἷος
1311 1772 1521 1832 πόνους
1558 1768 1650 1822 καὶ
1697 1778 1884 1823 ποιεῖν

185 1859 290 1934 καὶ,
315 1859 559 1925 διδόναι,
609 1858 929 1928 ἐλευθερίας
975 1857 1246 1931 ἐπιθυμία
1295 1861 1490 1928 φεύγει
1537 1860 1639 1928 μὲν
1677 1859 1881 1912 τούσδε

121 1968 162 1999 20
187 1949 316 2009 τοὺς
369 1948 597 2014 πόνους,
652 1948 913 2016 θεάτροις
963 1945 1024 2000 δὲ
1080 1947 1369 2016 διαγέγονε
1416 1949 1710 2017 χρώμενος.
1787 1945 1880 2000 καὶ
1948 1963 1953 1989 ῑ

188 2035 331 2106 αὐτῷ
365 2036 533 2103 μυρία
571 2035 673 2101 μὲν
710 2035 770 2089 ἐν
806 2038 1087 2089 Φοινίκων
1124 2035 1414 2105 ἐπεδείχθη
1454 2038 1662 2103 πόλεσι,
1701 2036 1879 2088 πολλὰ
1944 2064 1949 2080 2

189 2120 247 2174 δὲ
296 2121 356 2175 ἐν
397 2126 771 2193 Παλαιστίνης
819 2126 1055 2178 ἄστεσιν.
1134 2120 1200 2179 οὗ
1242 2125 1309 2193 δὴ
1349 2125 1439 2177 καὶ
1486 2128 1713 2193 πολίτης
1752 2123 1880 2193 ἡμέ-
1943 2139 1951 2162 ·-’

307 2289 358 2326 21
395 2298 459 2339 sq.
488 2283 543 2327 cf.
571 2299 614 2340 p.
635 2289 770 2339 327‚7

1170 2426 1279 2462 vob·

306 2465 332 2502 4
363 2467 444 2503 τοῦ
478 2462 522 2504 Ρ
551 2462 631 2503 sed
662 2468 753 2504 τῶν
786 2475 1000 2518 suprascr
1031 2463 1100 2505 m³
1159 2470 1250 2506 τῶν
1282 2463 1327 2506 A
1452 2465 1481 2504 6
1515 2461 1648 2513 νυξὶν
1679 2463 1714 2505 Ι
1738 2462 1820 2504 sed
1848 2477 1877 2504 ν
1990 2468 1992 2497 2

186 2518 234 2560 in
267 2532 340 2561 ras
465 2523 487 2562 7
522 2535 570 2577 γε
603 2534 676 2562 0111
711 2522 772 2564 M
792 2521 924 2576 Bong
1057 2526 1081 2564 9
1115 2520 1225 2566 οὐδὲ
1258 2519 1339 2577 μία
1373 2522 1417 2564 A
1445 2523 1450 2576 1
1480 2520 1710 2578 συμβουλὴ
1743 2520 1879 2576 Bong

250 2582 302 2620 10
334 2575 502 2635 βίβλων
536 2581 620 2623 Mo
644 2579 711 2621 Re
773 2578 961 2637 βιβλίων
991 2580 1161 2636 reliqui
1192 2580 1302 2623 libri
1334 2580 1466 2635 Bong
1599 2585 1652 2624 16
1685 2579 1871 2635 ἡδὺς-

191 2640 242 2677 17
275 2639 452 2680 παθεῖν
483 2637 738 2692 praemisso
770 2639 909 2682 titulo
927 2641 1003 2711 (p.
1024 2644 1122 2692 353,
1143 2642 1185 2695 1)
1219 2639 1334 2682 citat
1365 2639 1524 2681 Macar
1554 2638 1741 2682 f01.90v

191 2699 242 2736 16
276 2695 325 2739 δὲ
361 2693 478 2749 ὅμως
510 2710 584 2739 0111
615 2697 774 2740 Macar
831 2703 834 2741 Ι
893 2695 938 2741 δ’
972 2698 1183 2753 MBong
1407 2702 1458 2740 17
1491 2695 1538 2740 τί
1567 2698 1695 2741 IBV
1715 2697 1878 2740 Macar

249 2758 301 2796 18
334 2753 508 2805 πόνους
533 2755 573 2797 V
593 2756 673 2798 sed
705 2746 869 2811 λόγους
899 2757 948 2799 111
979 2771 1113 2814 marg
1135 2756 1205 2799 m²
1233 2758 1277 2813 Ι,
1282 2757 1452 2809 ‚malim
1481 2760 1658 2800 πονεῖν*
1664 2756 1766 2800 ‘Re
1798 2753 1872 2798 cui

188 2811 430 2856 oblocutus
456 2815 526 2856 est
551 2814 879 2858 Boissonadius
906 2815 1028 2871 (Not.
1049 2818 1095 2859 et
1119 2815 1244 2860 Extr.
1265 2791 1345 2858 (les
1370 2815 1599 2858 Manuscr
1616 2814 1680 2857 XI
1703 2819 1743 2868 2,
1770 2815 1875 2868 218)

239 2875 299 2970 ΞῙ
343 2870 590 2929 ἐπεδείχθη
632 2873 796 2929 scripsi
837 2887 860 2916 e
901 2875 943 2917 V
1043 2873 1302 2931 ἀπεδείχθη
1350 2874 1519 2929 reliqui
1566 2873 1674 2916 libri
1721 2873 1812 2917 edd
1861 2870 1871 2930 l

187 2944 249 2972 πο
279 2943 372 2972 εσιν
399 2932 442 2973 A
