1992 3094
223 123 294 175 94
735 118 962 163 LIBANII
994 117 1218 162 ORATIO
1249 117 1375 160 XXX

133 271 338 314 RH170
390 266 505 318 τοῖς
554 263 796 325 κηφῆσιν
846 253 1070 307 ἐοίκασι.
1146 251 1251 305 κᾶν
1307 250 1313 323 Ι
1371 252 1685 305 ἀκούσωσιν
1735 252 1910 322 ἀγρὸν

223 348 366 414 ἔχειν
405 365 457 397 τι
495 354 606 397 τῶν
646 343 1000 412 ἁρπασθῆναι
1041 340 1384 409 δυναμένων,
1422 340 1610 403 ἐὐθὺς
1649 335 1810 404 οὗτος
1849 341 1911 395 ἐν

223 437 447 497 θυσίαις
485 432 544 485 τέ
581 431 694 486 ἐστι
733 432 822 484 καὶ
863 431 1018 483 δεινὰ
1056 439 1202 483 ποιεῖ
1239 430 1328 482 καὶ
1369 431 1454 482 δεῖ
1499 433 1782 498 στρατείας
1821 428 1903 483 ἐπ’
1964 430 1977 450 ⁵

223 523 392 575 αὐτὸν
430 522 518 574 καὶ
557 521 813 590 πάρεισιν
853 520 905 572 οἱ
946 521 1348 588 σωφρονισταί,
1386 525 1550 570 τοῦτο
1590 519 1694 587 γὰρ
1736 519 1911 587 ὄνομα
1962 514 1979 563 ’Ῠ

179 633 197 663 5
223 614 469 664 τίθενται
515 618 634 672 ταῖς
672 610 968 679 λῃστείαις,
1017 608 1065 659 εἰ
1110 608 1182 675 μὴ
1223 607 1311 659 καὶ
1358 607 1559 675 μικρὸν
1607 601 1778 660 εἷπον.
1855 608 1909 661 οὶ
1967 636 1969 638 ·

220 699 321 766 μέν
352 719 412 767 γε
443 707 738 767 πειρῶνται
771 697 1076 750 λανθάνειν
1106 697 1196 748 καὶ
1229 694 1263 747 ἃ
1286 698 1560 764 τολμῶσιν
1590 694 1910 764 ἀρνοῦνται,

135 800 335 844 RH171
381 787 394 856 Ι
443 786 547 839 κᾶν
599 785 830 856 καλέσῃς
883 787 1103 855 λῃστήν,
1157 783 1416 853 ὕβρισας,
1472 784 1530 836 οἱ
1580 780 1641 836 δὲ
1697 788 1908 852 φιλοτι-

221 884 452 942 μοῦνται
499 876 588 927 καὶ
635 875 999 941 σεμνύνονται
1050 874 1139 925 καὶ
1187 875 1317 935 τοὺς
1364 871 1706 939 ἀγνοοῦντας
1755 873 1908 925 διδά-
1965 879 1971 939 ᾗ

222 978 415 1017 σκουσι
454 964 542 1016 καὶ
582 972 761 1031 γερῶν
793 961 978 1025 ἀξίους
1010 955 1156 1014 εἶναι’
1183 974 1356 1030 φασιν
1387 960 1602 1023 αὑτούς.
1670 961 1752 1014 13.
1791 964 1909 1014 καί·

157 1075 198 1105 10
222 1072 305 1105 τοι
354 1060 516 1105 τοῦτο
564 1053 620 1104 τί
669 1050 859 1119 ἕτερόν
906 1049 1057 1102 ἐστιν
1103 1049 1136 1118 ἢ
1185 1048 1245 1102 ἐν
1300 1050 1491 1123 εἰρήνῃ
1545 1053 1908 1119 πολεμεῖσθαι
1960 1046 1971 1057 ”

221 1143 349 1202 τοὺς
387 1140 686 1209 γεωργούς;
738 1139 905 1192 οὐδὲν
944 1140 1048 1207 γὰρ
1098 1138 1284 1200 αὐτοῖς
1324 1136 1583 1201 ἐλάττους
1629 1147 1775 1192 ποιεῖ
1812 1140 1909 1202 τὰς
1959 1150 1970 1180 ‘³

221 1230 508 1297 συμφορὰς
547 1229 606 1280 τὸ
647 1228 794 1297 παρὰ
831 1237 942 1280 τῶν
982 1229 1201 1280 οἰκείων
1238 1227 1470 1296 πάσχειν
1508 1236 1703 1295 κακῶς,
1747 1229 1799 1281 εἰ
1832 1229 1905 1297 μὴ
1967 1286 1971 1287 ⁷

221 1318 309 1369 καὶ
348 1318 663 1385 δεινότερον
709 1317 769 1369 τὸ
819 1316 916 1379 οὓς
961 1317 1182 1378 εἰκότως
1229 1314 1299 1369 ἂν
1345 1314 1406 1368 ἐν
1451 1325 1712 1385 ταραχαῖς
1758 1312 1909 1386 εἶχον
1959 1350 1968 1392 3

221 1407 555 1474 συμμάχους,
594 1405 702 1458 ὑπὸ
734 1406 946 1457 τούτων
982 1403 1042 1456 έν
1072 1405 1302 1473 ἡσυχίας
1338 1410 1512 1476 καιρῷ
1545 1404 1779 1473 πάσχειν
1818 1397 1907 1458 οἶα

154 1516 195 1546 15
220 1495 471 1562 διῆλθον.

334 1583 414 1634 14.
478 1585 673 1634 Καίτοι
727 1584 781 1635 τί
827 1583 1043 1649 μαθών,
1101 1579 1142 1634 ὦ
1193 1584 1440 1650 βασιλεῦ,
1494 1583 1590 1644 τὰς
1645 1581 1908 1651 δυνάμεις

219 1670 465 1739 συνέχεις
502 1671 591 1723 καὶ
633 1670 773 1723 ὅπλα
813 1671 1182 1740 κατασκευάζῃ
1222 1671 1311 1723 καὶ
1352 1679 1678 1740 στρατηγοῖς
1723 1690 1906 1724 κοινο-
1953 1658 1969 1705 ’Τ

220 1762 355 1827 λογῇ
404 1758 495 1811 καὶ
548 1760 678 1819 τοὺς
729 1754 830 1824 μὲν
886 1757 1170 1827 ἐκπέμπεις
1224 1752 1280 1812 οἶ
1331 1758 1623 1828 συμφέρει,
1676 1767 1792 1822 τοῖς
1844 1756 1906 1811 δὲ
1955 1758 1970 1785 ‘⁴

221 1846 550 1909 ἐπιστέλλεις
589 1846 727 1915 ὑπὲρ
767 1855 878 1900 τῶν
918 1846 1267 1915 ἐπειγόντων,
1305 1857 1420 1910 τοῖς
1459 1845 1520 1901 δὲ
1559 1846 1905 1901 ἀντεπιστέλ-

154 1956 197 1987 ⁶20
221 1939 331 1997 λεις
370 1931 506 2003 ὑπὲρ
555 1930 634 1988 ὧν
681 1933 944 2003 ἐρωτῶσις
999 1937 1064 1988 τὰ
1113 1933 1172 1988 δὲ
1219 1938 1366 2006 τείχη
1413 1945 1583 1989 ταῦτα
1630 1937 1696 1989 τὰ
1742 1936 1904 1988 καινὰ
1953 1959 1957 2006 j

134 2035 334 2078 R11172
382 2024 471 2075 καὶ
511 2024 561 2075 οἱ
602 2024 822 2091 θερινοὶ
860 2026 1022 2076 πόνοι
1070 2026 1124 2077 τί
1161 2026 1418 2092 βούλεται
1465 2026 1619 2077 ταυτὶ
1669 2029 1676 2089 1
1725 2024 1904 2078 πάντα
1955 2030 1958 2036 ’

220 2111 308 2162 καὶ
353 2119 448 2163 ποῖ
494 2111 705 2179 βλέπεις
759 2113 847 2164 καὶ
895 2114 951 2164 τί
997 2112 1252 2181 προξενεῖ
1296 2122 1413 2175 ταῖς
1463 2133 1520 2166 τε
1569 2115 1762 2166 πόλεσι
1814 2112 1904 2165 καὶ
1955 2102 1958 2106 A

220 2206 333 2260 τοῖς
372 2198 562 2266 ἀγροῖς
607 2200 668 2252 τὸ
717 2203 812 2268 ζῆν
849 2220 906 2253 τε
954 2199 1014 2254 ἐν
1070 2201 1226 2272 ἀδείᾳ
1272 2203 1359 2254 καὶ
1407 2203 1707 2255 καθεύδειν
1753 2201 1904 2270 ἀκρι-
1954 2199 1959 2241 ἕ

341 2334 361 2371 1
396 2329 655 2372 ἀκούσωσιν
688 2330 721 2372 Ι
747 2330 827 2373 sed
860 2348 885 2374 ν
919 2331 1011 2373 add
1036 2332 1105 2374 m³
1146 2332 1151 2389 Ι
1195 2332 1339 2389 ἀγρὸν
1371 2333 1406 2375 Ι
1431 2333 1511 2376 sed
1545 2333 1568 2376 ὸ
1601 2332 1650 2375 in
1674 2345 1749 2375 ras
1774 2331 1845 2374 m⁸

220 2392 245 2429 2
277 2385 320 2430 τί
345 2388 444 2431 BV
583 2392 608 2430 3
642 2395 857 2443 στρατιᾶς
887 2391 1026 2434 IBM
1158 2395 1183 2433 ὅ
1215 2398 1312 2441 τοῖς
1341 2393 1554 2449 λῃσταῖςὶ)
1582 2393 1589 2448 Ι
1616 2391 1697 2435 καὶ
1727 2389 1902 2434 inserui
1950 2395 1953 2399 ’

220 2459 243 2488 e
271 2446 313 2489 V
382 2460 456 2489 om
487 2446 655 2502 reliqui
686 2446 793 2491 libri
826 2448 916 2491 edd
1047 2453 1069 2491 7
1104 2449 1149 2492 οἳ
1181 2449 1271 2493 Got
1406 2455 1431 2492 9
1465 2458 1677 2507 γεωργῶν
1709 2448 1814 2504 Gofi,
1845 2466 1901 2506 γρ
1943 2459 1956 2464 ‘

220 2519 450 2607 213⁰-va
481 2504 872 2619 ῖκῑῖῗῑςῆξῖὲ
895 2508 1065 2610 m
1087 2507 1338 2610 {33ss⁰ss
1454 2514 1511 2610 ἑὲ
1540 2508 1900 2625 3350155321227

219 2622 291 2679 τὸ]
322 2623 430 2673 τοὺς
463 2624 519 2666 Μ
701 2627 752 2666 16
792 2621 835 2667 τί
866 2651 922 2656 -
957 2630 1008 2668 17
1043 2625 1358 2684 κατασκευάζῃ
1390 2627 1645 2682 praemisso
1677 2626 1902 2685 Λιβάνιος

220 2680 336 2724 citat
366 2680 526 2725 Thom.
545 2680 604 2725 M.
632 2696 665 2724 s.
684 2696 723 2724 V.
758 2684 1078 2736 κατασκευάζω
1111 2700 1155 2741 p.
1182 2688 1282 2738 215,
1303 2690 1324 2728 1
1343 2684 1385 2727 R
1507 2690 1559 2728 17
1593 2688 1838 2742 κοινολογῆ
1870 2684 1903 2727 Ι

220 2739 299 2782 sed
330 2756 358 2795 η
390 2753 445 2783 ex
477 2747 519 2783 εἰ
548 2753 649 2783 corr
671 2740 742 2783 m³
892 2746 945 2785 18
976 2741 1171 2799 πέμπεις
1194 2744 1239 2786 Β
1267 2746 1272 2799 1
1301 2740 1371 2794 οἷς
1402 2743 1493 2787 Got
1630 2749 1684 2788 18
1715 2751 1813 2794 τοῖς
1842 2768 1897 2776 —-

223 2801 274 2840 19
307 2796 584 2855 ἐπειγόντων
607 2813 682 2842 0111
701 2797 791 2842 Got
912 2805 964 2843 19
998 2801 1268 2852 ἐπιστέλλεις
1290 2803 1323 2844 Ι
1342 2802 1422 2846 sed
1448 2802 1641 2854 στέλλεις
1670 2803 1719 2846 in
1743 2800 1901 2860 marg⁸
1947 2849 1951 2855 ,

221 2855 381 2958 logni}
401 2864 492 2900 τῶν
518 2855 795 2913 ἐπειγόντων
819 2858 867 2901 in
891 2873 1023 2916 marg
1043 2860 1101 2903 1⁸
1222 2865 1276 2903 22
1301 2877 1347 2904 τε
1372 2875 1446 2904 0111
1464 2862 1601 2906 ΙΒΜ
1612 2863 1656 2906 V
1771 2865 1826 2905 23
1849 2875 1899 2904 τε
