1992 3094
358 98 585 143 LIBANII
618 97 1075 142 CONSOLATORIA
1109 98 1190 142 AD
1222 98 1583 143 ANTIOCHUM
1717 98 1823 150 269

250 236 294 287 7.
347 233 545 302 Άλγεῖς
584 229 704 298 οὖν,
745 238 803 286 εἰ’
834 247 923 287 σοι
962 236 1213 296 τοιοῦτός
1253 233 1367 287 ε’στι
1405 232 1685 301 πολε’μιος;
1733 233 1824 286 ἀλ-

134 333 256 392 γεῖν
300 321 402 392 μὲν
448 319 553 376 οὖν
602 322 791 392 ἐχρῆν,
849 327 905 375 εἴ
951 337 1039 375 σοι
1087 324 1250 391 φίλος
1297 319 1367 390 ἦν
1414 324 1713 392 ἅνθρωπος
1766 322 1826 386 ὃς

135 414 270 466 ἄνευ
317 421 428 465 τῶν
473 410 777 480 εἰρημένων
824 409 886 464 ἐν
930 417 1005 483 τῷ
1053 412 1364 474 ψεύδεσθαι
1410 411 1500 464 καὶ
1548 411 1827 481 ἐπιορκεῖν

133 500 226 554 καὶ
264 502 394 563 τοὺς
431 500 636 563 αὐτοὺς
673 502 845 562 θεοὺς
882 507 1046 567 τιμᾶν
1095 519 1152 553 τε
1199 500 1289 553 καὶ
1328 499 1575 568 ὑβρίζειν
1613 501 1826 553 ἅπαντα

134 589 391 658 διεξῆλθε
437 589 535 642 τὸν
581 590 788 658 χρόνον
837 590 968 651 τοὺς
1013 589 1216 651 αὐτοὺς
1260 591 1496 659 τήμερον
1540 589 1642 656 μὲν
1685 582 1827 642 εἶναι
1874 610 1893 643 ⁶

133 679 408 747 μεγάλους
439 676 633 745 λέγων,
677 678 875 747 αὔριον
907 674 967 729 δὲ
1008 677 1191 745 οὐδέν,
1231 676 1319 730 ἐπὶ
1359 678 1573 748 ψυχρὰς
1610 678 1825 748 προφά-

138 781 252 829 σεις
290 766 672 836 καταφεύγων,
712 766 785 828 ὡς
824 767 892 834 δὴ
934 766 1034 835 οὐχ
1075 765 1215 819 ἑκὼν
1255 766 1484 834 ἀσεβῶν.
1546 766 1575 820 ὁ
1616 766 1678 820 δὲ
1715 774 1827 819 πᾶν

134 854 206 908 ἂν
245 853 332 908 ἐπὶ
371 858 629 925 κολακείᾳ
669 855 938 923 δράσειεν.
1017 853 1204 923 ἐπειδὴ
1256 857 1360 923 γὰρ
1410 858 1552 923 ζητεῖ
1589 852 1692 925 μὲν
1731 856 1826 908 δύ-

140 949 362 1012 νασθαι,
401 952 566 997 τοῦτο
607 941 668 996 δὲ
709 943 768 996 ἐκ
806 953 918 997 τῶν
958 945 1188 997 δικαίων
1229 944 1330 997 οὐκ
1369 942 1496 1014 ἔχει,
1541 951 1616 1015 τῷ
1649 944 1826 998 πάντα

134 1034 343 1101 τρόπον
380 1034 703 1086 κολακεύειν
741 1035 997 1110 πειρᾶταί
1031 1053 1113 1096 τις
1153 1029 1310 1086 εἶναι.
1388 1033 1436 1085 8.
1478 1034 1544 1086 τὰ
1583 1036 1828 1102 χρήματα
1852 1054 1894 1087 10

137 1118 198 1175 δὲ
237 1129 407 1174 ταῦτα
437 1120 528 1174 καὶ
564 1119 571 1192 Ι
605 1123 670 1174 τὰ
702 1124 943 1190 κτήματα
973 1124 1047 1190 μή
1078 1137 1139 1175 σε
1172 1121 1507 1190 ἐκπληττέτω
1538 1122 1677 1190 μηδὲ
1707 1134 1748 1177 R
1770 1134 1915 1178 1135ss

136 1209 446 1273 ἐξαπατάτω
500 1207 638 1279 μηδὲ
691 1212 900 1279 μισθὸν
954 1210 1147 1279 ἀρετῆς
1199 1219 1370 1263 ταῦτα
1433 1207 1577 1263 εἶναι
1629 1213 1826 1277 νόμιζε.

135 1298 243 1352 εἰσὶ
284 1300 388 1369 γὰρ
429 1300 497 1367 δὴ
529 1300 731 1367 μισθὸς
771 1300 995 1367 δρόμων
1033 1298 1124 1352 καὶ
1163 1301 1351 1353 πόνων
1394 1298 1484 1352 καὶ
1517 1301 1698 1367 λόγων
1736 1298 1826 1352 καὶ

135 1387 382 1458 πράξεων
430 1390 691 1457 αἰσχρῶν,
739 1388 802 1451 ἃς
849 1389 1075 1457 φεύγων
1121 1389 1421 1457 ἄνθρωπος
1469 1387 1707 1457 ἐπιεικὴς
1747 1387 1827 1441 δέ·

135 1474 268 1539 ξαιτ’
302 1476 372 1530 ἂν
423 1477 688 1540 πολλάκις
740 1481 953 1546 μᾶλλον
1006 1477 1318 1530 ἀποθανεῖν
1371 1479 1406 1546 ἤ
1459 1497 1513 1530 τι
1566 1484 1827 1530 τοιοῦτον
1854 1499 1893 1532 15

135 1565 444 1632 ὑπομεῖναι.
519 1568 834 1634 μεμίσθωκε
883 1563 942 1618 δὲ
990 1567 1161 1619 αὑτὸν
1207 1564 1426 1634 γυναιξὶ
1472 1569 1695 1619 πολλῶν
1742 1567 1828 1620 δε-

135 1657 390 1717 σποίναις
428 1653 816 1724 ἀνδραπόδων,
856 1651 935 1708 ὧν
974 1654 1206 1708 ἕκαστον
1244 1654 1495 1723 ἐκβάλλει
1528 1662 1625 1723 τῆς
1656 1655 1826 1708 αὐτοῦ

135 1743 335 1806 τάξεως
374 1743 539 1806 αὐτὸς
577 1743 708 1797 ἀνθ’
740 1743 972 1797 ἑκάστου
1024 1746 1364 1812 γιγνόμενος.
1442 1743 1597 1813 ἀρκεῖ
1635 1744 1696 1797 δὲ
1735 1744 1828 1798 οὐ-

54 1899 59 1905 .
137 1828 236 1884 δὲν
272 1842 384 1885 τῶν
423 1832 749 1900 διδομένων,
789 1831 907 1885 ἀλλ’
937 1835 1015 1884 ἔτι
1055 1841 1364 1900 προσαιτεῖ,
1416 1833 1590 1886 δεῖται
1637 1835 1829 1902 λαβεῖν

138 1930 339 1990 χειρῶν
370 1921 673 1990 ἁπτόμενος
703 1922 794 1974 καὶ
821 1922 1029 1989 ποδῶν,
1061 1921 1234 1988 ὀμνὺς
1265 1921 1512 1989 ὀφείλειν
1543 1920 1646 1975 οὐκ
1677 1921 1828 1990 ὀφεί-
1852 1943 1895 1975 20

139 2011 268 2075 λων,
323 2010 628 2063 δανειστῶν
682 2010 929 2078 ὠμότητα
982 2011 1084 2077 τὴν
1137 2010 1241 2062 οὐκ
1290 2006 1465 2062 οὖσαν
1513 2011 1827 2082 τραγῳδῶν.

139 2097 188 2150 9.
227 2101 320 2151 καί
356 2116 487 2151 ποτε
527 2101 669 2167 γυνή
709 2119 790 2161 τις
820 2108 932 2151 τῶν
965 2099 1207 2166 εὐγενῶν
1236 2099 1434 2166 ἥπτετο
1465 2095 1567 2165 μὲν
1598 2097 1826 2165 ἀρίστου

139 2188 298 2254 μόλις
334 2194 500 2240 τοῦτο
532 2195 771 2240 ποιοῦσα
810 2186 899 2240 καὶ
932 2195 1096 2240 τοῦτο
1130 2186 1191 2239 ἐν
1220 2188 1586 2255 θεραπαίναις
1616 2189 1826 2256 μόναις,

140 2273 171 2328 ὁ
215 2273 262 2327 δ’
294 2275 510 2345 ὅσῳπερ
574 2270 682 2345 εἶχε
742 2276 892 2344 τάχει
955 2276 1047 2328 διὰ
1108 2284 1220 2327 τῶν
1281 2276 1560 2343 κλιμάκων
1622 2275 1828 2343 ἀναβὰς

139 2506 223 2551 VH
250 2450 467 2552 715212121242.
493 2450 650 2507 Symp.
676 2452 878 2507 p.179A
1085 2456 1136 2493 21
1173 2438 1616 2505 ef.t.112130‚13R.
1665 2450 1826 2507 Polyb.

278 2544 289 2565 2

261 2675 286 2713 2
318 2667 397 2729 ἦν]
423 2671 545 2716 ἐστὶν
566 2672 607 2715 V
725 2677 750 2715 5
783 2673 865 2728 μὲν
894 2685 968 2715 om
994 2673 1025 2715 I
1044 2672 1176 2729 Bong
1297 2677 1322 2715 6
1356 2671 1515 2730 οὐδέν]
1541 2674 1732 2727 μικροὺς
1755 2674 1825 2716 Ρα

202 2733 226 2771 Ἷ
261 2729 312 2774 δὲ
343 2730 477 2787 Bong
627 2735 679 2774 11
714 2733 762 2775 ef,
795 2735 847 2774 12
881 2730 941 2786 μὴ
975 2729 1026 2775 δὲ
1058 2732 1186 2774 AIV
1333 2736 1386 2775 13
1417 2730 1578 2776 πόνων
1609 2732 1689 2775 καὶ
1720 2730 1828 2785 δρό-

142 2803 240 2843 μων
266 2789 338 2832 Pa
460 2794 513 2832 17
539 2790 684 2834 αὑτοῦ
712 2790 964 2834 OPaAPU
1083 2793 1135 2834 18
1169 2787 1216 2832 δ’
1245 2790 1313 2834 Re
1434 2796 1490 2834 24
1519 2789 1543 2835 ὃ
1568 2792 1612 2834 A
1675 2789 1699 2834 ὅ
1724 2791 1824 2848 IV!

143 2844 195 2890 δὲ
226 2846 294 2891 Re
321 2847 328 2897 Ι
357 2845 444 2892 ’ὅσω
475 2855 667 2906 παρεῖχε
699 2850 809 2893 ΡαΙ
824 2849 958 2905 Bong
1019 2847 1168 2902 ὥσπερ
1201 2845 1292 2906 εἶχε
1329 2848 1500 2905 τάχους
1538 2848 1685 2893 Cobet
1715 2848 1827 2893 Coll.

146 2908 228 2947 132
262 2905 365 2951 coll.
390 2908 423 2950 t.
449 2906 513 2950 IV
537 2911 638 2961 458,
656 2911 712 2950 24
745 2909 791 2951 et
825 2912 924 2958 517,
946 2912 996 2949 17
