1992 3094
495 88 722 132 LIBANH
754 87 978 132 ORATIO
1010 87 1091 131 DE
1122 86 1458 132 VENEFICIIS
1706 88 1810 146 231

122 226 214 294 ἐμὲ
250 227 315 279 τὰ
355 226 586 294 δεύτερα
623 232 688 294 τῇ
729 224 893 290 φύσει
933 226 1171 291 πρότερα
1201 232 1384 283 ποιεῖν
1415 223 1680 287 ἀξιοῦσιν.
1719 226 1809 285 ὀὐ

118 316 226 384 μὴν
271 313 498 383 ἐζήτησά
544 332 606 380 γε
653 313 855 366 τούτου
906 313 1067 381 δίκην
1114 310 1232 364 οὐδ’
1265 309 1468 379 ἔλαβον
1515 313 1700 380 λαβὼν
1740 313 1810 366 ἂν

123 404 342 474 ῥᾳδίως,
375 407 525 470 εἰπερ
559 399 888 469 ἐβουλόμην,
929 399 1046 453 ἀλλ’
1078 400 1236 467 ἀφεὶς
1274 401 1479 463 αὐτοὺς
1510 404 1807 468 μαίνεσθαι

121 501 214 561 τῆς
258 492 454 558 μανίας
502 491 800 559 ἠνειχόμην
846 491 973 543 οὔτε
1021 490 1340 556 αἰτιώμενος
1390 490 1492 543 οὐκ
1540 492 1811 554 εἰσιόντας

120 579 247 640 οὔθ’
278 579 439 635 ὁπότε
480 578 688 642 δόξειεν
732 580 1008 632 εἰσελθεῖν
1041 578 1302 646 ἀπωθῶν,
1344 579 1373 633 ὃ
1408 584 1514 632 εἴτε
1547 580 1811 649 εὐήθειαν
1858 603 1877 634 5

117 675 226 731 ειτε
265 668 639 737 ἀναισθησίαν
678 673 785 721 εἴτε
826 670 1260 736 φιλανθρωπίαν
1298 669 1562 736 βούλεταί
1595 688 1677 731 τις
1715 689 1809 722 κα-

116 761 252 825 λεῖν,
292 757 360 810 οὐ
401 758 696 826 διοίσομαι,
759 757 1065 810 οὐντοίνυν
1105 757 1231 810 οὔτε
1270 765 1577 820 νοσοῦντας
1607 767 1810 828 περιεῖ-

117 847 222 906 δον
260 847 386 899 οὔτε
425 847 503 908 εἰς
541 847 782 915 ταραχὴν
822 845 1154 914 ἐμπεσόντας
1192 844 1300 898 ὑπὸ
1340 855 1452 899 τῶν
1483 845 1656 914 ἡδέως
1694 856 1810 909 τοῖς

118 936 459 1002 τηλικούτοις
490 933 916 1003 ἐπηρεαζόντων,
956 927 1040 998 οἷς
1072 935 1104 1003 ἡ
1136 935 1606 1003 τοῦστρατιώτου
1639 950 1808 1005 προσ-

119 1026 312 1092 ηγορία
349 1023 488 1093 μέγα
526 1026 662 1093 πρὸς
706 1024 877 1093 ὕβριν
923 1023 1166 1092 ἐφόδιον.
1243 1022 1306 1076 ἐν
1352 1027 1547 1077 τοίνυν
1593 1025 1808 1088 τούτοις
1834 1047 1875 1078 ιο

114 1111 434 1181 ἐφρόντισα,
495 1113 933 1182 προύθυμήθην,
994 1114 1195 1181 ἤμυνα,
1265 1111 1557 1181 ε’πήρκεσα,
1595 1160 1598 1163 .
1627 1114 1809 1182 χειρὸς

115 1203 339 1271 βαρείας
394 1201 691 1270 ἐξειλόμην.
776 1202 824 1255 9.
887 1202 952 1255 τά
1006 1221 1068 1270 γε
1122 1203 1231 1270 μὴν
1283 1202 1408 1270 περὶ
1462 1207 1673 1270 μισθοῦ
1727 1205 1809 1265 τίς

115 1300 226 1350 τῶν
280 1291 538 1349 ἁπάντων
593 1290 697 1344 οὐκ
749 1289 1032 1359 ἐθαύμασε
1094 1292 1240 1358 πλὴν
1292 1300 1403 1343 τῶν
1458 1291 1808 1346 διδασκάλων

117 1372 200 1442 οἷς
238 1379 407 1448 οὑμὸς
442 1382 609 1447 νόμος
641 1379 856 1448 ἐγένετο
892 1380 1050 1447 ζημία
1080 1379 1251 1432 ταύτὰ
1290 1378 1376 1432 καὶ
1418 1378 1547 1449 παρ’
1578 1379 1810 1444 ἐκείνοις

116 1477 226 1520 τῶν
264 1467 406 1521 νέων
445 1466 751 1531 ἀξιούντων
790 1466 958 1537 ἔχειν;
1014 1468 1079 1520 τὰ
1126 1466 1191 1520 δέ
1227 1465 1342 1521 ἐστι
1388 1470 1462 1531 τίς
1506 1470 1808 1538 βουληθείς
1838 1490 1874 1522 [5

116 1577 198 1620 τις
234 1555 457 1625 ἔδωκεν,
497 1558 599 1610 οὐκ
637 1556 904 1625 ἐθελήσας
951 1556 1055 1610 οὐκ
1099 1553 1284 1609 ἔδωκε.
1361 1554 1452 1608 καὶ
1498 1559 1808 1616 πολλοστὸν

117 1647 183 1714 δὴ
215 1646 379 1715 μέρος
412 1647 465 1699 οἱ
494 1648 846 1715 βουλόμενοι,
884 1646 946 1698 τὸ
986 1643 1036 1697 δ’
1068 1644 1169 1698 οὐκ
1209 1644 1409 1698 ἐθέλον
1439 1646 1599 1698 πολύ.
1660 1655 1808 1700 ποιεῖ

116 1732 177 1806 δὲ
228 1737 329 1804 τὴν
376 1735 624 1789 ἀτέλειαν
677 1741 752 1808 τῷ
802 1735 994 1804 πένητι
1047 1731 1149 1801 μὲν
1195 1734 1227 1802 ἡ
1275 1737 1459 1803 πενία,
1514 1741 1589 1807 τῷ
1637 1739 1806 1789 πλου-

115 1832 304 1882 τοῦντι
360 1825 421 1877 δὲ
475 1824 503 1878 ὁ
557 1829 810 1887 πλοῦτος.
888 1824 994 1896 ὅτῳ
1050 1825 1153 1892 γὰρ
1210 1826 1293 1876 ε”νι
1346 1825 1539 1892 πολλά,
1595 1834 1807 1894 φοιτῶν

114 1913 324 1981 ἡγεῖται
355 1916 688 1983 χαρίζεσθαι.
724 1911 730 1983 Ι
767 1911 886 1966 οὐδ’
911 1912 982 1965 ἂν
1013 1905 1091 1975 εἷς
1122 1910 1370 1979 ἐφίκοιτο
1403 1920 1496 1981 τῆς
1529 1911 1657 1981 ἐμῆς
1689 1925 1730 1969 R
1750 1925 1893 1968 H312

113 2002 193 2064 εἰς
237 2001 378 2069 ὑμᾶς
424 2003 751 2070 κηδεμονίας
796 2003 886 2054 καὶ
939 2001 1309 2069 δικαιοσύνης.
1385 2000 1512 2054 ὥστ’
1544 2003 1592 2054 εἰ
1642 2009 1804 2055 τοῦτο
1830 2024 1871 2055 21

114 2091 176 2142 τὸ
230 2098 338 2144 νῦν
389 2089 515 2160 παρ’
546 2090 704 2159 ὑμῶν
758 2105 904 2143 τισιν
959 2089 1285 2156 εὑρίσκεται,
1348 2088 1661 2158 σαφέστατα
1711 2090 1804 2143 ἀν-

114 2180 362 2247 θρώπων
400 2180 660 2248 ἠδίκημαι
699 2188 953 2249 χρηστοῖς
992 2178 1059 2231 οὐ
1098 2179 1305 2248 χρηστὰ
1343 2177 1744 2248 κεκομισμένος.

210 2267 314 2324 10.
339 2265 459 2320 ”En
490 2271 685 2322 τοίνυν
716 2269 979 2335 προσήκει
1010 2286 1076 2335 με
1110 2275 1354 2336 φανῆναι
1389 2266 1480 2320 καὶ
1510 2269 1635 2337 περὶ
1674 2271 1806 2333 τοὺς

236 2418 258 2455 'a'
292 2412 423 2457 Dem.
450 2427 488 2456 c.
512 2412 631 2456 Phil.
656 2413 720 2456 111
750 2428 794 2470 p.
823 2418 920 2465 112,
939 2417 993 2455 29

117 2510 217 2649 ὅδὲ
237 2541 291 2640 {423
337 2539 607 2597 πολλοστὸν]
655 2537 756 2593 ἥτοι
804 2536 960 2595 ὀλίγον
1004 2536 1070 2581 V²
1113 2536 1170 2580 cf.
1196 2539 1228 2581 t.
1253 2537 1273 2580 I
1298 2542 1494 2591 450‚19;
1537 2538 1579 2581 Π
1604 2544 1703 2591 176,
1724 2544 1802 2591 13;

237 2711 259 2764 1
293 2722 474 2775 ἀξιοῦσι
506 2723 540 2765 Ι
556 2722 690 2780 Bong
852 2727 877 2766 3
910 2723 1081 2771 αὐτους
1111 2722 1250 2777 ἀφεὶς
1284 2723 1325 2765 V
1482 2728 1504 2765 7
1540 2723 1645 2767 οὔτε
1678 2722 1743 2766 Re

115 2779 254 2830 οὐδὲν
289 2781 326 2826 Ο
413 2780 523 2831 οὐδὲ
553 2738 723 2853 reliqui
755 2781 865 2825 libri
897 2781 1030 2838 Bong
1200 2786 1251 2824 11
1287 2781 1528 2836 ἀπήρκεσα
1560 2783 1595 2826 Ι
1611 2782 1745 2839 Bong

117 2841 177 2880 14.
198 2837 372 2895 ἐγένετο
400 2842 466 2884 Va
494 2842 499 2895 Ι
527 2838 821 2894 παρεκείνοις
844 2842 876 2884 Ι
991 2845 1046 2883 21
1073 2839 1193 2896 ἡμᾶς
1218 2841 1260 2882 Ῐ
1376 2845 1431 2883 23
1455 2842 1648 2898 χρηστὸς
1672 2840 1805 2898 Bong

120 2896 125 2952 ξ
161 2897 499 2955 κεκοσμημένος
531 2901 561 2942 Ι
580 2899 714 2956 Bong
