1992 3094
36 2049 44 2069 υ
35 1990 45 2028 ⁴„
32 1917 43 1961 -ν-
30 1740 49 1901 <qq-<xw·
30 1698 42 1724 ur
31 1611 42 1672 .a-·-
33 1572 41 1583 ,
35 1507 37 1537 ..

35 2159 47 2218 r.⁷-
36 2116 45 2131 μ,
36 2091 44 2103 ι

34 2492 50 2529 -ι,
33 2404 54 2450 -=,s..·.
28 2382 51 2398 ἔξ
28 2358 43 2376 ’·ῑ

490 104 717 149 LIBANII
750 104 974 150 ORATIO
1006 106 1091 149 AD
1123 106 1523 152 TIMOCRATEM
1749 109 1856 161 303

166 241 490 310 ἀνήλωται
533 248 870 305 τοσοῦτος;
916 238 1125 310 ἔροιτο,
1172 245 1303 296 τίνι
1350 245 1582 310 βελτίω
1629 244 1702 297 τὰ
1749 253 1858 313 τῆς

164 332 411 393 πόλεως
441 331 870 398 πεποιηκότες
907 329 1371 399 ἀναστρέφετε;
1411 334 1480 399 τί,
1518 333 1657 400 πρὸς
1687 338 1857 399 θεῶν,

167 418 356 489 ἐρεῖτε;
417 414 451 487 ἦ
513 418 597 471 ὅτι
656 419 749 471 καὶ
803 424 877 491 τῷ
927 420 1052 471 λίαν
1106 419 1438 489 ἀσχημονεῖν
1492 414 1634 474 εἶναι
1687 423 1858 474 τόπον

164 506 352 578 ἐχρῆνς
425 507 508 559 17.
564 507 666 560 οὐκ
721 506 792 560 ἂν
846 516 1073 561 τοιαῦτα
1132 508 1406 579 ἑορτάζειν
1466 510 1856 578 ἠναγκάζεσθε,

171 598 527 667 Τιμόκρατες,
575 597 622 649 εἰ
668 597 741 664 μὴ
788 597 889 664 τὴν
936 604 1034 649 τοῦ
1074 597 1212 665 πρὸς
1250 595 1423 666 μηδὲν
1461 596 1608 668 ἔχειν
1646 598 1857 652 ἀντιλέ-
1903 620 1924 653 5

164 705 286 755 γειν
317 685 566 754 ἀνάγκην
600 685 736 752 ὑμῖν
769 685 956 748 αὐτοῖς
987 683 1308 755 ἐπεθήκατε..
1374 695 1481 740 νῦν
1514 684 1574 740 δὲ
1606 688 1856 757 καθάπερ

164 776 222 829 οἱ
270 775 494 828 τιθασοὶ
549 773 768 837 λέοντες
822 773 1144 838 ἐκπεσόντες
1198 784 1292 844 τῆς
1347 775 1667 845 ἐλευθερίας
1719 777 1857 847 πρὸς

163 865 259 927 τὰς
290 863 515 926 ἀπειλὰς
545 872 658 916 τῶν
690 861 1074 932 ἐφεστηκότων
1105 867 1464 933 πτήσσουσιν,
1497 865 1670 928 οὕτως
1701 865 1857 934 ὑμεῖς

163 953 486 1016 ἐκπεσόντες
531 960 627 1022 τῆς
672 952 938 1021 ὑμετέρας
983 952 1184 1016 τάξεως
1230 955 1435 1022 ἄγεσθε
1475 955 1718 1016 δεδιότες
1756 955 1857 1023 τὴν

164 1043 326 1111 σιγὴν
356 1045 876 1111 τῶντετρακοσίων.
940 1043 997 1094 οἱ
1025 1040 1075 1094 δ’
1101 1043 1442 1111 ἰσχυρότεροι
1472 1039 1575 1109 μὲν
1599 1043 1855 1110 γεγόνασι
1882 1063 1926 1095 ιο

162 1140 274 1185 τῶν
313 1129 375 1184 ἐν
409 1138 484 1204 τῷ
517 1132 822 1202 καταλόγῳ,
861 1129 988 1200 παρ’
1024 1125 1103 1184 ὧν
1142 1132 1366 1198 ἔννομοι
1399 1133 1598 1199 φωναί,
1640 1133 1855 1201 ἰσχυρό-

162 1240 312 1291 τεροι
352 1217 414 1273 δὲ
452 1228 546 1289 τῆς
583 1223 791 1287 βουλῆς
830 1220 1022 1288 αὐτῆς,
1065 1222 1280 1273 πλείοσι
1321 1216 1381 1272 δὲ
1420 1230 1683 1286 τιμῶνται
1719 1219 1857 1285 παρ’

162 1310 319 1377 ὑμῶν
357 1308 390 1378 ἢ
431 1309 490 1362 οἰ
523 1310 619 1372 τὰς
659 1309 851 1371 οὐσίας
891 1310 1542 1377 καταλειτουργήσαντες,
1581 1308 1685 1363 κᾶν
1723 1307 1847 1378 μεθ’

161 1398 318 1466 ὑμῶν
363 1392 397 1468 ᾖ
443 1406 607 1452 τοῦτο
654 1399 715 1451 τὸ
763 1397 951 1467 μέρος,
1004 1394 1174 1450 οὐδὲν
1218 1397 1351 1466 ὑμῖν
1401 1399 1466 1450 τὰ
1513 1399 1662 1451 ἄλλα.
1741 1392 1855 1451 εἶτα
1885 1399 1925 1466 ’ξ-

163 1487 263 1556 οὐχ
303 1479 386 1550 οἷς
427 1486 592 1557 ἐχρῆν
631 1489 1001 1556 γνωρίζεσθαι
1040 1486 1389 1555 πεπαυμένης
1423 1494 1517 1554 τῆς
1557 1486 1590 1539 ἀ
1882 1508 1924 1540 15

163 1576 506 1629 αἰσθάνεσθε
561 1575 926 1645 ἀμελούμενοι
988 1572 1091 1644 μὲν
1152 1576 1259 1628 ὑπὸ
1314 1584 1426 1628 τῶν
1483 1584 1734 1644 χρηστῶν
1795 1574 1856 1628 ἐν

162 1671 334 1737 καιρῷ
374 1664 381 1736 Ι
426 1675 600 1734 τιμῶν
640 1664 907 1737 δεομένω,
955 1667 1357 1732 κατεγνωκότες
1396 1661 1457 1716 δὲ
1495 1671 1590 1732 τῆς
1630 1665 1707 1727 εἰς
1738 1676 1946 1720 R11387

161 1755 291 1816 τοὺς
323 1753 553 1816 οὐδενὸς
585 1753 772 1817 ἀξίους
805 1755 1118 1824 θεραπείας.
1196 1752 1277 1807 18.
1329 1747 1514 1805 Οἶσθα
1550 1753 1857 1822 Φιλάγριον

164 1841 378 1895 ἐκεῖνον
416 1843 516 1896 τὸν
555 1840 812 1914 ἄρξαντα,
853 1842 913 1905 ὃς
951 1843 1049 1895 τὸν
1088 1851 1328 1911 χειμῶνα
1367 1842 1465 1894 τὸν
1503 1843 1684 1894 πολὺν
1723 1841 1854 1893 ἐκεῖ·

163 1950 266 1984 νον
311 1931 402 1984 καὶ
448 1933 644 2000 ἤνεγκε
691 1932 780 1984 καὶ
826 1930 1115 2000 διέφυγεν;
1163 1926 1325 1992 οὗτος
1373 1930 1556 1983 ἐλθών
1602 1947 1732 1982 ποτε
1780 1930 1856 1991 εἰς
1881 1951 1926 1983 20

163 2019 224 2072 τὸ
273 2019 516 2089 θεάτρον
563 2019 624 2073 ἐν
670 2023 847 2091 πολλῇ
896 2028 1022 2090 σιγῇ
1062 2021 1127 2072 τὰ
1171 2019 1499 2087 δεικνύμενα
1541 2019 1676 2071 ἰδὼν
1715 2017 1862 2089 αὑτῷ

163 2127 220 2160 τε
268 2109 571 2177 συνησθεὶς
617 2108 833 2177 ἀπῆλθε
885 2109 973 2162 καὶ
1021 2109 1167 2177 παρὰ
1216 2117 1327 2160 τῶν
1378 2103 1438 2159 εὖ
1490 2106 1856 2176 φρονούντων

286 2258 339 2297 10
371 2269 415 2311 p.
443 2258 543 2310 298,
562 2259 619 2298 24
637 2269 704 2310 sq.
905 2259 957 2297 13
991 2254 1048 2297 cf.
1080 2268 1124 2310 p.
1154 2257 1268 2308 34‚8
1476 2257 1529 2295 18
1561 2253 1595 2296 t.
1626 2251 1646 2295 I
1683 2256 1780 2305 175,
1801 2256 1854 2294 12

165 2311 222 2356 cf.
250 2312 430 2357 Sievers
462 2329 506 2370 p.
536 2318 619 2357 156

285 2451 307 2489 1
348 2445 582 2500 ἀνήλωται
622 2446 787 2502 scripsi
849 2445 1056 2501 ἀνήλωτο
1095 2445 1206 2489 libri
1245 2445 1336 2489 edd
1387 2447 1392 2500 Ι
1441 2443 1518 2501 τὰ]
1557 2443 1641 2494 τὰς
1682 2443 1762 2488 ΟΛ

165 2509 190 2546 3
223 2499 251 2560 ἦ
285 2505 449 2561 scripsi
511 2503 540 2561 ἢ
572 2505 684 2548 libri
717 2506 809 2549 edd
929 2511 956 2548 4
988 2503 1310 2560 ἠναγκάζεσθε
1335 2505 1368 2547 Ι
1394 2503 1475 2547 sed
1502 2506 1589 2547 σθε
1614 2503 1663 2546 in
1687 2516 1761 2546 ras
1786 2501 1859 2544 m²

226 2567 248 2606 7
281 2562 472 2608 τίθασοι
504 2566 550 2608 Α
610 2565 828 2608 τιθασσοὶ
862 2565 907 2608 Ρ
936 2564 1015 2607 sed
1051 2577 1076 2606 6
1108 2563 1307 2606 alterum
1339 2562 1464 2606 inser
1493 2562 1563 2605 ω’
1685 2566 1710 2604 8
1742 2560 1855 2615 πτή-

167 2635 328 2667 σουσιν
354 2624 398 2667 V
514 2627 568 2666 10
601 2623 647 2668 οἳ
670 2625 716 2668 Α
779 2622 893 2667 οἴΡ
922 2622 1003 2666 sed
1031 2621 1042 2636 ‘
1065 2623 1114 2665 in
1141 2635 1216 2665 ras
1240 2621 1322 2675 ω’,
1355 2622 1437 2666 IV
1454 2621 1585 2678 Bong
1612 2621 1618 2678 Ι
1646 2620 1697 2665 δὲ
1728 2620 1795 2663 Re

167 2684 218 2724 11
253 2681 442 2737 εὔνομοι
473 2684 520 2726 Ρ
640 2687 694 2725 12
728 2684 839 2741 βοῆς
870 2682 1003 2738 Bong
1126 2686 1179 2725 15
1212 2683 1319 2737 post
1350 2682 1379 2723 ἀ
1410 2694 1486 2723 ras
1519 2685 1541 2723 7
1568 2680 1663 2723 fere
1694 2679 1774 2722 litt
1807 2679 1855 2732 0,

166 2742 191 2781 9
216 2741 276 2794 A,
304 2744 358 2783 10
383 2743 438 2796 Ρ,
467 2745 640 2784 10—12
666 2743 708 2795 I,
739 2746 763 2784 9
791 2742 835 2785 V
890 2742 1032 2795 „forte
1055 2741 1121 2784 sic
1143 2740 1356 2795 suppleas
1379 2739 1538 2797 ἀρχῆς,
1562 2739 1654 2782 ὑπὸ
1679 2738 1854 2782 τούτων

164 2800 599 2856 καταφρονούμενοι
628 2802 696 2844 vel
727 2800 995 2857 μισούμενοι
1028 2798 1354 2842 αἰσθάνεσθε“
1387 2798 1454 2842 Re
1561 2797 1854 2841 scribendum

166 2857 344 2902 conicio
377 2857 660 2916 γνωρίζεσθε
693 2859 845 2918 <καὶ>
878 2856 1177 2914 πεπαυμένης
1205 2863 1289 2912 τῆς
1319 2858 1465 2916 ἀρχῆς
1496 2855 1784 2900 αἰσθάνεσθε

169 2919 223 2958 16
256 2916 569 2974 ἀμελούμενον
604 2918 640 2962 Ο
762 2922 814 2961 18
851 2915 1140 2973 Φιλάργυρον
1172 2916 1305 2974 Bong
1432 2921 1487 2958 20
1520 2914 1753 2972 διέφυγεν.
1788 2915 1855 2958 Re
