1992 3094
207 149 281 202 40
706 147 934 192 LIBANII
966 146 1190 192 ORATIO
1222 147 1393 191 XXVII

207 293 371 339 τοῦτο
419 283 646 353 συνέβη;
703 286 772 337 σὺ
819 281 920 352 μὲν
971 279 1138 346 αὖθις
1185 282 1254 336 ἂν
1294 282 1575 352 ἐκαθέζου,
1625 284 1686 336 τὸ
1726 281 1787 338 δὲ
1825 286 1903 355 μὴ

209 375 440 437 τούτους
495 375 670 427 εἰπεῖν
723 381 838 435 τοῖς
885 374 1139 426 εἰποῦσιν
1193 374 1393 425 ἔδοσαν
1440 368 1518 425 ὧν
1568 371 1904 438 ἀκολουθεῖς

209 473 324 526 τοῖς
377 463 659 531 νεύμασιν.
749 460 835 530 ἐφ’
876 456 917 534 ᾧ
967 459 1015 514 δ’
1063 461 1134 514 ἂν
1185 460 1276 514 καὶ
1330 463 1745 529 συγκαλύψαιτό
1798 483 1900 532 τις,

209 557 359 619 εἴπερ
400 552 600 614 εὔνους
647 555 728 620 εἴη
778 565 880 618 σοι,
933 557 1046 603 πᾶν
1092 551 1196 619 γὰρ
1243 550 1304 603 τὸ
1353 550 1578 619 δειχθὲν
1617 550 1792 614 εὐθὺς
1829 546 1905 619 ἦν
1986 565 1987 568 ’

165 660 186 692 5
211 640 271 693 ἐν
310 641 542 708 αἰτήσει,
588 637 678 692 καὶ
719 639 853 692 ὅσον
892 637 1189 708 ἐγελάσθη,
1241 637 1330 691 καὶ
1369 636 1566 692 πολλοὶ
1604 641 1771 702 πόδες
1811 638 1902 706 ἐπὶ

210 730 305 782 τὸν
352 730 475 798 ἄρτι
519 727 873 797 πεπαυμένον
919 728 1021 780 οὐκ
1068 726 1261 790 ἐῶντες
1311 727 1597 795 ἀναπνεῖν,
1648 729 1900 797 εἰσπράτ-

119 831 325 874 RH129
372 837 576 885 τοντες,
634 815 639 888 Ι
697 817 980 886 ἄγχοντες,
1031 817 1104 879 ὡς
1143 815 1262 869 οὐδ’
1295 815 1527 885 ἀριστᾶν
1567 815 1901 886 ἀνεξομένου

211 919 315 959 σου
353 907 488 975 πρὶν
527 908 731 973 λαβεῖν.
795 905 968 968 οὕτως
1007 905 1105 967 οὓς
1144 900 1301 975 εὗρες
1339 903 1400 957 ἐν
1441 904 1570 975 δόξῃ
1603 913 1698 974 τῆς
1729 906 1900 974 οὔσης

211 995 399 1058 αὐτοῖς
438 994 499 1048 ἐν
539 988 621 1057 οἷς
660 993 861 1057 ἐποίεις
901 993 1227 1064 ἀπεστέρεις.
1304 996 1622 1061 θαυμαστός
1668 1014 1730 1062 γε
1768 995 1900 1063 ἡμῖν

143 1106 185 1138 10
209 1086 356 1153 ἥκεις
401 1093 517 1146 τοῖς
563 1085 746 1151 λόγοις
793 1081 1110 1153 ἐπίκουρος,
1165 1082 1225 1145 ὃς
1270 1083 1360 1135 καὶ
1411 1085 1540 1146 τοὺς
1592 1091 1754 1150 σιγᾶν
1799 1083 1903 1136 τὸν

209 1175 380 1226 ἄλλον
412 1174 627 1235 εἰδότας
662 1173 866 1242 χρόνον
899 1169 1157 1241 ἐξέμηνας
1196 1172 1284 1224 καὶ
1319 1175 1496 1240 ζητεῖν
1527 1174 1671 1241 ἔχειν
1704 1171 1737 1224 ἃ
1767 1171 1903 1236 τέως

209 1262 310 1314 οὐκ
348 1260 558 1330 ἠξίουν,
600 1259 872 1330 ἐποίησας.

319 1351 404 1403 38.
445 1349 670 1403 ’Ἑπειτα
725 1351 832 1419 φὴς
877 1347 1035 1403 πάντ’
1069 1343 1215 1426 εἷναί
1263 1364 1351 1403 σοι
1397 1351 1564 1420 μικρὰ
1617 1351 1757 1420 πρὸς
1806 1347 1899 1417 ἐμὲ

206 1439 297 1492 καὶ
335 1439 435 1492 τὸν
483 1446 689 1491 σαυτοῦ
738 1437 943 1508 πατέρα
991 1437 1051 1491 ἐν
1098 1437 1216 1505 ἐμοὶ
1263 1441 1504 1505 νομίζειν
1544 1439 1695 1508 ὁρᾶν.
1771 1447 1898 1492 τοῦ-

144 1549 186 1581 15
211 1547 310 1580 τον
350 1528 411 1580 δὲ
450 1523 613 1590 οὗτος
651 1527 751 1580 τὸν
788 1527 996 1593 πατέρα
1029 1528 1121 1580 διὰ
1151 1529 1322 1581 νόσου
1354 1526 1590 1596 μέγεθος
1621 1526 1900 1596 τμηθέντα

208 1615 386 1685 φλέβα
434 1616 523 1669 καὶ
569 1625 758 1685 τυχεῖν
804 1616 870 1669 οὐ
923 1616 1237 1685 δυνάμενον
1283 1616 1466 1669 ὕπνου
1512 1621 1717 1684 πολλῆς
1769 1615 1900 1687 χρῄ-

209 1708 368 1769 ζοντα
408 1708 765 1774 παραμυθίας
805 1703 877 1758 δι’
909 1704 1141 1767 οὐδενὸς
1177 1703 1511 1768 ἐπεσκέψατο
1550 1714 1662 1758 τῶν
1701 1709 1899 1774 φίλων,

209 1791 323 1846 ἀλλ’
358 1790 488 1846 οὐδὲ
526 1803 637 1846 τῶν
668 1794 959 1846 διακόνων.
1023 1791 1142 1846 οὐδ’
1175 1788 1244 1845 αὖ
1285 1796 1740 1862 προπεμπόμενος
1780 1790 1901 1847 εἶπέ

118 1894 326 1938 R11130
372 1901 425 1934 τι
463 1889 717 1935 τοιοῦτον
755 1884 892 1952 πρός
938 1901 1062 1935 τινα
1107 1890 1228 1935 τῶν.
1264 1879 1410 1950 ἐμῶν
1450 1880 1787 1951 ἐπιτηδείων,
1825 1881 1830 1952 ᾗ
1867 1881 1899 1935 ὃ

141 1993 183 2024 20
208 1978 307 2024 τοῦ
354 1971 618 2032 πολλάκις
664 1969 845 2023 ἐκεῖνα
893 1972 1143 2033 εἰπόντος
1187 1965 1271 2038 ἦν.
1349 1968 1467 2022 ἀλλ’
1506 1970 1770 2023 ἀπελθὼν
1821 1973 1900 2034 εἰς

212 2062 482 2128 Φοινίκην
529 2062 769 2128 ἔπεμψας
817 2058 1110 2127 ἐπιστολὴν
1156 2061 1335 2126 ψόγον
1380 2066 1476 2126 τῆς
1524 2059 1808 2128 ἡμετέρας,
1861 2059 1897 2128 ἣ

207 2149 272 2199 τὰ
317 2145 418 2216 μὲν
457 2157 567 2200 τῶν
613 2150 743 2210 τοὺς
791 2148 1201 2218 ἁμαρτάνοντας
1247 2147 1603 2216 πειρωμένων
1648 2148 1899 2217 κατέχειν

208 2234 446 2303 ἐποίησε,
487 2237 650 2304 δῆσαι
691 2233 749 2288 δὲ
791 2237 893 2289 οὐκ
932 2235 1197 2304 ἐδυνήθη.

319 2323 404 2375 39.
452 2324 560 2376 Καὶ
601 2325 709 2392 μὴν
747 2325 837 2376 καὶ
874 2323 937 2377 ’ἐν
977 2323 1165 2395 ἐκείνω
1206 2343 1267 2392 γε
1308 2330 1488 2396 σαυτῷ
1521 2326 1685 2394 μάχῃ·
1721 2333 1899 2391 μισεῖς

144 2434 184 2465 25
210 2408 310 2480 μὲν
350 2413 452 2479 γὰρ
492 2413 592 2479 τὴν
631 2412 897 2481 ἡμετέραν
937 2413 1008 2474 ὡς
1048 2412 1114 2465 οὐ
1150 2419 1424 2480 μισοῦσαν
1456 2415 1691 2481 Κόκκον,
1732 2413 1896 2474 αὐτὸς
1938 2475 1946 2488 2

330 2547 382 2585 16
417 2542 473 2585 cf.
499 2544 532 2585 t.
550 2543 613 2585 111
637 2557 680 2598 p.
702 2547 799 2597 144,
821 2543 929 2586 10R

327 2665 351 2702 2
384 2659 565 2711 τούτοις
588 2661 622 2702 Ι
736 2664 761 2717 ξ)
797 2658 905 2704 ὅσου
933 2663 1016 2705 Mo
1041 2662 1088 2704 eb
1112 2677 1166 2717 γρ
1192 2659 1239 2702 in
1263 2673 1397 2716 marg
1420 2660 1522 2703 Mor
1645 2665 1668 2703 7
1701 2659 1895 2718 ἀνέχον-

206 2734 279 2768 τες
303 2719 404 2762 Mor
526 2723 580 2762 10
614 2726 748 2774 σιγᾶν
773 2718 947 2763 inserui
973 2733 997 2763 e
1023 2721 1068 2763 B
1130 2732 1206 2762 om
1229 2718 1399 2774 reliqui
1422 2718 1530 2761 libri
1556 2719 1647 2763 edd
1708 2719 1893 2775 ἠρεμεῖν

208 2777 281 2820 vel
312 2785 571 2833 σωφρονεῖν
603 2779 670 2821 vel
700 2779 788 2821 tale
821 2780 930 2833 quid
955 2778 1060 2821 coni
1082 2778 1152 2822 Re
1274 2783 1326 2821 11
1360 2785 1585 2833 σιγῶντας
1609 2777 1754 2822 Cobet
1778 2776 1892 2821 Coll.

211 2840 293 2879 126
418 2841 471 2879 14
507 2838 556 2881 ἐν
591 2862 643 2867 -
680 2842 733 2879 15
765 2836 944 2892 πατέρα
977 2851 1050 2880 om
1075 2837 1176 2880 Mor
1297 2841 1350 2879 16
1383 2836 1608 2893 χρῄζοντα
1638 2838 1714 2882 ΙΒ
1781 2835 1891 2893 χρή-

209 2909 348 2939 σοντα
383 2897 466 2939 Mo
527 2894 761 2953 χρήσαντα
793 2895 893 2938 Mor
1016 2901 1068 2939 19
1102 2893 1145 2939 τί
1176 2896 1340 2939 ΙΒΜο
1368 2898 1373 2950 Ι
1400 2903 1583 2939 τοιοῦτο
1606 2897 1642 2939 Ι
1666 2895 1747 2939 sed
1779 2912 1803 2939 ο
1829 2896 1892 2952 (3)

208 2954 257 2996 in
279 2967 355 2996 ras
379 2955 449 2996 m³
570 2958 622 2996 21
658 2951 828 3010 ψόγον]
862 2956 962 3009 „hic
992 2955 1170 2999 videtur
1202 2954 1397 3011 ἔχουσαν
1429 2955 1599 2999 deesse“
1631 2954 1700 2999 Re
