1992 3094
200 112 306 165 398
717 109 944 154 LIBANH
975 109 1198 154 ORATIO
1228 110 1374 154 XLVI

201 248 383 300 αὑτῶν
413 244 503 298 καὶ
535 247 766 314 θρήνων
797 254 909 298 τῶν
942 250 1078 298 ἴσων
1109 243 1306 314 ἔτυχον
1335 243 1423 298 καὶ
1460 246 1596 315 πρὸς
1627 253 1894 314 γυναῖκας

199 334 290 388 καὶ
321 336 519 396 παῖδας
550 328 707 386 εἷπον
739 335 931 387 ἄπιθι
968 334 1167 402 λέγειν,
1207 337 1474 403 τελευτὴ
1513 335 1891 403 προσδοκῶ·

200 423 372 491 μένη.
443 421 584 490 ἀλλ’,
618 419 787 490 οἶμαι,
827 423 928 490 τὴν
959 425 1133 491 κακὴν
1165 431 1366 493 μοῖραν
1397 432 1508 476 τῶν
1541 422 1602 476 ἐν
1632 430 1696 493 τῇ
1736 425 1895 476 πόλει

199 512 515 565 κολακεύων
553 509 644 564 καὶ
683 512 777 573 τὰς
814 513 962 581 παρὰ
999 521 1112 564 τῶν
1143 513 1416 564 κακίστων
1452 511 1724 580 εὐφημίας
1763 511 1893 565 ἀπό-

157 623 176 654 5
201 600 374 663 δειξιν
405 600 573 669 ἀρχῆς
604 598 828 668 ἀρίστης
859 600 1181 668 ἡγούμενος,
1221 600 1314 652 ἵνα
1344 600 1410 652 τὰ
1440 607 1667 653 τοιαῦτα
1697 602 1893 673 βοῷεν,

202 691 483 758 ἄχθεσθαί
519 702 692 756 φησιν
730 688 867 756 ὑπὲρ
910 688 1095 741 αὐτῶν
1133 689 1223 741 καὶ
1262 691 1499 741 κτείνειν
1537 689 1635 741 τὸν
1673 689 1775 742 οὐκ
1815 690 1894 741 οἰ-

202 779 404 846 όμενον
443 777 646 840 αὐτοὺς
687 775 946 839 ἰσοθέους
986 778 1138 840 τινὰς
1178 770 1332 830 εἶναι.

311 866 397 918 40.
460 863 571 918 Καὶ
611 868 778 934 φιλῶ
821 866 920 934 δή,
966 868 1128 934 φησί,
1175 866 1290 934 τὴν
1328 868 1535 918 πόλιν.
1619 866 1767 919 πάνυ
1815 886 1894 934 γε,

201 955 273 1017 ὡς
319 954 525 1017 ἔδειξεν
571 953 675 1006 ἀπὸ
722 961 816 1022 τῆς
861 953 987 1023 περὶ
1035 955 1136 1022 τὴν
1189 955 1402 1022 βουλὴν
1456 953 1671 1023 ἀτιμίας
1724 954 1894 1022 μέσον

135 1065 177 1097 10
201 1041 301 1112 μὲν
348 1043 518 1096 αὑτοῦ
566 1062 622 1095 τε
668 1041 760 1095 καὶ
806 1050 901 1112 τῆς
947 1041 1174 1096 ἐκείνων
1213 1044 1567 1113 προσρήσεως
1615 1043 1842 1096 στάδιον
1883 1043 1888 1113 Ι

112 1145 152 1187 R
174 1145 217 1187 Π
234 1149 318 1188 490
350 1131 744 1200 ποιησάμενος,
806 1131 908 1200 οὐχ
964 1131 1268 1201 ὑπομείνας
1322 1129 1381 1185 δὲ
1443 1132 1608 1185 ταύτὸ
1669 1140 1893 1201 ποιῆσαι

200 1224 425 1283 πολλοῖς
462 1220 730 1290 ὑπάρχοις
768 1223 1069 1288 γενναίοις,
1118 1222 1172 1274 οἳ
1217 1221 1319 1289 τὴν
1364 1221 1575 1289 βουλὴν
1622 1220 1786 1275 ὁπότε
1833 1220 1895 1274 ἐν

201 1310 375 1380 τούτῳ
408 1309 726 1378 θεάσαιντο,
758 1310 902 1378 μάλα
935 1308 1098 1372 ὀξέως
1131 1308 1218 1362 ἐπὶ
1250 1310 1345 1372 τὰς
1376 1318 1560 1379 χεῖρας
1590 1319 1702 1363 τῶν
1730 1311 1893 1379 χαμαὶ

201 1399 518 1467 στησόντων
571 1406 716 1467 σφᾶς
771 1396 1015 1467 ἐπήδων,
1077 1399 1167 1451 καὶ
1212 1406 1470 1467 κατεῖχεν
1524 1398 1725 1461 αὐτοὺς
1779 1400 1892 1451 ἄνω

135 1508 175 1541 15
201 1495 311 1538 τῶν
355 1486 579 1539 πάντων
620 1486 813 1555 οὐδέν,
861 1487 963 1540 οὐκ
1007 1489 1236 1557 ὄμβρος,
1285 1487 1351 1539 οὐ
1392 1487 1550 1556 χιών,
1599 1486 1666 1539 οὐ
1706 1489 1893 1556 πηλός,

202 1576 267 1627 οὐ
308 1578 561 1645 βροντῶν
596 1576 817 1643 κτύπος,
858 1575 959 1628 οὐκ
993 1575 1288 1643 ἀστραπῶν
1327 1575 1504 1643 σέλας,
1545 1575 1612 1628 οὐ
1650 1576 1711 1628 τὸ
1744 1574 1893 1644 μέγι-

202 1677 350 1730 στον,
385 1663 531 1716 σκιαὶ
561 1665 751 1717 ποδῶν
783 1662 906 1717 ἀντὶ
938 1665 1128 1717 ποδῶν
1153 1666 1602 1734 κατερρυηκότων
1625 1665 1892 1735 ποδάγρα.

200 1751 285 1804 41.
343 1751 443 1804 οὐκ
489 1749 606 1805 ἔστι
645 1757 945 1821 φιλοῦντος
982 1753 1145 1822 ἡμᾶς,
1193 1753 1296 1806 οὐκ
1335 1751 1450 1806 ἔστι
1488 1753 1555 1805 τὰ
1600 1751 1726 1823 περὶ
1764 1755 1893 1816 τοὺς

1971 317 1992 832 *⁴1ae-.1=5-·ifflx-÷⁴x·'fflaw>ffl›n'.-
1987 302 1992 310 .

1959 1301 1992 1375 4³⁶²
1963 1168 1987 1286 Μ
1967 916 1992 1157 -ᾰ-ῆτ-ἐψρω
1970 882 1992 902 -;
1987 855 1992 869 ..
1969 836 1982 845 2

1955 1686 1978 1724 ἐζ

1951 1756 1975 1824 {ss

203 1840 624 1910 ἁμιλλητηρίους
678 1842 881 1904 ἵππους
935 1842 1081 1910 παρὰ
1143 1842 1242 1894 τὸν
1302 1843 1479 1910 νόμον
1540 1841 1894 1910 πεπραγμένα

112 1941 153 1984 R
176 1941 218 1984 ΙΙ
233 1945 319 1984 491
351 1929 449 1981 τὸν
488 1928 720 1997 ἀφιέντα
758 1931 936 1983 πόνον
977 1928 985 1998 Ι
1031 1931 1109 1992 εἰς
1148 1929 1455 1982 ἀπόλαυσιν
1493 1937 1588 1998 τῆς
1626 1932 1786 1998 πόας,
1826 1925 1892 1983 οὗ

136 2040 177 2072 21
205 2018 297 2069 διὰ
334 2017 435 2085 μὲν
473 2018 574 2085 τὴν
613 2019 764 2086 ὥραν
801 2027 917 2081 τοῖς
956 2019 1143 2080 ἵπποις
1180 2016 1334 2088 ἔρως,
1376 2019 1467 2070 διὰ
1507 2015 1567 2070 δὲ
1608 2015 1667 2071 σὲ
1708 2018 1891 2088 στέρη-
1950 2046 1960 2064 r

201 2120 310 2173 σις,
365 2104 461 2173 ἀφ’
499 2102 562 2173 ἧς
608 2107 858 2175 ὄλεθρος.
943 2107 1081 2160 ὅθεν
1129 2113 1203 2179 τῷ
1247 2110 1662 2176 λειτουργοῦντι
1714 2110 1892 2175 πενία,
1954 2163 1955 2166 ,

1945 2001 1963 2048 ξ·

1947 2072 1955 2116 ,ἐ

202 2201 296 2261 τῆς
344 2192 403 2246 δὲ
451 2195 577 2264 περὶ
623 2195 682 2247 τὸ
738 2194 901 2264 μέρος
949 2198 1136 2263 ζημίας
1187 2195 1249 2247 τὸ
1305 2195 1498 2248 κοινὸν
1552 2195 1892 2248 αἰσθάνεται.

202 2281 288 2332 42.
344 2286 642 2351 φιλοῦντος
681 2279 751 2351 ἧν
798 2284 858 2336 τὸ
907 2283 1216 2354 ἀρχόμενον
1253 2284 1325 2352 μὴ
1365 2293 1481 2346 τοῖς
1521 2282 1894 2350 δικαζομένοις

324 2461 377 2500 15
410 2457 468 2500 cf.
494 2458 525 2500 t.
551 2456 594 2500 Π
619 2461 754 2513 324,7
924 2461 977 2500 17
1011 2457 1068 2500 ef.
1091 2457 1231 2513 Lync.
1258 2457 1386 2513 apud
1419 2456 1583 2501 Athen.
1603 2457 1666 2501 VI
1697 2473 1740 2514 p.
1761 2462 1844 2502 246
1864 2471 1892 2501 a
1939 2423 1954 2502 j5

325 2624 347 2662 1
382 2619 536 2662 αὐτῶν
561 2621 607 2664 Ρ
636 2619 717 2663 sed.
736 2618 747 2633 ‘
778 2620 827 2663 in
858 2633 933 2663 ras
965 2618 1035 2663 m²
1096 2620 1250 2664 αὐτῶν
1277 2619 1443 2663 CIBV
1557 2623 1582 2661 2
1615 2618 1749 2663 ἄπιτε
1779 2632 1891 2663 voce

204 2677 305 2720 Mor
336 2678 509 2721 desinit
536 2679 541 2736 Ι
568 2681 750 2734 τελευτῇ
780 2679 816 2724 Ο
873 2676 1057 2735 τελευτῆ
1082 2680 1128 2723 Ρ
1247 2682 1300 2722 10
1333 2678 1477 2721 αὑτοῦ
1506 2679 1552 2721 Ρ
1580 2678 1660 2721 sed
1686 2676 1696 2692 ‘
1737 2678 1786 2721 in
1816 2692 1891 2722 ras

203 2736 284 2789 m²‚
317 2737 385 2780 Re
446 2738 590 2781 αὐτοῦ
620 2737 791 2793 reliqui
822 2737 932 2781 libri
966 2740 972 2793 Ι
1009 2737 1198 2782 στάδιον
1228 2737 1415 2792 reposui
1448 2750 1472 2780 e
1503 2736 1636 2779 libris
1696 2734 1890 2781 παιδίον

204 2795 271 2839 Re
381 2800 433 2837 13
466 2797 618 2855 ταύτῷ
648 2796 721 2839 vel
753 2794 946 2856 ἀπόπτῳ
979 2797 1084 2840 coni
1114 2797 1183 2839 Re
1298 2799 1351 2838 16
1384 2797 1590 2854 βροντῶν
1622 2796 1667 2839 Ρ
1695 2796 1776 2839 sed
1807 2811 1890 2850 ρον

203 2853 251 2895 in
283 2867 357 2896 ras
389 2853 460 2897 m²
580 2859 635 2898 20
667 2853 816 2900 πόνον
846 2855 1034 2911 reposui
1065 2869 1090 2899 e
1120 2854 1252 2903 libris
1285 2852 1450 2911 (πόνου
1478 2855 1541 2910 Β)
1602 2852 1761 2898 πόνων
1791 2853 1884 2911 Re!
1946 2870 1948 2873 ’

206 2907 258 2955 οὗ
291 2912 455 2968 scripsi
516 2914 571 2956 οὐ
602 2913 712 2956 libri
771 2909 826 2967 ἧς
855 2914 923 2957 Re
