1992 3094
178 113 277 156 XVI
712 109 1052 154 PRAEFATIO
1085 109 1321 154 CRITICA

172 251 239 311 ὡς
278 249 560 300 διατελέσων
600 248 763 309 ἄσιτος
801 250 891 314 τὴν
930 246 1118 315 ἡμέραν
1155 249 1454 297 mentionem
1493 249 1610 296 fecit
1655 248 1859 297 multos-

172 343 267 388 que
315 327 437 374 alios
484 325 684 389 collegit
721 325 999 373 Passowius
1045 325 1096 370 in
1144 324 1299 371 lexico
1346 339 1382 371 s.
1426 340 1468 371 v.
1509 319 1575 381 ὡς
1618 340 1664 385 p.
1700 323 1859 382 2631,

173 399 351 462 quibus
392 400 518 448 addo
558 399 686 447 Plat.
718 398 833 462 Leg.
867 398 964 445 XII
1001 414 1047 458 p.
1077 397 1239 445 964A
1279 396 1483 445 διανοοῦ
1523 393 1576 444 δὲ
1615 393 1682 455 ὣς
1721 393 1858 462 ἐρῶν.

175 474 344 535 Neque
384 474 441 520 de
480 474 572 521 hae
602 489 654 520 re
694 472 839 520 aliter
878 474 1030 519 sensit
1063 471 1436 531 Herwerdenus‚
1477 470 1560 518 sed
1600 468 1860 533 ἀποληψό-

175 565 319 610 μενος
366 547 579 594 soribens
626 548 775 608 atque
823 546 977 606 „quod
1023 543 1177 593 deesff‘
1225 545 1457 607 supplens
1504 545 1669 592 sensui
1713 544 1860 592 huius

174 621 270 669 loci
302 623 352 668 et
383 620 733 684 significationi
764 620 900 668 verbi
931 617 1297 683 ἀπολαμβάνειν
1327 619 1429 666 vim
1459 619 1645 665 intulit.
1695 617 1860 673 Verbo

173 692 525 759 ἀπολογεῖσθαι
557 710 666 741 011111
704 694 1067 756 praepositione
1098 691 1151 741 έκ
1183 694 1444 741 coniuncto
1482 692 1720 740 Libanius
1761 708 1859 740 616-

174 768 381 815 berrime
427 783 542 816 usus
591 770 684 829 est,
737 770 793 814 ut
839 767 1160 815 excusandi
1210 766 1619 830 significationem
1665 766 1858 814 habeat.

177 841 246 888 Of.
279 845 313 889 t.
345 842 396 889 H
428 842 605 902 438,4.

285 932 331 977 p.
369 916 573 975 100,18
622 911 647 962 ὅ
688 911 776 978 μὲν
815 913 877 978 δὴ
918 913 1092 977 σεμνὸς
1131 921 1319 978 σεμνῶς
1356 912 1577 976 εἱστήκει.
1654 913 1861 975 „Procul

174 989 318 1036 dubio
350 990 583 1037 imitando
614 989 859 1037 Libanius
891 990 1119 1049 expressit
1148 990 1320 1048 trayiec'
1348 990 1507 1036 nescio
1537 990 1676 1036 cuius
1707 989 1861 1036 locum

173 1063 312 1110 hodie
343 1061 668 1123 ἀορενάὶΐαηιιι
701 1063 908 1110 adnotat
930 1062 1301 1110 Herwerdenus.
1363 1062 1488 1109 Mihi
1520 1062 1670 1110 dictio
1702 1063 1860 1126 magis

175 1137 336 1183 locum
384 1137 659 1184 comoediae
710 1152 878 1198 sapere
924 1137 1142 1194 videtur,
1194 1136 1356 1198 qualis
1406 1138 1481 1184 est
1524 1133 1747 1198 Ephippi
1784 1136 1862 1184 [H

176 1210 410 1271 33621M
450 1204 523 1275 (II
557 1211 758 1270 261,19
779 1203 846 1276 Κ)
892 1209 1067 1274 σεμνὸς
1113 1217 1300 1273 σεμνῶς
1338 1204 1524 1275 χλανίδ’
1561 1207 1728 1258 ἕλκων.

286 1301 332 1345 p.
370 1285 536 1344 103,9
585 1291 681 1332 τῶν
729 1287 842 1332 ante
887 1283 1077 1349 χρόνων
1122 1285 1175 1331 111
1221 1286 1361 1332 textu
1407 1285 1642 1332 omissum
1688 1299 1791 1332 esse
1831 1300 1861 1332 a

178 1356 464 1405 Schenkelio
503 1359 719 1405 monitus
758 1358 874 1406 vidi.

286 1448 331 1492 p.
370 1433 573 1490 105,15
604 1430 837 1497 ,εὑρίσκει
885 1431 1044 1480 πόνου
1094 1429 1238 1498 χωρὶς
1287 1430 1402 1490 τοὺς
1453 1428 1861 1495 συλληψομένους

176 1502 297 1568 πρὸς
335 1508 434 1562 τοῖς
474 1509 729 1566 σοφισταῖς
766 1503 881 1564 τοὺς
919 1503 1047 1569 ἀμφὶ
1093 1503 1208 1564 τοὺς
1246 1504 1465 1569 ποιητάς.
1542 1505 1747 1554 Prorsus
1785 1508 1858 1553 in-

176 1578 432 1625 tolerabile
478 1581 551 1626 est
597 1577 678 1626 καὶ
726 1579 855 1640 quod
895 1578 1186 1628 Croenertus
1233 1582 1346 1627 ante
1392 1577 1507 1638 τοὺς
1548 1579 1860 1628 inserendum

175 1652 329 1699 duxit.

287 1742 333 1787 p.
371 1726 489 1785 105,
509 1728 576 1774 20
623 1733 719 1773 τῶν
766 1728 879 1774 ante
925 1727 1213 1792 Περινθίων
1258 1729 1359 1774 iam
1407 1744 1435 1774 a
1474 1727 1674 1775 Reiskio
1719 1729 1859 1775 uncis

176 1799 421 1846 inclusum
461 1815 561 1847 esse
602 1800 835 1847 adnotare
874 1800 1032 1848 debui.

289 1874 549 1934 p.108‚1o
583 1871 647 1935 μὴ
675 1871 792 1931 ζέων
824 1872 890 1922 ἔτι
922 1873 1213 1940 προσπεσών
1245 1893 1310 1944 τῳ
1343 1874 1623 1923 διασπάσαι.
1680 1874 1857 1923 Schen-

178 1945 333 1992 kelius
388 1945 649 2011 διαρπάσαι
696 1948 828 2009 quod
882 1951 954 1995 est
1007 1950 1059 1995 in
1105 1948 1244 1996 libris
1291 1951 1420 1997 recte
1466 1949 1587 1997 locis
1634 1948 1858 1996 Platonis

177 2018 293 2082 Leg.
318 2018 414 2066 VII
448 2021 548 2067 807
573 2021 634 2082 133
673 2021 717 2067 X
752 2021 917 2069 906D
957 2024 1150 2073 tutatus
1190 2024 1276 2070 est.

289 2110 334 2154 p.
373 2094 490 2153 109,
510 2096 539 2140 3
587 2100 683 2141 τῶν
730 2087 774 2141 δ’
819 2094 869 2142 εί
908 2113 976 2153 τις
1022 2093 1163 2186 ’ᾔρετο
1212 2092 1465 2160 ὁντινοῦν,
1511 2095 1607 2165 ὅτῳ
1655 2096 1857 2164 μεγίστῳ

178 2165 519 2224 καλλωπίζοιτο
574 2163 604 2229 ἡ
659 2167 822 2230 πόλις,
883 2166 967 2226 τὰς
1020 2167 1138 2232 ε’μὰς
1198 2161 1263 2233 ἦν
1316 2168 1369 2218 ἐν
1427 2169 1551 2238 αὐτῇ
1607 2167 1859 2236 διατριβὰς

178 2236 397 2286 ἀκοῦσαι.
473 2239 589 2287 Post
628 2247 724 2288 τῶν
764 2236 808 2288 δ’
851 2243 1162 2290 inserendum
1201 2259 1302 2291 esse
1342 2242 1445 2292 ἐκεῖ
1474 2244 1745 2306 probabilis
1785 2246 1859 2292 est

179 2314 457 2360 coniectura
494 2313 821 2362 Herwerdeni.

290 2402 335 2446 p.
374 2388 571 2446 110,10
611 2385 700 2450 τὴν
739 2385 827 2450 μὲν
865 2388 1067 2454 γνώμην
1106 2388 1380 2455 ἐπαινέσας,
1422 2390 1650 2450 κελεύσας
1688 2387 1740 2438 δε
1779 2391 1858 2454 ζη-

180 2461 278 2505 τεῖν
316 2459 560 2523 νυμφίον,
608 2457 673 2518 ὣς
719 2459 876 2526 ἔμοιγε
923 2459 1076 2526 οὔσης
1115 2461 1222 2511 ἀντὶ
1268 2463 1503 2529 γυναικὸς
1547 2471 1634 2528 τῆς
1675 2461 1857 2528 τέχνης.

180 2532 391 2579 Multum
423 2535 734 2595 argutiarum
765 2536 987 2596 perderet
1025 2537 1175 2598 locus,
1215 2540 1258 2586 si
1297 2554 1406 2586 cum
1440 2537 1702 2586 Croenerto
1733 2555 1858 2601 νυμ-

182 2604 301 2666 φίον
340 2606 605 2655 deleremus
648 2610 698 2655 et
736 2604 882 2656 ἄλλον
921 2612 1033 2657 ante
1074 2612 1230 2674 ζητεῖν
1275 2613 1609 2660 insereremus
1685 2612 1857 2672 Neque

181 2678 307 2726 dixit
344 2679 577 2727 Libanius
625 2678 702 2728 ἐπὶ
744 2679 834 2743 τὴν
872 2681 1118 2748 θυγατέρα
1156 2687 1423 2748 καλοῦντα,
1470 2685 1554 2733 sed
1601 2683 1692 2733 ἐπὶ
1740 2684 1856 2732 δεῖ-

181 2750 329 2798 πνόν
375 2770 428 2799 τε
474 2752 574 2815 ἅμα
611 2751 692 2800 καὶ
731 2752 886 2817 αὐτὴν
931 2774 1021 2819 την
1067 2755 1337 2823 θυγατέρα,
1384 2775 1541 2820 neque
1587 2755 1652 2816 ὡς
1698 2756 1858 2823 ε’μοιγε

183 2821 353 2946 οὔσηςέ
378 2831 464 2888 τῆς
509 2824 676 2889 τέχνης
722 2828 804 2874 sed
856 2826 920 2886 ὡς
973 2828 1131 2895 ε’μοιγε
1186 2828 1337 2894 οὔσης
1391 2829 1521 2880 αντὶ
1574 2829 1858 2897 γυναικὸς

182 2915 267 2961 της
304 2916 329 2945 τ
354 2917 484 2961 κνης
