1992 3094
240 99 344 151 126
757 98 985 141 LIBANII
1018 97 1241 142 ORATIO
1272 97 1421 142 XXXI

237 234 374 303 λέγω
421 232 513 287 καὶ
553 232 734 297 διεξίω
781 235 847 286 τὰ
891 242 987 302 τῆς
1033 233 1245 296 ἐνδείας
1292 234 1530 305 λυπηρά,
1583 244 1694 288 τῶν
1739 236 1923 290 ἄλλων

235 325 312 386 εἰς
366 323 569 386 αὐτοὺς
615 323 875 393 ὁρώντων
921 322 1179 391 ἀθυμεῖν,
1227 322 1363 375 ἀλλά
1416 323 1635 386 τούτοις
1679 343 1737 376 τε
1785 324 1921 378 ὑπο-

234 420 415 481 μεῖναι
470 411 690 479 βέλτιον
744 414 874 474 τοὺς
927 412 1052 482 περὶ
1107 419 1201 479 τῆς
1254 413 1446 474 πενίας
1499 414 1716 481 λόγους,
1777 413 1921 477 ὅπως

146 512 248 555 RH
265 517 350 556 206
393 510 505 554 τῶν
544 499 598 564 ἐξ
638 500 806 569 αὐτῆς
846 499 1209 569 ἀπαλλαγεῖεν
1246 510 1447 568 κακῶν,
1485 499 1625 570 ὑμᾶς
1671 501 1677 569 Ι
1723 521 1781 554 τε
1820 503 1920 572 δεῖ,

190 611 208 643 5
235 587 338 641 κάν
388 586 550 657 ἀηδες
595 583 629 658 ᾗ
676 610 728 642 τι
774 609 886 642 των
934 587 1261 658 λεγομένων,
1317 588 1508 658 φέρειν
1562 588 1650 643 ἐπὶ
1702 596 1777 662 τῷ
1823 591 1922 644 τὸν

234 678 430 730 λοιπὸν
468 680 674 747 χρόνον
713 677 774 731 ἐν
813 678 1057 750 εὐφημία
1097 679 1325 746 διάγειν.
1406 678 1453 731 5.
1506 680 1553 732 εἰ
1603 699 1704 748 μεν
1741 681 1846 750 γὰρ
1886 679 1918 749 ἢ

226 764 452 828 ’κείνοις
513 766 782 819 ὀνειδίσαι
843 768 1180 834 βουλόμενος
1239 765 1271 835 ἢ
1333 767 1490 834 ὑμῶν
1550 776 1918 838 κατηγορῆσαι

232 855 333 923 τὴν
370 854 647 908 ὑπόθεσιν
686 857 925 924 εἱλόμην,
965 856 1207 924 πονηρὸς
1246 855 1316 909 ἂν
1355 851 1445 923 ἦν·
1501 855 1616 909 ἐπεὶ
1656 856 1733 925 δέ,
1774 856 1920 920 ὅπως

234 944 292 996 οἱ
340 944 442 1012 μὲν
495 945 798 998 παύσαιντο
861 946 1214 1009 σπανίζοντες
1275 945 1583 1014 χρημάτων,
1644 945 1799 1014 ὑμεῖς
1860 942 1920 999 δὲ

168 1056 210 1087 10
234 1031 562 1099 ἀμελοῦντες
602 1028 680 1087 ὧν
719 1034 914 1101 ἥκιστα
951 1041 1106 1103 χρῆν,
1158 1033 1485 1102 ἀμφοτέρων
1524 1033 1810 1103 εὐεργέτης
1849 1036 1921 1088 εἰ·

232 1123 402 1184 κότως
455 1120 524 1174 ἂν
572 1123 799 1190 δοκοίην
851 1115 934 1184 οἷς
981 1141 1037 1174 τε
1094 1123 1456 1191 συμβουλεύω
1509 1123 1599 1175 καὶ
1652 1122 1790 1191 ὑπὲρ
1843 1118 1921 1176 ὧν

232 1213 607 1280 παρελήλυθα.
678 1210 821 1263 οὕτω
863 1209 912 1262 δ’
944 1209 1015 1263 ἂν
1053 1211 1287 1279 μάλιστα
1325 1210 1644 1280 προσέχοιτε
1683 1221 1798 1274 τοῖς
1838 1216 1920 1265 λε-

233 1298 485 1368 γομένοις
531 1300 629 1352 τὸν
667 1307 825 1366 νοῦν,
875 1300 924 1352 εἰ
962 1301 1058 1368 μή,
1114 1300 1298 1369 ὥσπερ
1345 1308 1462 1363 ταῖς
1510 1301 1723 1369 τύχαις,
1776 1300 1918 1353 οὕτω

232 1388 321 1440 καὶ
360 1396 478 1450 ταῖς
517 1389 759 1456 γνώμαις
798 1387 1053 1451 ἀξιώσετε
1094 1389 1409 1458 διῃρῆσθαι.

167 1499 207 1531 15
344 1477 390 1529 6.
441 1479 508 1528 Τί
537 1477 632 1529 δαί
667 1475 819 1529 ἐστιν
859 1477 887 1529 ὅ
920 1497 1082 1545 φημι;
1122 1475 1255 1545 μήθ’
1290 1477 1395 1549 ὅτῳ
1435 1479 1627 1540 παῖδες
1666 1478 1768 1530 οὐκ
1807 1475 1920 1545 ε’γέ-

231 1585 396 1618 νοντο
443 1566 545 1633 τὴν
598 1565 772 1635 ἀρχὴν
818 1564 950 1633 μήθ’
982 1566 1087 1637 ὅτῳ
1135 1564 1329 1618 πολλοὶ
1381 1565 1471 1619 καὶ
1519 1564 1723 1634 ἀγαθοὶ
1763 1585 1919 1634 γεγο-

231 1656 387 1716 νότες
439 1659 670 1707 τεθνᾶσι
730 1652 863 1723 μήθ’
907 1654 1055 1717 ὅστις
1115 1654 1443 1725 θυγατέρων
1495 1657 1682 1723 μόνων
1741 1655 1917 1724 πατὴρ

230 1741 364 1810 μήθ’
396 1742 501 1814 ὅτῳ
556 1744 747 1805 παῖδες
794 1743 947 1795 οὔπω
1004 1741 1291 1813 χρῄζοντες
1346 1743 1595 1813 ῥητόρων
1648 1742 1780 1813 μήθ’
1813 1743 1918 1816 ὅτῳ

232 1839 331 1883 τοῦ
380 1832 599 1884 δεῖσθαι
649 1831 1012 1901 πεπαυμένοι,
1066 1830 1256 1901 μηδεὶς
1300 1832 1457 1901 ὑμῶν
1511 1830 1570 1884 ἐκ
1617 1841 1728 1885 τῶν
1775 1833 1918 1902 εἰρη-

165 1943 207 1974 20
230 1919 411 1988 μένων
473 1921 664 1973 αἰτιῶν
718 1919 1095 1973 ἀπολελύσθαι
1150 1919 1408 1987 νομιζέτω
1471 1928 1567 1988 τῆς
1628 1919 1753 1990 περὶ
1806 1929 1918 1974 τῶν

231 2007 606 2077 προκειμένων
639 2010 955 2078 φροντίδος,
988 2009 1061 2071 ὡς
1093 2009 1159 2062 οὐ
1192 2011 1546 2078 μετασχήσων
1576 2018 1670 2078 τῆς
1693 2010 1916 2078 βλάβης,

232 2098 279 2149 εἰ
333 2098 405 2165 μὴ
463 2099 672 2166 νικήσει
726 2099 787 2151 τὸ
843 2097 1075 2165 βέλτιον.
1153 2099 1283 2151 νυνὶ
1345 2099 1448 2167 γὰρ
1510 2095 1649 2167 ὑπὲρ
1711 2099 1918 2160 πόλεως

352 2217 374 2285 1
401 2211 611 2270 ἀνάγκησ
628 2214 673 2257 Β
796 2218 820 2255 2
845 2214 1037 2264 τούτους
1052 2215 1087 2257 Ι
1201 2218 1225 2256 3
1253 2211 1395 2271 ὅπως]
1419 2214 1535 2269 ’ὑπὲρ
1553 2214 1654 2258 Mor
1775 2218 1800 2256 5
1825 2221 1916 2257 τῶν

230 2287 409 2360 λοιπιὸἴ
424 2317 508 2360 Mo
629 2320 652 2358 7
676 2313 918 2368 ’κείνοιςΙ
935 2317 1017 2361 sed
1037 2314 1049 2331 ’
1078 2317 1203 2361 inser
1219 2317 1288 2360 m3
1348 2315 1521 2367 κείνοις
1536 2317 1605 2380 Re
1633 2319 1638 2374 Ι
1667 2316 1796 2374 ἡμῶν
1813 2316 1915 2360 Mor

291 2380 315 2417 9
341 2374 571 2419 παύσαιτο
590 2375 674 2419 Mo
734 2376 997 2420 παύσονται
1014 2377 1060 2420 Β
1184 2382 1235 2419 11
1263 2375 1573 2434 συμβουλεύω]
1601 2377 1787 2431 „malim
1804 2389 1914 2432 συμ-

230 2434 518 2491 βουλεύσων“
543 2434 610 2477 Re
639 2435 644 2489 Ι
672 2434 786 2490 ὑπὲρ
814 2435 978 2491 scripsi
1003 2449 1107 2478 cum
1133 2433 1305 2479 Cobeto
1331 2434 1543 2478 (3011127
1570 2434 1673 2479 coll.
1691 2439 1846 2491 p.144‚
1860 2437 1913 2478 18
1960 2443 1973 2462 ³

230 2494 336 2548 περὶ
366 2492 475 2537 libri
507 2493 598 2536 edd
743 2499 797 2537 14
830 2508 968 2548 „num
999 2494 1298 2547 &gaobooensw‘
1330 2494 1398 2538 Re
1536 2499 1588 2538 15
1621 2492 1675 2539 δέ
1704 2493 1921 2538 IBMoV

230 2551 331 2595 Mor
355 2553 411 2596 cf.
431 2568 474 2608 p.
492 2556 611 2607 54‚7.
646 2551 862 2607 t.1289,4
888 2554 935 2596 eb
959 2557 1007 2608 5;
1031 2553 1074 2596 Π
1090 2558 1225 2607 567,1
1256 2554 1261 2610 Ι
1290 2553 1374 2597 οὐκ
1398 2553 1522 2596 inser
1538 2552 1606 2597 A²
1728 2557 1782 2596 16
1806 2569 1913 2608 την-

231 2611 377 2668 αρχὴν
410 2613 456 2655 Β
483 2613 488 2667 Ι
516 2612 623 2667 post
652 2613 813 2655 πολλοὶ
842 2625 916 2655 ras
943 2616 967 2653 2
993 2612 1073 2655 litss
1104 2614 1215 2669 (τεῬ)
1248 2613 1293 2656 A
1445 2616 1499 2655 17
1530 2614 1727 2656 τεθνᾶσι
1759 2612 1804 2654 Ρ
1832 2610 1914 2655 sed

230 2686 256 2712 ν
289 2672 336 2714 et
368 2684 392 2713 σ
422 2670 471 2712 in
495 2682 570 2713 ras
593 2669 662 2712 m²
688 2669 695 2728 Ι
723 2669 877 2727 μόνων
909 2671 1074 2728 scripsi
1106 2685 1131 2715 e
1167 2671 1323 2716 CAIB
1385 2685 1459 2714 om
1485 2672 1570 2715 Mo
1630 2669 1775 2728 μόνον
1806 2669 1912 2714 reli-

231 2729 316 2802 qui
341 2728 451 2773 libri
483 2729 573 2796 egid
596 2787 605 2797 .
755 2734 809 2772 18
856 2729 1005 2788 οὔπω]
1039 2730 1155 2775 οὕτω
1190 2731 1274 2774 Mo
1306 2731 1371 2786 (et
1403 2730 1500 2773 cod.
1535 2731 1693 2785 Rom
1699 2732 1725 2752 ‘⁶
1750 2728 1868 2785 Mor)
1903 2728 1908 2786 Ι

230 2786 856 2890 ἔεηὲπεῑὲιὲὲᾎᾞεὲ.
963 2794 1015 2832 ¹⁹
1036 2766 1853 2903 2³3²23‘22r131025‘252123'52⁰113}ss

230 2902 272 2947 τί
305 2906 435 2949 IBV
488 2921 531 2948 τι
562 2903 730 2961 reliqui
761 2905 871 2949 libri
904 2907 993 2949 edd
1022 2910 1026 2963 Ι
1055 2907 1179 2964 νυνὶ]
1213 2907 1292 2950 καὶ
1316 2907 1362 2949 Β
