1992 3094
645 124 986 170 PRAEFATIO
1019 125 1256 172 GRITICA
1579 131 1787 175 XXXXV

218 282 265 328 p.
298 266 418 326 135,
445 265 475 312 3
510 265 693 327 μᾶλλον
718 260 770 312 δὲ
794 262 1141 329 ἀκολούθησον
1165 275 1347 316 σαυτοῦ
1372 271 1786 333 φιλανθρωπίαις,

105 339 284 389 τούτου
322 335 413 404 γὰρ
452 334 602 386 ουδὲν
640 333 773 402 <αν>
811 332 942 403 εἶχον
982 341 1144 402 μεῖζον
1190 340 1356 390 εἰπεῖν.
1431 343 1786 392 Herwerdenus

106 419 165 483 τῇ
205 418 387 461 σαυτοῦ
435 412 790 480 φιλανθρωπία
838 415 1061 461 eoniecit
1138 414 1207 462 At
1245 416 1454 477 pluralis
1502 420 1785 483 φιλανθρω-

104 487 216 536 πίαι
260 486 471 534 Libanio
517 487 889 547 acceptissimus
943 487 1052 535 fuit.
1130 488 1368 537 Adscribe
1417 491 1579 538 locum
1634 507 1785 539 unum

106 563 142 609 t.
166 560 245 609 [Π
274 561 398 621 421,
426 561 455 607 6
497 566 901 623 προσκυνοῦντας
939 559 1030 624 τὴν
1074 561 1237 625 Τύχην
1274 561 1328 611 ἐν
1367 567 1470 623 ταῖς
1508 558 1623 629 παρ’
1667 563 1785 627 ἐμοῦ

105 633 520 698 φιλανθρωπίαις.
596 634 746 681 Recte
786 650 902 682 vero
941 634 1300 684 Herwerdenus
1332 633 1394 684 ἂν
1438 639 1649 686 inserere
1689 654 1784 686 non

106 723 230 771 opus
267 709 423 756 fuisse
473 705 768 757 observavit.
847 707 1035 757 Similis
1082 712 1157 757 est
1202 710 1340 758 locus
1378 713 1414 757 t.
1447 711 1522 758 III
1556 714 1675 771 317,
1705 714 1784 759 14.

216 799 264 845 p.
292 783 412 842 138,
440 782 506 829 16
540 788 639 829 τῶν
677 778 766 845 μὲν
805 779 1003 847 ἀνδρῶν
1041 781 1418 846 ἐμπεπληκότων
1457 783 1516 832 οὐ
1548 785 1702 848 μόνον
1733 784 1785 833 τὸ

103 853 342 922 θέατρον,
388 853 509 904 ἀλλὰ
555 853 637 903 καὶ
683 854 768 914 τὰς
818 862 904 904 τοῦ
956 853 1103 920 ὄρους
1149 857 1382 922 λαγόνας,
1436 865 1683 923 γυναικῶν
1734 856 1783 907 δὲ

105 928 225 979 κατὰ
274 928 360 979 τὸν
417 927 582 978 αὑτῶν
632 927 789 993 νόμον
839 929 1042 978 οἴκοθεν
1094 928 1298 994 ἑκάστης
1352 932 1786 995 συνεκπεμπούσης

104 1002 373 1068 εὐφημίαν.
435 1003 797 1052 Herwerdenus
834 1007 967 1052 recte
998 1011 1096 1053 τῶν
1127 1007 1242 1053 ante
1281 1012 1531 1070 γυναικῶν
1563 1008 1784 1054 inseruit.

214 1095 262 1142 p.
291 1079 410 1139 140,
440 1082 463 1125 1
511 1077 627 1135 ἴσως
653 1094 738 1136 ’τις
776 1075 1035 1143 ἀπήγγειλέ
1065 1091 1142 1127 σοι
1182 1076 1298 1142 μετὰ
1335 1085 1432 1126 τῶν
1470 1077 1628 1127 ἄλλων
1665 1077 1785 1138 νεὼς

105 1149 174 1200 ἔτι
210 1151 421 1211 πολλούς
458 1169 506 1200 τε
553 1149 635 1200 καὶ
682 1150 922 1217 μεγάλους
966 1145 1082 1216 παρ’
1133 1148 1253 1216 ἡμῖν
1299 1150 1581 1215 ἑστηκότας,
1628 1149 1655 1202 ὃ
1701 1160 1786 1216 τῆς

83 1231 203 1274 πῶν
251 1223 579 1275 ἐνοικούντων
633 1225 881 1290 εὐσεβείας
930 1224 1101 1274 ἐποιοῦ
1154 1230 1379 1290 σημεῖον,
1435 1224 1500 1285 ὡς
1548 1233 1644 1274 τῶν
1697 1223 1785 1289 μὲν

103 1297 420 1364 βουλομένων
465 1303 728 1366 καθαιρεῖν
775 1297 953 1359 ὄντων,
1000 1297 1316 1363 σεσωσμένων
1363 1296 1415 1348 δὲ
1454 1307 1550 1348 τῶν
1588 1299 1648 1349 οὐ
1687 1317 1782 1348 κει-

84 1370 268 1437 ’μένων
304 1377 411 1433 ταῖς
449 1380 547 1422 τῶν
585 1371 879 1438 ἀχθομένων
917 1380 974 1442 τῇ
1015 1371 1297 1437 καθαιρέσει
1336 1373 1522 1438 μάχαις.
1585 1374 1784 1435 Reliqui

105 1447 269 1511 verba,
306 1450 365 1496 ut
401 1450 454 1495 in
493 1448 634 1496 libris
673 1450 802 1508 sunt,
841 1449 939 1495 nisi
976 1449 1109 1509 quod
1145 1463 1255 1495 eum
1295 1451 1565 1496 correctore
1605 1447 1784 1504 codicis

105 1522 172 1568 M
204 1521 447 1571 vocabula
485 1529 584 1570 τῶν
623 1519 677 1571 δὲ
722 1523 1028 1583 transposui,
1075 1537 1174 1584 qua
1218 1537 1271 1570 re
1310 1523 1555 1569 sententia
1593 1523 1783 1569 exsistit

28 1599 30 1603 ’
105 1611 233 1658 quae
270 1596 476 1644 tolerari
522 1599 686 1659 queat.
762 1595 1070 1644 Vocabulum
1124 1592 1279 1644 ὄντων
1325 1595 1640 1644 offensionem
1686 1610 1782 1642 non

104 1668 255 1718 habet
300 1661 452 1736 (ἦσαν
502 1667 591 1733 μὲν
639 1669 691 1718 οἵ
732 1668 1023 1734 βουλόμενοι
1070 1667 1352 1734 καθαιρεῖν)
1391 1685 1548 1731 neque
1588 1672 1661 1715 est
1700 1684 1784 1715 eur

29 1804 35 1811 ⁸
105 1757 220 1791 cum
249 1743 580 1792 Herwerdeno
619 1746 673 1792 in
711 1742 1027 1808 πεφευγότων
1067 1745 1154 1791 aut
1192 1740 1519 1805 ἀπεωσμένων
1556 1742 1633 1789 vel
1674 1758 1781 1789 eum

106 1816 313 1866 Polakio
363 1819 416 1866 in
463 1816 708 1867 ἐνδόντων
754 1819 986 1866 mutetur.
1062 1824 1187 1865 νεῶν
1234 1819 1400 1865 autem
1440 1819 1552 1878 post
1589 1822 1685 1863 τῶν
1724 1812 1782 1863 οὐ

105 1888 341 1954 κειμένων
378 1908 479 1940 11011
517 1908 630 1940 eum
668 1891 999 1940 Herwerdeno
1037 1890 1370 1950 inserendum,
1417 1890 1500 1937 sed
1546 1905 1602 1936 ex
1650 1892 1782 1936 ante·

23 1966 34 2002 ³³
106 1964 389 2014 cedentibus
428 1971 592 2014 mente
631 1965 953 2028 repetendum
994 1967 1080 2012 est.

214 2055 262 2100 p.
290 2041 410 2100 142,
438 2042 504 2088 19
546 2037 639 2088 κᾶν
678 2039 801 2107 ἔλθῃ
848 2057 920 2097 τις
966 2035 1032 2097 ὡς
1078 2034 1207 2102 ἡμᾶς
1253 2034 1406 2098 ξένος,
1453 2035 1782 2099 διαδραμεῖται

106 2109 160 2161 τὸ
212 2109 357 2177 ἄστυ,
411 2113 639 2179 καθάπερ
694 2113 747 2162 οἵ
795 2111 880 2171 τὰς
925 2111 1181 2169 νοσούσας.
1259 2110 1366 2159 Vox
1419 2109 1582 2167 πόλεις
1636 2125 1779 2170 quam

21 2223 28 2234 .
105 2187 304 2235 auctore
358 2187 522 2236 Gasda
583 2190 697 2250 post
758 2185 999 2244 νοσούσας
1059 2185 1368 2233 inserendam
1430 2182 1782 2231 Herwerdenus

105 2260 275 2322 putat,
313 2264 370 2309 ut
407 2277 553 2324 saepe
593 2262 726 2324 apud
757 2260 1021 2308 Libanium
1035 2254 1090 2326 ¹),
1130 2258 1394 2322 cogitanda
1433 2256 1645 2319 quidem,
1685 2271 1779 2302 non

106 2347 221 2381 vero
259 2335 521 2384 inserenda
559 2336 771 2384 videtur.

20 2398 33 2417 4*
216 2424 263 2469 p.
292 2409 410 2472 145,
437 2410 468 2458 8
509 2407 670 2474 ὥσπερ
709 2406 800 2474 γὰρ
840 2407 892 2455 οἱ
924 2414 1022 2455 τῶν
1061 2405 1205 2470 ἱερῶν
1243 2403 1340 2454 ὑπὸ
1381 2410 1478 2452 τῶν
1524 2406 1656 2451 θεῶν
1702 2399 1783 2450 διὰ

15 2514 28 2533 ⁷5
1159 2475 1521 2497 ‘‘‘‘‘

84 2551 307 2604 ἐἰδότων
355 2554 736 2623 ἐξεληλεγμένοι,
783 2555 938 2613 οὕτως
988 2546 1058 2602 ὧν
1103 2571 1165 2601 αν
1211 2549 1278 2611 ὥς
1327 2557 1491 2599 κακῶν
1537 2552 1782 2615 μνησθῇς,

10 2627 35 2694 ‘33
107 2624 199 2675 οὐκ
235 2626 429 2693 ἔχουσιν
467 2627 534 2690 ὡς
580 2635 1008 2691 συκοφαντοῦνται
1054 2624 1222 2692 λέγειν.
1300 2624 1520 2673 Concedo
1560 2622 1780 2669 Herwer·

14 2699 22 2734 ’-
107 2699 232 2750 deno
271 2700 332 2751 σὺ
364 2706 478 2751 ante
511 2708 744 2772 μνησθῇς
778 2704 929 2750 inseri
958 2716 1116 2764 posse,
1156 2700 1482 2748 necessarium
1514 2711 1631 2754 esse,
1664 2709 1781 2755 quo·

106 2773 242 2822 niam
280 2779 543 2826 antecessit
582 2776 642 2826 οὐ
683 2775 865 2841 δέχεται
904 2772 1092 2838 μέμψιν
1131 2793 1162 2837 η
1203 2772 1263 2836 σὴ
1305 2770 1471 2833 φύσις,
1511 2785 1648 2833 nego.

226 2932 269 2988 1)
301 2929 367 2976 Of.
392 2947 438 2989 p.
454 2931 679 2976 XXXVII.
