1992 3094
17 2555 22 2567 α
16 2515 23 2536 .-
15 2440 22 2480 ›-·-
14 2269 22 2423 ,,.«ω,.ι...-.
17 2246 21 2250 ,
16 2198 20 2201 v
18 2152 21 2156 .

242 121 470 166 LIBANII
501 123 724 169 ORATIO
756 123 875 168 PRO
906 123 1224 170 AGRICOLIS
1255 125 1335 168 DE
1368 125 1654 170 ANGARIIS
1716 127 1821 179 481

248 258 333 310 22.
389 254 480 320 Ὡς
531 257 579 311 δ’
627 260 727 313 οὐκ
779 259 839 312 ἐν
890 258 1112 331 ἐξουσίᾳ
1160 270 1274 324 τοῖς
1321 263 1551 331 ἄρχουσι
1600 264 1665 315 τὰ
1716 284 1825 316 τοι-

137 335 276 399 αῦτα
315 347 553 415 διδόναι,
593 349 766 416 δῆλον
805 347 858 412 ἐξ
900 345 978 402 ὧν
1016 351 1119 418 ἤδη
1161 370 1242 412 τις
1274 350 1333 413 ὃς
1371 352 1519 419 παρὰ
1557 351 1827 418 βασιλέως

135 443 298 488 τοῦτο
354 436 577 504 εὕρηται
631 437 931 507 γεγένηται.
1023 441 1079 491 τί
1130 440 1233 505 γὰρ
1290 438 1537 507 ἐνοχλεῖν
1590 438 1701 493 ἔδει
1756 447 1830 512 τῷ

135 526 352 590 βασιλεῖ
397 525 665 589 δοθέντος
712 526 781 579 ἂν
831 528 1056 589 δικαίως
1101 526 1191 579 καὶ
1243 529 1389 597 παρὰ
1439 536 1536 581 τοῦ
1586 530 1824 594 δικάζειν

135 612 488 682 τεταγμένους
530 614 671 683 ἀλλ’,
712 612 882 685 οἶμαι,
923 619 1230 685 ληψόμενος
1269 613 1370 683 μὲν
1408 615 1498 669 καὶ
1530 615 1655 686 παρ’
1688 617 1819 670 ἐκεί·
1869 639 1890 671 5

134 721 250 754 νων
289 701 408 772 ᾔδει
447 704 547 772 τὴν
586 705 764 774 χάριν,
805 705 872 758 οὐ
911 706 1021 773 μὴν
1059 706 1193 774 μετά
1231 714 1424 774 γετῆς
1463 714 1561 758 τοῦ
1603 707 1822 758 δικαίου

134 791 371 858 μερίδος.
447 800 611 845 τοῦτο
652 794 719 862 δὴ
761 794 955 856 δεδιὼς
994 794 1084 846 καὶ
1123 799 1360 862 θαρρεῖν
1399 794 1500 847 οὐκ
1541 797 1705 863 ἔχων,
1750 795 1823 857 ὡς

135 878 236 931 οὐκ
291 882 515 934 ἔσονταί
564 901 694 935 ποτε
748 892 858 935 τῶν
912 884 1180 936 τοιούτων
1235 883 1497 950 εὐθύναι,
1556 883 1822 950 βασιλέως

133 963 229 1035 ἧκε
281 973 516 1036 κομίζων
570 970 879 1040 ἐπιστολήν.
963 972 1034 1040 ἣν
1089 971 1336 1025 ἐπαινεῖν
1389 969 1490 1038 μὲν
1544 973 1645 1025 οὐκ
1700 975 1819 1041 ἔχω,

133 1058 272 1125 φημὶ
313 1055 373 1111 δὲ
412 1061 600 1113 πίστιν
640 1056 782 1113 εἶναι
824 1068 924 1113 τοῦ
963 1061 1035 1128 μὴ
1076 1070 1190 1123 τοῖς
1231 1062 1460 1130 ἄρχουσι
1499 1062 1716 1123 τούτοις
1755 1063 1819 1114 τὰ
1845 1084 1887 1114 10

132 1154 359 1200 τοιαῦτα
399 1146 612 1211 ἐξεῖναι.
649 1132 652 1137 ¹

244 1236 330 1288 23.
386 1239 510 1290 Καὶ
549 1240 612 1291 τί
649 1240 899 1307 δεινόν,
947 1241 1145 1308 φησίν,
1197 1237 1202 1310 Ι
1253 1237 1509 1302 ἐξιόντα
1560 1240 1672 1291 τὸν
1704 1251 1909 1295 RII564

131 1327 290 1378 ὄνον
322 1328 603 1396 φορτίον
634 1326 860 1395 ἕτερον
892 1327 1010 1380 οὐκ
1042 1330 1273 1396 ἔχοντα
1310 1334 1501 1380 τοῦτο
1535 1327 1821 1395 φέροντα

132 1413 398 1479 ἐξιέναι;
452 1414 600 1468 τοῦτ’
647 1417 804 1483 αὐτό,
860 1418 1033 1486 φαίην
1080 1418 1173 1483 ἄν,
1227 1417 1288 1468 τὸ
1338 1414 1462 1479 ἐξὸν
1508 1417 1580 1484 μὴ
1628 1415 1821 1483 φέρειν

132 1505 367 1572 φορτίον
411 1504 816 1571 ἀναγκάζεσθαι
868 1505 1086 1574 φε’ρειν;
1142 1507 1323 1574 ὥσπερ
1380 1505 1482 1573 γὰρ
1540 1504 1818 1576 ἀνθρώπῳ
1844 1525 1885 1558 15

131 1599 229 1644 τοῦ
262 1594 334 1661 μὴ
366 1592 558 1661 φέρειν
596 1594 657 1646 τὸ
696 1593 888 1663 φέρειν
927 1595 1251 1664 βαρύτερον,
1293 1593 1482 1661 οὕτως,
1524 1585 1690 1662 οἶμαι,
1731 1595 1819 1646 καὶ

131 1681 256 1752 ὄνῳ.
333 1680 422 1734 καὶ
479 1683 570 1735 διὰ
625 1681 771 1735 τοῦτ’
820 1683 1008 1746 αὐτοῖς
1062 1691 1157 1751 τῆς
1211 1681 1263 1746 ἐξ
1320 1681 1506 1750 ἀγρῶν
1557 1683 1632 1744 εἰς
1683 1682 1819 1734 ἄστυ

131 1773 356 1837 πορείας
393 1771 426 1839 ἡ
474 1770 526 1834 ἐξ
569 1773 760 1834 ἄστεος
799 1772 972 1825 ἐκεῖσε
1020 1771 1359 1840 κουφοτέρα,
1408 1771 1491 1823 ὅτι
1540 1770 1601 1823 ἐν
1640 1769 1818 1840 ἐκείνῃ

129 1855 231 1926 μὲν
270 1862 495 1928 φορτία,
544 1859 606 1913 ἐν
643 1861 814 1930 ταύτῃ
855 1860 916 1914 δὲ
955 1859 1103 1913 τοῦτ’
1145 1860 1245 1914 οὐκ
1293 1862 1466 1927 ἔστιν,
1514 1857 1631 1911 ἀλλ’
1670 1858 1819 1912 ἐλευ-

131 1949 294 2017 θερία
341 1949 558 2015 βάρους.
637 1949 665 2002 ὁ
715 1950 775 2002 δὲ
821 1950 1063 2018 γεωργὸς
1102 1948 1376 2017 ἐφιζάνων
1421 1968 1478 2000 τε
1525 1948 1623 2016 οὐχ
1672 1948 1815 2000 οὕτω
1843 1969 1885 2001 20

131 2037 370 2104 λυπηρὸς
408 2037 498 2090 καὶ
546 2039 732 2107 φειδοῖ
774 2039 1037 2100 πολλάκις
1077 2037 1389 2090 ἀκολουθεῖ.
1468 2036 1553 2088 24.
1609 2034 1723 2088 ἀλλ’
1764 2036 1818 2088 οἱ

129 2128 357 2192 κυρίους
412 2125 612 2188 αὑτοὺς
668 2122 819 2179 οὗτοι
876 2134 1167 2188 ποιοῦντες
1220 2121 1299 2177 ὧν
1357 2125 1414 2177 ἐκ
1469 2134 1580 2176 τῶν
1633 2126 1817 2191 νόμων

126 2213 231 2265 οὔκ
294 2214 459 2278 εἰσιν,
527 2214 891 2284 ἀποστεροῦσι
952 2217 1081 2277 τοὺς
1142 2214 1525 2281 ταλαιπώρους
1587 2213 1818 2275 τούτους

129 2302 295 2364 ὄνους
340 2300 567 2370 ταυτησὶ
615 2310 709 2370 τῆς
755 2305 1111 2372 παραμυθίας
1152 2303 1217 2354 τὰ
1264 2311 1411 2354 νῶτα
1457 2301 1641 2353 αὐτῶν
1680 2300 1815 2353 ὑπο-

129 2389 377 2453 τιθέντες
430 2399 546 2453 τοῖς
596 2390 829 2458 ὑψηλοῖς
885 2391 1102 2452 τούτοις
1155 2391 1416 2459 χώμασιν.
1506 2387 1591 2458 ἐφ’
1644 2389 1676 2442 ἃ
1733 2390 1817 2442 δεῖ
1839 2392 1885 2445 2225x

128 2487 327 2547 χωρεῖν
380 2481 510 2541 τοὺς
563 2479 864 2546 γεωργούς,
928 2478 1218 2541 ὠθοῦντας
1273 2478 1454 2541 ἐνίους
1508 2479 1608 2531 τὸν
1666 2480 1814 2531 ὄνον.

248 2691 674 2740 2ὧνΡεοεΓὶῃ
705 2711 781 2740 ras
812 2697 882 2740 m'
938 2700 944 2753 Ι
1003 2696 1052 2747 ὃς
1084 2710 1159 2740 om
1192 2697 1282 2741 Got
1498 2702 1552 2740 14
1585 2698 1644 2753 μὴ
1678 2698 1820 2740 omI

131 2761 183 2798 17
218 2752 426 2800 διατοῦτ’
462 2757 541 2799 ΡΙ
590 2757 596 2811 Ι
654 2757 812 2806 αὐτοῖς
843 2758 888 2800 Ρ
917 2757 998 2800 sed
1032 2772 1076 2800 οι
1108 2757 1156 2799 in
1187 2769 1263 2799 ras
1293 2756 1363 2798 m²
1419 2758 1424 2813 Ι
1483 2757 1656 2811 ἀγορᾶς
1687 2757 1718 2798 Ι

189 2818 243 2857 18
277 2814 437 2865 ἄστεος
468 2816 514 2858 Ρ
542 2815 624 2859 sed.
656 2831 680 2858 ο
714 2829 768 2860 ex
800 2833 835 2859 ω
869 2829 970 2859 corr
999 2829 1075 2858 ras
1219 2820 1273 2858 23
1305 2815 1515 2872 τούτους]
1549 2813 1755 2866 ἐκείνους
1786 2817 1820 2858 Ι

129 2877 184 2916 25
209 2874 443 2930 χρώμασιν
470 2872 559 2917 Got
583 2874 666 2917 sed
689 2892 743 2931 γρ
770 2873 993 2931 ὀχήμασιν
1019 2874 1090 2917 vel
1113 2875 1318 2931 χώμασιν
1346 2880 1426 2930 „ut
1447 2875 1537 2929 sine
1561 2875 1811 2918 o‘ratiom‘8“

128 2931 177 2974 in
209 2946 343 2989 marg
463 2936 517 2975 26
550 2933 795 2983 ὠθοῦντας
825 2935 871 2978 Ρ
899 2934 979 2977 sed
1012 2951 1038 2977 ν
1070 2933 1119 2976 in
1149 2946 1225 2977 ras
1256 2933 1326 2975 m⁵
1386 2933 1622 2983 ὠθοῦντες
1652 2935 1683 2976 Ι

216 3013 413 3046 LmAums
437 3015 494 3047 ed.
517 3015 548 3046 F
559 3018 753 3046 oerster.
788 3015 861 3047 111.
1488 3011 1542 3050 31
