1992 3094
625 920 807 974 XXIX
846 921 1129 993 (XXXVII
1147 920 1235 994 R).

196 1031 287 1079 His
327 1030 529 1093 quidem
570 1045 695 1092 quae
736 1045 847 1078 cum
886 1030 1046 1078 Icario
1092 1047 1196 1079 rem
1240 1031 1425 1080 habent
1470 1031 1628 1080 tribus
1668 1048 1775 1080 ora-

85 1105 302 1156 tionibus
350 1104 605 1154 succedere
652 1105 776 1153 iussi
824 1104 999 1153 relicto
1048 1120 1202 1167 aeque
1250 1107 1400 1167 atque
1450 1107 1502 1153 in
1553 1108 1776 1154 oratione

85 1179 254 1230 XXIII
301 1177 424 1228 κατὰ
472 1185 570 1226 τῶν
619 1177 939 1243 πεφευγότων
990 1179 1213 1227 codicum
1259 1181 1559 1242 optimorum
1607 1180 1776 1228 ordine

87 1255 315 1317 quartam
346 1269 472 1315 quae
499 1253 644 1300 illum
684 1254 863 1301 saltem
895 1254 1102 1316 attingit
1112 1246 1153 1318 ¹)
1194 1249 1316 1318 ὑπὲρ
1350 1252 1526 1302 ἑαυτοῦ
1566 1252 1648 1302 διὰ
1687 1252 1777 1316 τὴν

85 1327 208 1394 πρὸς
246 1327 490 1392 Ἀντίοχον
529 1326 833 1392 συνηγορίαν
883 1343 981 1389 qua
1021 1326 1261 1375 Libanius
1301 1327 1359 1375 de
1398 1329 1594 1376 iniuriis
1633 1328 1778 1376 Anti-

86 1403 207 1452 ocho
244 1403 425 1465 pistori
463 1417 493 1448 a
533 1400 755 1449 Candido
788 1417 934 1463 quem
972 1401 1162 1448 Icarius
1195 1417 1340 1450 curae
1373 1418 1596 1450 annonae
1635 1418 1776 1464 prae-

83 1477 268 1525 fecerat
278 1470 319 1543 2)
351 1477 508 1524 illatis
541 1476 765 1537 queritur
796 1475 1043 1537 simulque
1075 1491 1125 1523 se
1157 1477 1318 1538 ipsum
1352 1477 1413 1524 ob
1444 1476 1777 1538 patrocinium

83 1551 219 1599 illius
257 1551 400 1598 uxori
437 1551 735 1611 praestitum
769 1549 1002 1597 defendit.

194 1625 308 1672 Non
332 1626 408 1672 est
431 1640 520 1672 cur
544 1623 603 1671 de
628 1623 872 1671 sententia
896 1624 1265 1687 Bongiovannii
1290 1617 1359 1690 (p.
1376 1617 1469 1690 56)
1503 1626 1778 1672 orationem

85 1698 175 1748 sub
204 1699 400 1747 Iuliano
440 1699 772 1759 conscriptam
803 1713 906 1746 esse
939 1699 1132 1760 opinati
1165 1698 1392 1760 pluribus
1425 1714 1584 1762 agam.
1647 1698 1777 1745 Nam

0 1782 1 1818 ἱ
86 1788 137 1822 se
181 1774 292 1836 ipsa
335 1773 537 1820 refutat.
618 1772 803 1820 Verum
842 1773 1098 1820 assecutus
1145 1775 1220 1820 est
1258 1772 1509 1831 Reiskius,
1557 1788 1667 1821 cum
1715 1772 1778 1819 ad

0 1863 1 1922 ᾗ
85 1862 254 1896 vocem
301 1843 327 1894 ὅ
374 1843 536 1912 ἅρχων
582 1863 630 1908 p.
657 1847 742 1906 64,
768 1847 799 1894 8
847 1846 1068 1907 Icarius,
1120 1847 1307 1908 inquit,
1361 1848 1444 1906 qui
1493 1845 1779 1895 Consularis

0 1926 1 1932 ’
86 1921 258 1983 Syriae
287 1922 386 1982 fuit
405 1920 468 1968 A.
495 1922 619 1968 384.
660 1935 768 1982 erqo
799 1924 915 1980 post
941 1920 1081 1968 illum
1114 1935 1301 1968 annum
1338 1922 1519 1980 scripta
1559 1923 1627 1968 est
1662 1921 1779 1968 haec

32 1996 37 2002 '
88 1994 254 2044 Oratio
285 1998 372 2043 aut
399 1995 483 2043 illo
513 1996 634 2054 ipse,
672 1995 771 2042 nisi
810 1993 942 2056 quod
978 1994 1110 2042 hunc
1147 1996 1313 2056 ipsum
1343 2010 1527 2041 annum
1558 1995 1777 2042 natalem

86 2069 235 2117 fuisse
274 2070 513 2117 orationis
551 2067 860 2130 probabilius
898 2069 1023 2115 mihi
1060 2067 1270 2116 videtur.
1340 2069 1470 2116 Nam
1508 2069 1638 2115 ratio
1679 2083 1777 2129 qua

85 2158 133 2205 p.
162 2144 244 2203 75,
270 2144 388 2205 4sq.
429 2143 487 2190 de
525 2142 675 2190 Icarii
712 2141 932 2190 moribus
975 2142 1164 2190 iudicat
1201 2143 1361 2205 magis
1403 2142 1465 2189 ad
1504 2143 1777 2189 orationem

87 2216 152 2265 ad
180 2216 395 2264 Icarium
427 2210 637 2284 (XXVI)
678 2232 827 2279 quam
861 2215 924 2264 ad
954 2218 1216 2278 utramque
1251 2218 1573 2278 posteriorem
1605 2219 1777 2263 contra

85 2288 300 2339 Icarium
340 2284 555 2357 (XXVII
593 2293 643 2338 et
680 2282 922 2356 XXVIII)
961 2291 1292 2351 conscriptam
1332 2283 1611 2355 quadrat.3)

199 2363 372 2413 Oratio
405 2367 575 2413 autem
605 2380 704 2412 non
736 2366 793 2412 ut
824 2378 947 2426 quas
979 2363 1125 2412 modo
1158 2363 1275 2423 dixi,
1309 2358 1566 2425 ‘corporis’
1597 2362 1776 2410 finibus

87 2438 458 2501 circumscripta
494 2440 699 2499 mansit,
747 2438 832 2486 sed
871 2453 982 2486 cum
1020 2438 1183 2485 multa
1222 2438 1285 2485 ad
1324 2436 1523 2485 Libanii
1560 2436 1777 2485 indolem

86 2511 430 2574 imprimisque
466 2514 715 2561 iustitiam
754 2528 779 2559 e
812 2511 1015 2559 deorum
1049 2513 1326 2559 reverentia
1366 2513 1535 2573 aptam
1574 2525 1777 2574 cognos-

206 2654 248 2709 1)
293 2653 366 2697 Ita
406 2652 550 2698 etiam
591 2652 733 2697 facile
772 2652 1034 2708 explicatur
1077 2665 1203 2696 error
1241 2651 1291 2695 in
1322 2651 1526 2695 Thomae
1559 2650 1775 2707 Magistri

87 2709 249 2769 ecloga
270 2726 437 2756 vocum
458 2712 725 2756 Atticarum
756 2724 876 2767 quae
908 2725 942 2754 s.
961 2726 1000 2754 v.
1027 2709 1295 2766 ἀρτοπόπος
1316 2726 1361 2767 p.
1381 2716 1421 2765 4,
1440 2715 1546 2765 Ssq.
1580 2709 1694 2752 locis
1720 2722 1776 2752 ex

32 2772 46 2820 1,.
87 2767 177 2814 hac
192 2770 403 2816 oratione
418 2771 580 2815 libatis
595 2771 738 2815 verba
754 2769 981 2828 Λιβάνιος
1003 2769 1054 2814 ἐν
1070 2773 1134 2830 τῷ
1157 2770 1278 2813 κατὰ
1295 2766 1497 2824 Ἰκαρίου
1516 2767 1772 2825 praemisit.

37 2974 46 3004 ὲ

26 3017 57 3094 ξ

206 2832 248 2887 2)
281 2828 347 2874 cf.
372 2830 467 2875 Vit.
493 2835 518 2884 ξ
544 2835 629 2874 228
660 2832 694 2874 t.
719 2830 741 2873 Ι
769 2844 815 2885 p.
836 2833 935 2883 183,
953 2832 1060 2884 Ssq.

206 2890 248 2944 3)
281 2887 414 2941 Quod
437 2890 563 2934 recte
580 2887 834 2933 Sieversius
851 2892 994 2944 p.166
1020 2887 1296 2941 observavit,
1322 2899 1606 2942 quamquam
1630 2889 1772 2942 p.203

38 2950 43 2956 '
87 2946 343 2992 orationem
373 2950 481 3005 post
511 2962 684 2992 annum
718 2952 804 2991 384
837 2947 1061 3003 scriptam
1093 2960 1192 2991 esse
1226 2946 1356 2989 dixit.
