<?xml version="1.0" encoding="UTF-8"?>
<!DOCTYPE html PUBLIC "-//W3C//DTD XHTML 1.0 Transitional//EN"
    "http://www.w3.org/TR/xhtml1/DTD/xhtml1-transitional.dtd">
<html xmlns="http://www.w3.org/1999/xhtml" xml:lang="en" lang="en">
 <head>
  <title>
</title>
<meta http-equiv="Content-Type" content="text/html;charset=utf-8" />
  <meta name='ocr-system' content='tesseract 3.04.00' />
  <meta name='ocr-capabilities' content='ocr_page ocr_carea ocr_par ocr_line ocrx_word'/>
</head>
<body>
  <div class='ocr_page' id='page_1' title='image "./operarecensuitri03libauoft_0513.png"; bbox 0 0 1992 3094; ppageno 0'>
   <div class='ocr_carea' id='block_1_1' title="bbox 259 107 1833 159">
    <p class='ocr_par' dir='ltr' id='par_1_1' title="bbox 259 107 1833 159">
     <span class='ocr_line' id='line_1_1' title="bbox 259 107 1833 159; baseline -0.001 -6"><span class='ocrx_word' id='word_1_1' title='bbox 259 107 487 153; x_wconf 80' lang='lat' dir='ltr'><strong>LIBANII</strong></span> <span class='ocrx_word' id='word_1_2' title='bbox 521 107 745 153; x_wconf 87' lang='lat' dir='ltr'><strong>ORATIO</strong></span> <span class='ocrx_word' id='word_1_3' title='bbox 778 108 861 152; x_wconf 89' lang='lat' dir='ltr'><strong><em>AD</em></strong></span> <span class='ocrx_word' id='word_1_4' title='bbox 895 107 1185 152; x_wconf 88' lang='lat' dir='ltr'>SENATUM</span> <span class='ocrx_word' id='word_1_5' title='bbox 1216 107 1660 152; x_wconf 86' lang='lat' dir='ltr'>ANTIOCHENUM</span> <span class='ocrx_word' id='word_1_6' title='bbox 1722 107 1833 159; x_wconf 85' lang='lat'><strong><em>443</em></strong></span> 
     </span>
    </p>
   </div>
   <div class='ocr_carea' id='block_1_2' title="bbox 134 240 1926 2269">
    <p class='ocr_par' dir='ltr' id='par_1_2' title="bbox 134 240 1900 936">
     <span class='ocr_line' id='line_1_2' title="bbox 138 240 1832 313; baseline -0.002 -14"><span class='ocrx_word' id='word_1_7' title='bbox 138 248 271 308; x_wconf 90' lang='grc' dir='ltr'><strong><em>τοὺς</em></strong></span> <span class='ocrx_word' id='word_1_8' title='bbox 309 246 543 313; x_wconf 86' lang='grc' dir='ltr'><strong><em>γάμους,</em></strong></span> <span class='ocrx_word' id='word_1_9' title='bbox 589 253 706 307; x_wconf 84' lang='grc' dir='ltr'><strong><em>τοῖς</em></strong></span> <span class='ocrx_word' id='word_1_10' title='bbox 751 244 1088 313; x_wconf 81' lang='grc' dir='ltr'><strong><em>βουλεύουσι</em></strong></span> <span class='ocrx_word' id='word_1_11' title='bbox 1129 240 1191 297; x_wconf 76' lang='grc' dir='ltr'><strong><em>δὲ</em></strong></span> <span class='ocrx_word' id='word_1_12' title='bbox 1236 246 1486 296; x_wconf 90' lang='grc' dir='ltr'><strong><em>τίκτουσι</em></strong></span> <span class='ocrx_word' id='word_1_13' title='bbox 1532 245 1731 306; x_wconf 88' lang='grc' dir='ltr'><strong><em>παῖδας</em></strong></span> <span class='ocrx_word' id='word_1_14' title='bbox 1776 244 1832 295; x_wconf 83' lang='grc' dir='ltr'><strong><em>αἱ</em></strong></span> 
     </span>
     <span class='ocr_line' id='line_1_3' title="bbox 142 328 1834 402; baseline -0.002 -15"><span class='ocrx_word' id='word_1_15' title='bbox 142 336 354 388; x_wconf 78' lang='grc' dir='ltr'><strong><em>δοῦλαι.</em></strong></span> <span class='ocrx_word' id='word_1_16' title='bbox 432 328 548 387; x_wconf 85' lang='grc' dir='ltr'><strong><em>εἶτα</em></strong></span> <span class='ocrx_word' id='word_1_17' title='bbox 599 332 930 402; x_wconf 79' lang='grc' dir='ltr'><strong><em>ἐξελήλυθεν</em></strong></span> <span class='ocrx_word' id='word_1_18' title='bbox 977 334 1140 386; x_wconf 87' lang='grc' dir='ltr'><strong><em>οὐσία</em></strong></span> <span class='ocrx_word' id='word_1_19' title='bbox 1186 341 1281 401; x_wconf 88' lang='grc' dir='ltr'><strong><em>τῆς</em></strong></span> <span class='ocrx_word' id='word_1_20' title='bbox 1331 335 1537 400; x_wconf 86' lang='grc' dir='ltr'><strong><em>βουλῆς</em></strong></span> <span class='ocrx_word' id='word_1_21' title='bbox 1588 330 1659 384; x_wconf 91' lang='grc' dir='ltr'><strong><em>δι’</em></strong></span> <span class='ocrx_word' id='word_1_22' title='bbox 1706 332 1834 401; x_wconf 84' lang='grc' dir='ltr'><strong><em>ὑμε-</em></strong></span> 
     </span>
     <span class='ocr_line' id='line_1_4' title="bbox 136 419 1832 491; baseline -0.002 -15"><span class='ocrx_word' id='word_1_23' title='bbox 136 425 315 477; x_wconf 80' lang='grc' dir='ltr'><em>ναίων</em></span> <span class='ocrx_word' id='word_1_24' title='bbox 364 421 455 476; x_wconf 87' lang='grc' dir='ltr'><strong><em>καὶ</em></strong></span> <span class='ocrx_word' id='word_1_25' title='bbox 499 421 715 491; x_wconf 83' lang='grc' dir='ltr'><strong><em>Ῥώμης.</em></strong></span> <span class='ocrx_word' id='word_1_26' title='bbox 793 422 822 476; x_wconf 89' lang='grc' dir='ltr'>ὁ</span> <span class='ocrx_word' id='word_1_27' title='bbox 875 419 936 475; x_wconf 74' lang='grc' dir='ltr'><strong><em>δὲ</em></strong></span> <span class='ocrx_word' id='word_1_28' title='bbox 982 429 1209 475; x_wconf 89' lang='grc' dir='ltr'><strong><em>τοιαῦτα</em></strong></span> <span class='ocrx_word' id='word_1_29' title='bbox 1256 420 1614 491; x_wconf 77' lang='grc' dir='ltr'><strong><em>εἰργασμένος</em></strong></span> <span class='ocrx_word' id='word_1_30' title='bbox 1656 422 1832 489; x_wconf 83' lang='grc' dir='ltr'><strong><em>πατὴρ</em></strong></span> 
     </span>
     <span class='ocr_line' id='line_1_5' title="bbox 141 508 1835 580; baseline -0.002 -15"><span class='ocrx_word' id='word_1_31' title='bbox 141 512 234 565; x_wconf 89' lang='grc' dir='ltr'><strong><em>διά</em></strong></span> <span class='ocrx_word' id='word_1_32' title='bbox 280 531 338 565; x_wconf 89' lang='grc' dir='ltr'><strong><em>τε</em></strong></span> <span class='ocrx_word' id='word_1_33' title='bbox 383 514 513 575; x_wconf 85' lang='grc' dir='ltr'><strong><em>τοὺς</em></strong></span> <span class='ocrx_word' id='word_1_34' title='bbox 555 512 820 580; x_wconf 84' lang='grc' dir='ltr'><strong><em>κηδεστὰς</em></strong></span> <span class='ocrx_word' id='word_1_35' title='bbox 859 512 951 564; x_wconf 90' lang='grc' dir='ltr'><strong><em>διά</em></strong></span> <span class='ocrx_word' id='word_1_36' title='bbox 996 530 1054 563; x_wconf 91' lang='grc' dir='ltr'><strong><em>τε</em></strong></span> <span class='ocrx_word' id='word_1_37' title='bbox 1094 512 1189 573; x_wconf 78' lang='grc' dir='ltr'><strong><em>τὰς</em></strong></span> <span class='ocrx_word' id='word_1_38' title='bbox 1229 509 1454 573; x_wconf 80' lang='grc' dir='ltr'><strong><em>ἐλπίδας</em></strong></span> <span class='ocrx_word' id='word_1_39' title='bbox 1499 513 1689 576; x_wconf 89' lang='grc' dir='ltr'><strong><em>τίμιος.</em></strong></span> <span class='ocrx_word' id='word_1_40' title='bbox 1768 508 1835 563; x_wconf 91' lang='grc' dir='ltr'><strong><em>ὃν</em></strong></span> 
     </span>
     <span class='ocr_line' id='line_1_6' title="bbox 135 597 1900 671; baseline -0.001 -17"><span class='ocrx_word' id='word_1_41' title='bbox 135 600 306 671; x_wconf 78' lang='grc' dir='ltr'><strong><em>ἐχρῆν</em></strong></span> <span class='ocrx_word' id='word_1_42' title='bbox 338 601 507 654; x_wconf 78' lang='grc' dir='ltr'><strong><em>ἅπασι</em></strong></span> <span class='ocrx_word' id='word_1_43' title='bbox 539 601 790 670; x_wconf 80' lang='grc' dir='ltr'><strong><em>φορτίοις</em></strong></span> <span class='ocrx_word' id='word_1_44' title='bbox 819 599 1101 664; x_wconf 78' lang='grc' dir='ltr'><strong><em>πιέζεσθαι</em></strong></span> <span class='ocrx_word' id='word_1_45' title='bbox 1134 599 1225 653; x_wconf 85' lang='grc' dir='ltr'><strong><em>καὶ</em></strong></span> <span class='ocrx_word' id='word_1_46' title='bbox 1263 597 1386 668; x_wconf 88' lang='grc' dir='ltr'><strong><em>μηδ’</em></strong></span> <span class='ocrx_word' id='word_1_47' title='bbox 1421 599 1688 651; x_wconf 82' lang='grc' dir='ltr'><strong><em>ἀναπνεῖν</em></strong></span> <span class='ocrx_word' id='word_1_48' title='bbox 1719 597 1834 651; x_wconf 79' lang='grc' dir='ltr'><strong><em>ἑπι-</em></strong></span> <span class='ocrx_word' id='word_1_49' title='bbox 1881 620 1900 652; x_wconf 83' lang='lat'>5</span> 
     </span>
     <span class='ocr_line' id='line_1_7' title="bbox 134 687 1836 761; baseline -0.002 -18"><span class='ocrx_word' id='word_1_50' title='bbox 134 689 359 761; x_wconf 83' lang='grc' dir='ltr'><strong><em>τρέπειν</em></strong></span> <span class='ocrx_word' id='word_1_51' title='bbox 398 690 544 761; x_wconf 78' lang='grc' dir='ltr'><strong><em>αὐτῷ</em></strong></span> <span class='ocrx_word' id='word_1_52' title='bbox 577 698 690 743; x_wconf 86' lang='grc' dir='ltr'><strong><em>τῶν</em></strong></span> <span class='ocrx_word' id='word_1_53' title='bbox 726 688 1074 758; x_wconf 80' lang='grc' dir='ltr'><strong><em>ἠδικημένων</em></strong></span> <span class='ocrx_word' id='word_1_54' title='bbox 1113 687 1322 757; x_wconf 84' lang='grc' dir='ltr'><strong><em>μηδένα</em></strong></span> <span class='ocrx_word' id='word_1_55' title='bbox 1362 689 1517 756; x_wconf 85' lang='grc' dir='ltr'><strong><em>δίκης</em></strong></span> <span class='ocrx_word' id='word_1_56' title='bbox 1554 706 1612 740; x_wconf 92' lang='grc' dir='ltr'><strong><em>τε</em></strong></span> <span class='ocrx_word' id='word_1_57' title='bbox 1652 688 1836 740; x_wconf 82' lang='grc' dir='ltr'><strong><em>εἵνεκα</em></strong></span> 
     </span>
     <span class='ocr_line' id='line_1_8' title="bbox 135 775 1835 847; baseline -0.002 -15"><span class='ocrx_word' id='word_1_58' title='bbox 135 777 229 832; x_wconf 85' lang='grc' dir='ltr'><strong><em>καὶ</em></strong></span> <span class='ocrx_word' id='word_1_59' title='bbox 292 779 438 841; x_wconf 85' lang='grc' dir='ltr'><strong><em>ὅπως</em></strong></span> <span class='ocrx_word' id='word_1_60' title='bbox 500 783 583 846; x_wconf 76' lang='grc' dir='ltr'><strong><em>εἴη</em></strong></span> <span class='ocrx_word' id='word_1_61' title='bbox 645 786 761 840; x_wconf 86' lang='grc' dir='ltr'><strong><em>τοῖς</em></strong></span> <span class='ocrx_word' id='word_1_62' title='bbox 823 779 977 831; x_wconf 80' lang='grc' dir='ltr'><strong><em>οὔπω</em></strong></span> <span class='ocrx_word' id='word_1_63' title='bbox 1040 785 1104 847; x_wconf 76' lang='grc' dir='ltr'><strong><em>τῇ</em></strong></span> <span class='ocrx_word' id='word_1_64' title='bbox 1167 779 1344 847; x_wconf 78' lang='grc' dir='ltr'><strong><em>βουλῇ</em></strong></span> <span class='ocrx_word' id='word_1_65' title='bbox 1409 775 1835 845; x_wconf 86' lang='grc' dir='ltr'><strong><em>λυμαινομένοις</em></strong></span> 
     </span>
     <span class='ocr_line' id='line_1_9' title="bbox 134 868 497 936; baseline 0 -16"><span class='ocrx_word' id='word_1_66' title='bbox 134 868 497 936; x_wconf 87' lang='grc' dir='ltr'><strong><em>παράδειγμα.</em></strong></span> 
     </span>
    </p>

    <p class='ocr_par' dir='ltr' id='par_1_3' title="bbox 134 953 1926 2269">
     <span class='ocr_line' id='line_1_10' title="bbox 251 953 1836 1025; baseline -0.002 -16"><span class='ocrx_word' id='word_1_67' title='bbox 251 957 336 1009; x_wconf 84' lang='grc'><strong><em>31.</em></strong></span> <span class='ocrx_word' id='word_1_68' title='bbox 377 954 524 1025; x_wconf 72' lang='grc' dir='ltr'><strong><em>’Ήδη</em></strong></span> <span class='ocrx_word' id='word_1_69' title='bbox 576 959 773 1009; x_wconf 85' lang='grc' dir='ltr'><strong><em>τοίνυν</em></strong></span> <span class='ocrx_word' id='word_1_70' title='bbox 818 975 899 1018; x_wconf 89' lang='grc' dir='ltr'><strong><em>τις</em></strong></span> <span class='ocrx_word' id='word_1_71' title='bbox 946 955 1103 1024; x_wconf 88' lang='grc' dir='ltr'><strong><em>ὑμῶν</em></strong></span> <span class='ocrx_word' id='word_1_72' title='bbox 1149 953 1240 1007; x_wconf 84' lang='grc' dir='ltr'><strong><em>καὶ</em></strong></span> <span class='ocrx_word' id='word_1_73' title='bbox 1291 956 1551 1008; x_wconf 89' lang='grc' dir='ltr'><strong><em>τοιοῦτόν</em></strong></span> <span class='ocrx_word' id='word_1_74' title='bbox 1595 974 1649 1007; x_wconf 94' lang='grc' dir='ltr'><strong><em>τι</em></strong></span> <span class='ocrx_word' id='word_1_75' title='bbox 1698 955 1836 1023; x_wconf 86' lang='grc' dir='ltr'><strong><em>πρὸς</em></strong></span> 
     </span>
     <span class='ocr_line' id='line_1_11' title="bbox 134 1041 1902 1113; baseline -0.002 -14"><span class='ocrx_word' id='word_1_76' title='bbox 134 1053 310 1099; x_wconf 89' lang='grc' dir='ltr'><strong><em>ταῦτα</em></strong></span> <span class='ocrx_word' id='word_1_77' title='bbox 341 1041 512 1112; x_wconf 85' lang='grc' dir='ltr'><strong><em>εἶπεν,</em></strong></span> <span class='ocrx_word' id='word_1_78' title='bbox 544 1045 617 1107; x_wconf 81' lang='grc' dir='ltr'><strong><em>ὡς</em></strong></span> <span class='ocrx_word' id='word_1_79' title='bbox 644 1044 1050 1113; x_wconf 81' lang='grc' dir='ltr'><strong><em>ἀνεπίφθονον,</em></strong></span> <span class='ocrx_word' id='word_1_80' title='bbox 1083 1045 1134 1097; x_wconf 82' lang='grc' dir='ltr'><strong><em>εἴ</em></strong></span> <span class='ocrx_word' id='word_1_81' title='bbox 1161 1064 1242 1107; x_wconf 91' lang='grc' dir='ltr'><strong><em>τις</em></strong></span> <span class='ocrx_word' id='word_1_82' title='bbox 1268 1043 1517 1113; x_wconf 76' lang='grc' dir='ltr'><strong><em>ὀρέγοιτο</em></strong></span> <span class='ocrx_word' id='word_1_83' title='bbox 1550 1046 1835 1112; x_wconf 88' lang='grc' dir='ltr'><strong><em>βελτίονος</em></strong></span> <span class='ocrx_word' id='word_1_84' title='bbox 1860 1064 1902 1097; x_wconf 89' lang='lat'><strong><em>10</em></strong></span> 
     </span>
     <span class='ocr_line' id='line_1_12' title="bbox 139 1131 1836 1204; baseline -0.002 -17"><span class='ocrx_word' id='word_1_85' title='bbox 139 1135 425 1204; x_wconf 90' lang='grc' dir='ltr'><strong><em>σχήματος.</em></strong></span> <span class='ocrx_word' id='word_1_86' title='bbox 493 1133 658 1187; x_wconf 89' lang='grc' dir='ltr'><strong><em>τοῦτο</em></strong></span> <span class='ocrx_word' id='word_1_87' title='bbox 692 1133 757 1186; x_wconf 87' lang='grc' dir='ltr'><strong><em>δέ</em></strong></span> <span class='ocrx_word' id='word_1_88' title='bbox 785 1132 901 1187; x_wconf 81' lang='grc' dir='ltr'><strong><em>ἐστι</em></strong></span> <span class='ocrx_word' id='word_1_89' title='bbox 941 1134 1043 1202; x_wconf 88' lang='grc' dir='ltr'><strong><em>τὴν</em></strong></span> <span class='ocrx_word' id='word_1_90' title='bbox 1073 1134 1356 1186; x_wconf 80' lang='grc' dir='ltr'><strong><em>πολιτείαν</em></strong></span> <span class='ocrx_word' id='word_1_91' title='bbox 1394 1131 1523 1185; x_wconf 82' lang='grc' dir='ltr'><strong><em>καθ’</em></strong></span> <span class='ocrx_word' id='word_1_92' title='bbox 1560 1132 1632 1200; x_wconf 81' lang='grc' dir='ltr'><strong><em>ἣν</em></strong></span> <span class='ocrx_word' id='word_1_93' title='bbox 1663 1135 1836 1198; x_wconf 82' lang='grc' dir='ltr'><strong><em>ζῶμεν</em></strong></span> 
     </span>
     <span class='ocr_line' id='line_1_13' title="bbox 135 1215 1835 1294; baseline -0.002 -18"><span class='ocrx_word' id='word_1_94' title='bbox 135 1223 463 1276; x_wconf 82' lang='grc' dir='ltr'><strong><em>κινούντων.</em></strong></span> <span class='ocrx_word' id='word_1_95' title='bbox 565 1224 612 1276; x_wconf 87' lang='grc' dir='ltr'><strong><em>εἰ</em></strong></span> <span class='ocrx_word' id='word_1_96' title='bbox 671 1224 775 1292; x_wconf 81' lang='grc' dir='ltr'><strong><em>γὰρ</em></strong></span> <span class='ocrx_word' id='word_1_97' title='bbox 830 1221 892 1275; x_wconf 83' lang='grc' dir='ltr'><strong><em>ἐν</em></strong></span> <span class='ocrx_word' id='word_1_98' title='bbox 946 1215 989 1294; x_wconf 73' lang='grc' dir='ltr'><em>ᾧ</em></span> <span class='ocrx_word' id='word_1_99' title='bbox 1036 1221 1138 1290; x_wconf 89' lang='grc' dir='ltr'><strong><em>μέν</em></strong></span> <span class='ocrx_word' id='word_1_100' title='bbox 1190 1241 1274 1284; x_wconf 90' lang='grc' dir='ltr'><strong><em>τις</em></strong></span> <span class='ocrx_word' id='word_1_101' title='bbox 1327 1221 1435 1274; x_wconf 85' lang='grc' dir='ltr'><strong><em>ὑπὸ</em></strong></span> <span class='ocrx_word' id='word_1_102' title='bbox 1496 1229 1596 1274; x_wconf 89' lang='grc' dir='ltr'><strong><em>τοῦ</em></strong></span> <span class='ocrx_word' id='word_1_103' title='bbox 1658 1224 1835 1290; x_wconf 90' lang='grc' dir='ltr'><strong><em>νόμου</em></strong></span> 
     </span>
     <span class='ocr_line' id='line_1_14' title="bbox 136 1309 1836 1379; baseline -0.002 -14"><span class='ocrx_word' id='word_1_104' title='bbox 136 1311 405 1378; x_wconf 85' lang='grc' dir='ltr'><strong><em>τέτακται,</em></strong></span> <span class='ocrx_word' id='word_1_105' title='bbox 443 1319 609 1365; x_wconf 92' lang='grc' dir='ltr'><strong><em>τοῦτο</em></strong></span> <span class='ocrx_word' id='word_1_106' title='bbox 641 1313 973 1379; x_wconf 73' lang='grc' dir='ltr'><strong><em>καταλείψει,</em></strong></span> <span class='ocrx_word' id='word_1_107' title='bbox 1008 1313 1220 1379; x_wconf 79' lang='grc' dir='ltr'><strong><em>ζητήσει</em></strong></span> <span class='ocrx_word' id='word_1_108' title='bbox 1252 1309 1317 1363; x_wconf 88' lang='grc' dir='ltr'><strong><em>δέ</em></strong></span> <span class='ocrx_word' id='word_1_109' title='bbox 1344 1330 1397 1363; x_wconf 90' lang='grc' dir='ltr'><strong><em>τι</em></strong></span> <span class='ocrx_word' id='word_1_110' title='bbox 1429 1313 1631 1379; x_wconf 80' lang='grc' dir='ltr'><strong><em>μεῖζον,</em></strong></span> <span class='ocrx_word' id='word_1_111' title='bbox 1665 1313 1836 1378; x_wconf 80' lang='grc' dir='ltr'><strong><em>ζητῶν</em></strong></span> 
     </span>
     <span class='ocr_line' id='line_1_15' title="bbox 135 1397 1926 1470; baseline 0 -16"><span class='ocrx_word' id='word_1_112' title='bbox 135 1398 201 1454; x_wconf 78' lang='grc' dir='ltr'><strong><em>δὲ</em></strong></span> <span class='ocrx_word' id='word_1_113' title='bbox 241 1401 343 1454; x_wconf 85' lang='grc' dir='ltr'><strong><em>οὐκ</em></strong></span> <span class='ocrx_word' id='word_1_114' title='bbox 383 1401 649 1469; x_wconf 78' lang='grc' dir='ltr'><strong><em>ἀδικήσει,</em></strong></span> <span class='ocrx_word' id='word_1_115' title='bbox 690 1400 718 1453; x_wconf 91' lang='grc' dir='ltr'>ὁ</span> <span class='ocrx_word' id='word_1_116' title='bbox 761 1397 863 1467; x_wconf 75' lang='grc' dir='ltr'><strong><em>μὲν</em></strong></span> <span class='ocrx_word' id='word_1_117' title='bbox 902 1400 1234 1470; x_wconf 80' lang='grc' dir='ltr'><strong><em>στρατιώτης</em></strong></span> <span class='ocrx_word' id='word_1_118' title='bbox 1268 1398 1274 1470; x_wconf 86' lang='grc' dir='ltr'>Ι</span> <span class='ocrx_word' id='word_1_119' title='bbox 1310 1398 1416 1462; x_wconf 83' lang='grc' dir='ltr'><strong><em>ἕξει</em></strong></span> <span class='ocrx_word' id='word_1_120' title='bbox 1455 1407 1556 1452; x_wconf 92' lang='grc' dir='ltr'><strong><em>τοῦ</em></strong></span> <span class='ocrx_word' id='word_1_121' title='bbox 1595 1419 1686 1452; x_wconf 90' lang='grc' dir='ltr'><strong><em>τα-</em></strong></span> <span class='ocrx_word' id='word_1_122' title='bbox 1718 1410 1926 1455; x_wconf 84' lang='lat' dir='ltr'>RII544</span> 
     </span>
     <span class='ocr_line' id='line_1_16' title="bbox 135 1486 1903 1559; baseline -0.002 -16"><span class='ocrx_word' id='word_1_123' title='bbox 135 1490 366 1559; x_wconf 82' lang='grc' dir='ltr'><strong><em>ξιάρχου</em></strong></span> <span class='ocrx_word' id='word_1_124' title='bbox 405 1491 507 1558; x_wconf 86' lang='grc' dir='ltr'><strong><em>τὴν</em></strong></span> <span class='ocrx_word' id='word_1_125' title='bbox 543 1489 715 1557; x_wconf 80' lang='grc' dir='ltr'><strong><em>τάξιν,</em></strong></span> <span class='ocrx_word' id='word_1_126' title='bbox 754 1490 857 1558; x_wconf 87' lang='grc' dir='ltr'><strong><em>τὴν</em></strong></span> <span class='ocrx_word' id='word_1_127' title='bbox 893 1497 992 1542; x_wconf 89' lang='grc' dir='ltr'><strong><em>τοῦ</em></strong></span> <span class='ocrx_word' id='word_1_128' title='bbox 1035 1495 1344 1557; x_wconf 79' lang='grc' dir='ltr'><strong><em>στρατηγοῦ</em></strong></span> <span class='ocrx_word' id='word_1_129' title='bbox 1378 1488 1440 1541; x_wconf 85' lang='grc' dir='ltr'><strong><em>δὲ</em></strong></span> <span class='ocrx_word' id='word_1_130' title='bbox 1472 1488 1502 1542; x_wconf 86' lang='grc' dir='ltr'>ὁ</span> <span class='ocrx_word' id='word_1_131' title='bbox 1534 1486 1834 1557; x_wconf 81' lang='grc' dir='ltr'><strong><em>ταξίαρχος.</em></strong></span> <span class='ocrx_word' id='word_1_132' title='bbox 1860 1508 1903 1540; x_wconf 83' lang='lat'><strong><em>15</em></strong></span> 
     </span>
     <span class='ocr_line' id='line_1_17' title="bbox 135 1573 1837 1648; baseline -0.002 -16"><span class='ocrx_word' id='word_1_133' title='bbox 135 1581 291 1632; x_wconf 70' lang='grc' dir='ltr'><strong><em>«ἔσται</em></strong></span> <span class='ocrx_word' id='word_1_134' title='bbox 341 1579 402 1632; x_wconf 78' lang='grc' dir='ltr'><strong><em>δὲ</em></strong></span> <span class='ocrx_word' id='word_1_135' title='bbox 449 1579 478 1632; x_wconf 88' lang='grc' dir='ltr'>ὁ</span> <span class='ocrx_word' id='word_1_136' title='bbox 533 1578 636 1648; x_wconf 80' lang='grc' dir='ltr'><strong><em>μὲν</em></strong></span> <span class='ocrx_word' id='word_1_137' title='bbox 681 1579 887 1646; x_wconf 88' lang='grc' dir='ltr'><strong><em>ναύτης</em></strong></span> <span class='ocrx_word' id='word_1_138' title='bbox 940 1576 1064 1630; x_wconf 81' lang='grc' dir='ltr'><strong><em>ἀντὶ</em></strong></span> <span class='ocrx_word' id='word_1_139' title='bbox 1118 1585 1218 1630; x_wconf 92' lang='grc' dir='ltr'><strong><em>τοῦ</em></strong></span> <span class='ocrx_word' id='word_1_140' title='bbox 1265 1579 1634 1646; x_wconf 87' lang='grc' dir='ltr'><strong><em>κυβερνήτου,</em></strong></span> <span class='ocrx_word' id='word_1_141' title='bbox 1690 1576 1718 1630; x_wconf 92' lang='grc' dir='ltr'>ὁ</span> <span class='ocrx_word' id='word_1_142' title='bbox 1775 1573 1837 1629; x_wconf 78' lang='grc' dir='ltr'><strong><em>δὲ</em></strong></span> 
     </span>
     <span class='ocr_line' id='line_1_18' title="bbox 136 1663 1838 1738; baseline -0.002 -17"><span class='ocrx_word' id='word_1_143' title='bbox 136 1669 403 1738; x_wconf 83' lang='grc' dir='ltr'><strong><em>χορευτὴς</em></strong></span> <span class='ocrx_word' id='word_1_144' title='bbox 465 1668 586 1721; x_wconf 84' lang='grc' dir='ltr'><strong><em>ἀντὶ</em></strong></span> <span class='ocrx_word' id='word_1_145' title='bbox 648 1675 748 1720; x_wconf 90' lang='grc' dir='ltr'><strong><em>τοῦ</em></strong></span> <span class='ocrx_word' id='word_1_146' title='bbox 811 1667 1177 1734; x_wconf 78' lang='grc' dir='ltr'><strong><em>διδασκάλου,</em></strong></span> <span class='ocrx_word' id='word_1_147' title='bbox 1240 1665 1269 1719; x_wconf 91' lang='grc' dir='ltr'>ὁ</span> <span class='ocrx_word' id='word_1_148' title='bbox 1326 1663 1373 1718; x_wconf 85' lang='grc' dir='ltr'><strong><em>δ’</em></strong></span> <span class='ocrx_word' id='word_1_149' title='bbox 1430 1666 1683 1735; x_wconf 87' lang='grc' dir='ltr'><strong><em>οἰνοχόος</em></strong></span> <span class='ocrx_word' id='word_1_150' title='bbox 1736 1666 1838 1734; x_wconf 88' lang='grc' dir='ltr'><strong><em>τὴν</em></strong></span> 
     </span>
     <span class='ocr_line' id='line_1_19' title="bbox 135 1754 1836 1826; baseline -0.002 -16"><span class='ocrx_word' id='word_1_151' title='bbox 135 1757 336 1810; x_wconf 86' lang='grc' dir='ltr'><strong><em>κύλικα</em></strong></span> <span class='ocrx_word' id='word_1_152' title='bbox 383 1757 547 1826; x_wconf 77' lang='grc' dir='ltr'><strong><em>ῥίψας</em></strong></span> <span class='ocrx_word' id='word_1_153' title='bbox 593 1754 938 1817; x_wconf 84' lang='grc' dir='ltr'><strong><em>κατακλινεὶς</em></strong></span> <span class='ocrx_word' id='word_1_154' title='bbox 983 1757 1163 1808; x_wconf 88' lang='grc' dir='ltr'><strong><em>πίεται</em></strong></span> <span class='ocrx_word' id='word_1_155' title='bbox 1217 1756 1351 1821; x_wconf 80' lang='grc' dir='ltr'><strong><em>μετὰ</em></strong></span> <span class='ocrx_word' id='word_1_156' title='bbox 1402 1761 1502 1807; x_wconf 88' lang='grc' dir='ltr'><strong><em>τοῦ</em></strong></span> <span class='ocrx_word' id='word_1_157' title='bbox 1550 1755 1836 1808; x_wconf 90' lang='grc' dir='ltr'><strong><em>δεσπότου.</em></strong></span> 
     </span>
     <span class='ocr_line' id='line_1_20' title="bbox 136 1842 1837 1912; baseline -0.002 -14"><span class='ocrx_word' id='word_1_158' title='bbox 136 1846 225 1898; x_wconf 81' lang='grc'><strong><em>32.</em></strong></span> <span class='ocrx_word' id='word_1_159' title='bbox 290 1846 382 1899; x_wconf 83' lang='grc' dir='ltr'><strong><em>διὰ</em></strong></span> <span class='ocrx_word' id='word_1_160' title='bbox 431 1847 487 1898; x_wconf 91' lang='grc' dir='ltr'><strong><em>τί</em></strong></span> <span class='ocrx_word' id='word_1_161' title='bbox 535 1842 596 1898; x_wconf 78' lang='grc' dir='ltr'><strong><em>δὲ</em></strong></span> <span class='ocrx_word' id='word_1_162' title='bbox 652 1843 742 1897; x_wconf 87' lang='grc' dir='ltr'><strong><em>καὶ</em></strong></span> <span class='ocrx_word' id='word_1_163' title='bbox 793 1847 924 1906; x_wconf 85' lang='grc' dir='ltr'><strong><em>τοὺς</em></strong></span> <span class='ocrx_word' id='word_1_164' title='bbox 974 1845 1076 1912; x_wconf 82' lang='grc' dir='ltr'><strong><em>τὴν</em></strong></span> <span class='ocrx_word' id='word_1_165' title='bbox 1125 1842 1281 1906; x_wconf 83' lang='grc' dir='ltr'><strong><em>τάξιν</em></strong></span> <span class='ocrx_word' id='word_1_166' title='bbox 1331 1845 1651 1906; x_wconf 86' lang='grc' dir='ltr'><strong><em>λελοιπότας</em></strong></span> <span class='ocrx_word' id='word_1_167' title='bbox 1703 1843 1837 1896; x_wconf 79' lang='grc' dir='ltr'><strong><em>ἀπο-</em></strong></span> 
     </span>
     <span class='ocr_line' id='line_1_21' title="bbox 138 1930 1904 2003; baseline -0.001 -15"><span class='ocrx_word' id='word_1_168' title='bbox 138 1936 576 2001; x_wconf 78' lang='grc' dir='ltr'><strong><em>τυμπανίζουσιν</em></strong></span> <span class='ocrx_word' id='word_1_169' title='bbox 637 1935 690 1987; x_wconf 84' lang='grc' dir='ltr'><strong><em>οἱ</em></strong></span> <span class='ocrx_word' id='word_1_170' title='bbox 752 1934 1070 2001; x_wconf 85' lang='grc' dir='ltr'><strong><em>στρατηγοί;</em></strong></span> <span class='ocrx_word' id='word_1_171' title='bbox 1134 1930 1333 2003; x_wconf 79' lang='grc' dir='ltr'><strong><em>ῥᾴδιον</em></strong></span> <span class='ocrx_word' id='word_1_172' title='bbox 1393 1933 1498 2001; x_wconf 86' lang='grc' dir='ltr'><strong><em>γὰρ</em></strong></span> <span class='ocrx_word' id='word_1_173' title='bbox 1560 1931 1836 1995; x_wconf 79' lang='grc' dir='ltr'><strong><em>κάκείνοις</em></strong></span> <span class='ocrx_word' id='word_1_174' title='bbox 1861 1954 1904 1986; x_wconf 77' lang='lat'><strong><em>20</em></strong></span> 
     </span>
     <span class='ocr_line' id='line_1_22' title="bbox 136 2021 1835 2092; baseline -0.001 -16"><span class='ocrx_word' id='word_1_175' title='bbox 136 2025 340 2092; x_wconf 83' lang='grc' dir='ltr'><strong><em>εἰπεῖν,</em></strong></span> <span class='ocrx_word' id='word_1_176' title='bbox 388 2023 461 2086; x_wconf 82' lang='grc' dir='ltr'><strong><em>ὡς</em></strong></span> <span class='ocrx_word' id='word_1_177' title='bbox 507 2022 568 2076; x_wconf 86' lang='grc' dir='ltr'><strong><em>τὸ</em></strong></span> <span class='ocrx_word' id='word_1_178' title='bbox 614 2024 686 2091; x_wconf 89' lang='grc' dir='ltr'><strong><em>μὴ</em></strong></span> <span class='ocrx_word' id='word_1_179' title='bbox 734 2022 1007 2091; x_wconf 81' lang='grc' dir='ltr'><strong><em>μάχεσθαι</em></strong></span> <span class='ocrx_word' id='word_1_180' title='bbox 1055 2029 1155 2074; x_wconf 92' lang='grc' dir='ltr'><strong><em>τοῦ</em></strong></span> <span class='ocrx_word' id='word_1_181' title='bbox 1202 2021 1555 2074; x_wconf 88' lang='grc' dir='ltr'><strong><em>κινδυνεύειν</em></strong></span> <span class='ocrx_word' id='word_1_182' title='bbox 1593 2021 1835 2089; x_wconf 78' lang='grc' dir='ltr'><strong><em>ἄμεινον.</em></strong></span> 
     </span>
     <span class='ocr_line' id='line_1_23' title="bbox 138 2109 1838 2181; baseline -0.002 -16"><span class='ocrx_word' id='word_1_183' title='bbox 138 2117 300 2181; x_wconf 72' lang='grc' dir='ltr'><strong><em>ἴσμεν</em></strong></span> <span class='ocrx_word' id='word_1_184' title='bbox 352 2115 483 2175; x_wconf 89' lang='grc' dir='ltr'><strong><em>τοὺς</em></strong></span> <span class='ocrx_word' id='word_1_185' title='bbox 537 2109 1007 2179; x_wconf 82' lang='grc' dir='ltr'><strong><em>ἐπανισταμένους</em></strong></span> <span class='ocrx_word' id='word_1_186' title='bbox 1059 2119 1175 2172; x_wconf 86' lang='grc' dir='ltr'><strong><em>τοῖς</em></strong></span> <span class='ocrx_word' id='word_1_187' title='bbox 1225 2112 1514 2176; x_wconf 90' lang='grc' dir='ltr'><strong><em>βασιλεῦσι</em></strong></span> <span class='ocrx_word' id='word_1_188' title='bbox 1568 2114 1838 2176; x_wconf 89' lang='grc' dir='ltr'><strong><em>πολεμου-</em></strong></span> 
     </span>
     <span class='ocr_line' id='line_1_24' title="bbox 136 2198 1835 2269; baseline -0.001 -15"><span class='ocrx_word' id='word_1_189' title='bbox 136 2200 342 2269; x_wconf 84' lang='grc' dir='ltr'><strong><em>μένους</em></strong></span> <span class='ocrx_word' id='word_1_190' title='bbox 395 2201 486 2254; x_wconf 83' lang='grc' dir='ltr'><strong><em>καὶ</em></strong></span> <span class='ocrx_word' id='word_1_191' title='bbox 542 2201 845 2262; x_wconf 88' lang='grc' dir='ltr'><strong><em>δοκοῦντας</em></strong></span> <span class='ocrx_word' id='word_1_192' title='bbox 898 2200 1150 2252; x_wconf 84' lang='grc' dir='ltr'><strong><em>θάνατον</em></strong></span> <span class='ocrx_word' id='word_1_193' title='bbox 1202 2198 1452 2267; x_wconf 83' lang='grc' dir='ltr'><strong><em>ὀφείλειν</em></strong></span> <span class='ocrx_word' id='word_1_194' title='bbox 1504 2199 1606 2266; x_wconf 89' lang='grc' dir='ltr'><strong><em>τὴν</em></strong></span> <span class='ocrx_word' id='word_1_195' title='bbox 1660 2199 1835 2266; x_wconf 90' lang='grc' dir='ltr'><strong><em>δίκην.</em></strong></span> 
     </span>
    </p>
   </div>
   <div class='ocr_carea' id='block_1_3' title="bbox 142 2307 498 2312">
    <p class='ocr_par' dir='ltr' id='par_1_4' title="bbox 142 2307 498 2312">
     <span class='ocr_line' id='line_1_25' title="bbox 142 2307 498 2312; baseline 0 0"><span class='ocrx_word' id='word_1_196' title='bbox 142 2307 498 2312; x_wconf 95' lang='lat' dir='ltr'><strong><em> </em></strong></span> 
     </span>
    </p>
   </div>
   <div class='ocr_carea' id='block_1_4' title="bbox 263 2359 1655 2416">
    <p class='ocr_par' dir='ltr' id='par_1_5' title="bbox 263 2359 1655 2416">
     <span class='ocr_line' id='line_1_26' title="bbox 263 2359 1655 2416; baseline -0.002 -12"><span class='ocrx_word' id='word_1_197' title='bbox 263 2366 317 2405; x_wconf 92' lang='grc'><strong><em>10</em></strong></span> <span class='ocrx_word' id='word_1_198' title='bbox 350 2361 408 2405; x_wconf 86' lang='lat' dir='ltr'><strong><em>cf.</em></strong></span> <span class='ocrx_word' id='word_1_199' title='bbox 434 2361 453 2404; x_wconf 95' lang='lat' dir='ltr'>I</span> <span class='ocrx_word' id='word_1_200' title='bbox 478 2365 646 2416; x_wconf 80' lang='lat'>482,16</span> <span class='ocrx_word' id='word_1_201' title='bbox 770 2364 822 2402; x_wconf 82' lang='lat'><strong><em>17</em></strong></span> <span class='ocrx_word' id='word_1_202' title='bbox 857 2360 933 2402; x_wconf 70' lang='lat' dir='ltr'><strong><em>Ax.</em></strong></span> <span class='ocrx_word' id='word_1_203' title='bbox 960 2359 1042 2402; x_wconf 87' lang='lat' dir='ltr'><strong><em>Av.</em></strong></span> <span class='ocrx_word' id='word_1_204' title='bbox 1070 2363 1153 2402; x_wconf 82' lang='lat'><strong><em>912</em></strong></span> <span class='ocrx_word' id='word_1_205' title='bbox 1279 2362 1333 2402; x_wconf 87' lang='grc'><strong><em>19</em></strong></span> <span class='ocrx_word' id='word_1_206' title='bbox 1367 2359 1423 2402; x_wconf 85' lang='lat' dir='ltr'><strong><em>cf.</em></strong></span> <span class='ocrx_word' id='word_1_207' title='bbox 1451 2374 1494 2415; x_wconf 90' lang='lat' dir='ltr'><strong><em>p.</em></strong></span> <span class='ocrx_word' id='word_1_208' title='bbox 1516 2363 1655 2413; x_wconf 81' lang='lat'>75,19</span> 
     </span>
    </p>
   </div>
   <div class='ocr_carea' id='block_1_5' title="bbox 143 2455 497 2460">
    <p class='ocr_par' dir='ltr' id='par_1_6' title="bbox 143 2455 497 2460">
     <span class='ocr_line' id='line_1_27' title="bbox 143 2455 497 2460; baseline 0 0"><span class='ocrx_word' id='word_1_209' title='bbox 143 2455 497 2460; x_wconf 95' lang='lat' dir='ltr'><strong><em> </em></strong></span> 
     </span>
    </p>
   </div>
   <div class='ocr_carea' id='block_1_6' title="bbox 138 2503 1837 2978">
    <p class='ocr_par' dir='ltr' id='par_1_7' title="bbox 138 2503 1837 2978">
     <span class='ocr_line' id='line_1_28' title="bbox 262 2503 1832 2564; baseline -0.001 -13"><span class='ocrx_word' id='word_1_210' title='bbox 262 2513 287 2551; x_wconf 88' lang='lat'><strong>3</strong></span> <span class='ocrx_word' id='word_1_211' title='bbox 318 2515 466 2552; x_wconf 86' lang='grc' dir='ltr'><strong><em>ταῦτα</em></strong></span> <span class='ocrx_word' id='word_1_212' title='bbox 498 2509 584 2553; x_wconf 89' lang='lat' dir='ltr'><strong><em>Mo</em></strong></span> <span class='ocrx_word' id='word_1_213' title='bbox 746 2511 771 2550; x_wconf 82' lang='lat'><strong>5</strong></span> <span class='ocrx_word' id='word_1_214' title='bbox 806 2507 945 2564; x_wconf 79' lang='grc' dir='ltr'><strong><em>ἐχρῆν</em></strong></span> <span class='ocrx_word' id='word_1_215' title='bbox 978 2505 1143 2562; x_wconf 79' lang='lat' dir='ltr'><strong>scripsi</strong></span> <span class='ocrx_word' id='word_1_216' title='bbox 1204 2512 1320 2564; x_wconf 84' lang='grc' dir='ltr'><strong><em>χρῆν</em></strong></span> <span class='ocrx_word' id='word_1_217' title='bbox 1351 2505 1462 2550; x_wconf 81' lang='lat' dir='ltr'>libri</span> <span class='ocrx_word' id='word_1_218' title='bbox 1494 2506 1584 2549; x_wconf 86' lang='lat' dir='ltr'><strong><em>edd</em></strong></span> <span class='ocrx_word' id='word_1_219' title='bbox 1634 2507 1640 2562; x_wconf 90' lang='grc' dir='ltr'>Ι</span> <span class='ocrx_word' id='word_1_220' title='bbox 1690 2505 1750 2562; x_wconf 89' lang='grc' dir='ltr'><strong><em>μὴ</em></strong></span> <span class='ocrx_word' id='word_1_221' title='bbox 1785 2503 1832 2549; x_wconf 88' lang='grc' dir='ltr'><strong><em>δ’</em></strong></span> 
     </span>
     <span class='ocr_line' id='line_1_29' title="bbox 138 2563 1837 2623; baseline -0.002 -12"><span class='ocrx_word' id='word_1_222' title='bbox 138 2567 253 2611; x_wconf 88' lang='lat' dir='ltr'>libri</span> <span class='ocrx_word' id='word_1_223' title='bbox 373 2572 399 2610; x_wconf 88' lang='grc'><strong>6</strong></span> <span class='ocrx_word' id='word_1_224' title='bbox 433 2567 589 2612; x_wconf 75' lang='grc' dir='ltr'><strong><em>εἵνεκα</em></strong></span> <span class='ocrx_word' id='word_1_225' title='bbox 614 2566 780 2623; x_wconf 83' lang='lat' dir='ltr'>scripsi</span> <span class='ocrx_word' id='word_1_226' title='bbox 806 2567 995 2609; x_wconf 78' lang='lat' dir='ltr'>auctore</span> <span class='ocrx_word' id='word_1_227' title='bbox 1019 2565 1086 2609; x_wconf 85' lang='lat' dir='ltr'><strong><em>Re</em></strong></span> <span class='ocrx_word' id='word_1_228' title='bbox 1111 2566 1238 2622; x_wconf 77' lang='lat' dir='ltr'><strong><em>(‚,le9.</em></strong></span> <span class='ocrx_word' id='word_1_229' title='bbox 1265 2563 1429 2610; x_wconf 76' lang='grc' dir='ltr'><strong><em>ἕνεκα“</em></strong></span> <span class='ocrx_word' id='word_1_230' title='bbox 1455 2564 1618 2619; x_wconf 79' lang='lat' dir='ltr'>Anim3</span> <span class='ocrx_word' id='word_1_231' title='bbox 1651 2565 1837 2620; x_wconf 84' lang='lat' dir='ltr'><em>„malim</em></span> 
     </span>
     <span class='ocr_line' id='line_1_30' title="bbox 139 2622 1835 2684; baseline -0.002 -13"><span class='ocrx_word' id='word_1_232' title='bbox 139 2626 328 2672; x_wconf 78' lang='grc' dir='ltr'><strong><em>εἴνεκα“</em></strong></span> <span class='ocrx_word' id='word_1_233' title='bbox 361 2627 451 2684; x_wconf 79' lang='lat' dir='ltr'><strong>ed.)</strong></span> <span class='ocrx_word' id='word_1_234' title='bbox 521 2622 643 2670; x_wconf 85' lang='grc' dir='ltr'><strong><em>εἶναι</em></strong></span> <span class='ocrx_word' id='word_1_235' title='bbox 673 2625 783 2669; x_wconf 85' lang='lat' dir='ltr'>libri</span> <span class='ocrx_word' id='word_1_236' title='bbox 816 2624 908 2668; x_wconf 81' lang='lat' dir='ltr'><strong><em>edd</em></strong></span> <span class='ocrx_word' id='word_1_237' title='bbox 1061 2629 1084 2667; x_wconf 81' lang='lat'><strong>7</strong></span> <span class='ocrx_word' id='word_1_238' title='bbox 1118 2623 1489 2680; x_wconf 67' lang='grc' dir='ltr'><strong><em>λυμηναμένοιςῗ</em></strong></span> <span class='ocrx_word' id='word_1_239' title='bbox 1642 2629 1696 2667; x_wconf 94' lang='grc'><strong><em>10</em></strong></span> <span class='ocrx_word' id='word_1_240' title='bbox 1728 2624 1835 2668; x_wconf 81' lang='grc' dir='ltr'><strong><em>ἀνε-</em></strong></span> 
     </span>
     <span class='ocr_line' id='line_1_31' title="bbox 139 2682 1834 2742; baseline -0.002 -12"><span class='ocrx_word' id='word_1_241' title='bbox 139 2684 388 2742; x_wconf 79' lang='grc' dir='ltr'><strong><em>πίφθονον</em></strong></span> <span class='ocrx_word' id='word_1_242' title='bbox 414 2711 469 2718; x_wconf 86' lang='grc'>-</span> <span class='ocrx_word' id='word_1_243' title='bbox 497 2689 550 2728; x_wconf 93' lang='grc'><strong><em>11</em></strong></span> <span class='ocrx_word' id='word_1_244' title='bbox 585 2683 814 2741; x_wconf 85' lang='grc' dir='ltr'><strong><em>σχήματος</em></strong></span> <span class='ocrx_word' id='word_1_245' title='bbox 845 2683 962 2727; x_wconf 74' lang='lat' dir='ltr'>citat</span> <span class='ocrx_word' id='word_1_246' title='bbox 992 2683 1153 2727; x_wconf 77' lang='lat' dir='ltr'>Macar</span> <span class='ocrx_word' id='word_1_247' title='bbox 1182 2684 1213 2727; x_wconf 87' lang='lat' dir='ltr'><strong><em>f.</em></strong></span> <span class='ocrx_word' id='word_1_248' title='bbox 1241 2688 1294 2727; x_wconf 89' lang='grc'><strong><em>91</em></strong></span> <span class='ocrx_word' id='word_1_249' title='bbox 1476 2688 1531 2727; x_wconf 85' lang='grc'><strong><em>15</em></strong></span> <span class='ocrx_word' id='word_1_250' title='bbox 1563 2682 1834 2741; x_wconf 81' lang='grc' dir='ltr'><strong><em>ταξιάρχου]</em></strong></span> 
     </span>
     <span class='ocr_line' id='line_1_32' title="bbox 142 2741 1830 2801; baseline 0 -13"><span class='ocrx_word' id='word_1_251' title='bbox 142 2745 423 2800; x_wconf 82' lang='grc' dir='ltr'><strong><em>στρατιώτου</em></strong></span> <span class='ocrx_word' id='word_1_252' title='bbox 455 2745 501 2787; x_wconf 88' lang='grc' dir='ltr'>Β</span> <span class='ocrx_word' id='word_1_253' title='bbox 529 2746 535 2800; x_wconf 91' lang='grc' dir='ltr'>Ι</span> <span class='ocrx_word' id='word_1_254' title='bbox 562 2743 647 2800; x_wconf 87' lang='grc' dir='ltr'><strong><em>τὴν</em></strong></span> <span class='ocrx_word' id='word_1_255' title='bbox 679 2745 740 2798; x_wconf 82' lang='lat'><strong><em>(2)</em></strong></span> <span class='ocrx_word' id='word_1_256' title='bbox 773 2757 848 2787; x_wconf 90' lang='lat' dir='ltr'><strong><em>om</em></strong></span> <span class='ocrx_word' id='word_1_257' title='bbox 881 2743 992 2787; x_wconf 87' lang='lat' dir='ltr'><strong><em>BM</em></strong></span> <span class='ocrx_word' id='word_1_258' title='bbox 1019 2742 1153 2800; x_wconf 87' lang='lat' dir='ltr'>Bong</span> <span class='ocrx_word' id='word_1_259' title='bbox 1276 2747 1327 2785; x_wconf 79' lang='lat'><strong><em>17</em></strong></span> <span class='ocrx_word' id='word_1_260' title='bbox 1361 2741 1791 2801; x_wconf 73' lang='grc' dir='ltr'><strong><em>χοροδιδασκάλουὶ)</em></strong></span> <span class='ocrx_word' id='word_1_261' title='bbox 1827 2758 1830 2788; x_wconf 74' lang='lat' dir='ltr'>i</span> 
     </span>
     <span class='ocr_line' id='line_1_33' title="bbox 142 2800 1836 2858; baseline -0.003 -10"><span class='ocrx_word' id='word_1_262' title='bbox 142 2804 196 2848; x_wconf 80' lang='grc' dir='ltr'><strong><em>δὲ</em></strong></span> <span class='ocrx_word' id='word_1_263' title='bbox 229 2804 314 2849; x_wconf 88' lang='grc' dir='ltr'><strong><em>Μο</em></strong></span> <span class='ocrx_word' id='word_1_264' title='bbox 345 2804 414 2847; x_wconf 80' lang='lat' dir='ltr'><strong><em>Re</em></strong></span> <span class='ocrx_word' id='word_1_265' title='bbox 538 2807 592 2846; x_wconf 90' lang='lat'><strong><em>18</em></strong></span> <span class='ocrx_word' id='word_1_266' title='bbox 624 2802 803 2847; x_wconf 84' lang='grc' dir='ltr'><strong><em>κάλυκα</em></strong></span> <span class='ocrx_word' id='word_1_267' title='bbox 831 2802 869 2847; x_wconf 87' lang='lat' dir='ltr'><strong><em>C&#39;</em></strong></span> <span class='ocrx_word' id='word_1_268' title='bbox 891 2805 896 2858; x_wconf 87' lang='grc' dir='ltr'>Ι</span> <span class='ocrx_word' id='word_1_269' title='bbox 925 2801 1204 2857; x_wconf 81' lang='grc' dir='ltr'><strong><em>κατακλινὴς</em></strong></span> <span class='ocrx_word' id='word_1_270' title='bbox 1238 2802 1435 2847; x_wconf 84' lang='grc' dir='ltr'><strong><em>ΟΜοΡα</em></strong></span> <span class='ocrx_word' id='word_1_271' title='bbox 1466 2801 1548 2845; x_wconf 81' lang='lat' dir='ltr'><strong><em>sed</em></strong></span> <span class='ocrx_word' id='word_1_272' title='bbox 1579 2801 1628 2843; x_wconf 90' lang='lat' dir='ltr'><strong><em>in</em></strong></span> <span class='ocrx_word' id='word_1_273' title='bbox 1659 2800 1748 2844; x_wconf 88' lang='lat' dir='ltr'><strong><em>hoc</em></strong></span> <span class='ocrx_word' id='word_1_274' title='bbox 1781 2818 1836 2857; x_wconf 81' lang='grc' dir='ltr'><strong><em>γρ</em></strong></span> 
     </span>
     <span class='ocr_line' id='line_1_34' title="bbox 142 2859 1832 2919; baseline -0.002 -13"><span class='ocrx_word' id='word_1_275' title='bbox 142 2863 445 2912; x_wconf 79' lang='grc' dir='ltr'><strong><em>κατακλιθεὶς</em></strong></span> <span class='ocrx_word' id='word_1_276' title='bbox 474 2861 523 2905; x_wconf 91' lang='lat' dir='ltr'><strong><em>in</em></strong></span> <span class='ocrx_word' id='word_1_277' title='bbox 555 2875 690 2919; x_wconf 82' lang='lat' dir='ltr'>marg</span> <span class='ocrx_word' id='word_1_278' title='bbox 719 2861 803 2915; x_wconf 73' lang='grc' dir='ltr'><strong><em>ω’,</em></strong></span> <span class='ocrx_word' id='word_1_279' title='bbox 835 2862 967 2918; x_wconf 85' lang='lat' dir='ltr'>Bong</span> <span class='ocrx_word' id='word_1_280' title='bbox 1089 2865 1142 2903; x_wconf 84' lang='lat'><strong><em>22</em></strong></span> <span class='ocrx_word' id='word_1_281' title='bbox 1176 2860 1340 2916; x_wconf 73' lang='grc' dir='ltr'><strong><em>ἴσαμεν</em></strong></span> <span class='ocrx_word' id='word_1_282' title='bbox 1374 2862 1458 2905; x_wconf 88' lang='lat' dir='ltr'><strong><em>Mo</em></strong></span> <span class='ocrx_word' id='word_1_283' title='bbox 1484 2862 1549 2917; x_wconf 72' lang='lat' dir='ltr'><strong><em>(et</em></strong></span> <span class='ocrx_word' id='word_1_284' title='bbox 1563 2859 1668 2903; x_wconf 78' lang='lat' dir='ltr'><strong>Vat.</strong></span> <span class='ocrx_word' id='word_1_285' title='bbox 1688 2862 1791 2916; x_wconf 79' lang='lat'>939)</span> <span class='ocrx_word' id='word_1_286' title='bbox 1825 2862 1832 2916; x_wconf 87' lang='grc' dir='ltr'>Ι</span> 
     </span>
     <span class='ocr_line' id='line_1_35' title="bbox 145 2918 1424 2978; baseline -0.002 -13"><span class='ocrx_word' id='word_1_287' title='bbox 145 2921 372 2978; x_wconf 84' lang='grc' dir='ltr'><strong><em>πολέμους</em></strong></span> <span class='ocrx_word' id='word_1_288' title='bbox 402 2923 476 2966; x_wconf 84' lang='grc' dir='ltr'><strong><em>Ρα</em></strong></span> <span class='ocrx_word' id='word_1_289' title='bbox 508 2921 590 2965; x_wconf 83' lang='lat' dir='ltr'><strong><em>sed</em></strong></span> <span class='ocrx_word' id='word_1_290' title='bbox 621 2938 676 2978; x_wconf 81' lang='grc' dir='ltr'><strong><em>γρ</em></strong></span> <span class='ocrx_word' id='word_1_291' title='bbox 708 2918 1080 2976; x_wconf 83' lang='grc' dir='ltr'><strong><em>πολεμουμένους</em></strong></span> <span class='ocrx_word' id='word_1_292' title='bbox 1110 2920 1159 2962; x_wconf 89' lang='lat' dir='ltr'><strong><em>in</em></strong></span> <span class='ocrx_word' id='word_1_293' title='bbox 1190 2934 1323 2976; x_wconf 81' lang='lat' dir='ltr'>marg</span> <span class='ocrx_word' id='word_1_294' title='bbox 1354 2919 1424 2963; x_wconf 74' lang='lat' dir='ltr'><strong><em>m‘</em></strong></span> 
     </span>
    </p>
   </div>
  </div>
 </body>
</html>
