1992 3094
379 95 608 140 LIBANII
641 93 865 138 ORATIO
898 94 980 138 AD
1015 92 1234 138 DICERE
1266 93 1586 138 NOLENTES
1719 93 1824 145 217

135 232 360 302 κέλησιν
397 233 620 284 ἄνωθεν
666 230 755 283 mxl
810 229 893 283 δι’
924 228 1151 283 ἐκείνων
1204 238 1320 292 τοῖς
1367 229 1454 283 ἐπὶ
1500 239 1611 283 τῶν
1658 229 1828 298 ἁρμά-

135 341 259 375 των.
313 321 547 382 τούτους
577 321 772 372 τοίνυν
803 318 959 388 ὑμεῖς
997 321 1331 388 μακαρίζετε,
1373 322 1613 387 ζηλοῦτε,
1652 328 1828 388 μιμεῖ-

136 415 262 463 σθε·
301 410 516 471 τούτοις
547 407 784 462 ἐοικέναι
816 409 1093 476 βούλεσθε
1124 411 1335 475 μᾶλλον
1366 407 1398 476 ἢ
1431 418 1545 470 τοῖς
1576 408 1828 478 πατράσι.

135 499 223 552 καὶ
262 499 330 567 νὴ
370 499 483 550 Δία
522 495 583 565 γ’
614 496 839 550 ἐοίκατε.
917 497 1024 550 είσὶ
1068 493 1128 549 δὲ
1170 499 1228 550 οἳ
1262 499 1505 559 πολλοὺς
1545 497 1728 549 αὐτῶν
1767 496 1828 550 ἐν

135 597 249 650 τοῖς
302 586 488 639 αὐτῶν
538 585 766 639 ἐκείνων
819 588 1138 654 νενικήκατε
1192 586 1280 639 καὶ
1334 585 1725 655 φιλοτιμεῖσθέ
1768 605 1829 654 γε
1876 607 1896 641 5

135 684 198 747 τῇ
229 679 355 746 νίκη
383 676 553 745 ταύτῃ
585 677 798 744 μᾶλλον
821 673 855 743 ἢ
881 677 934 728 οἱ
958 677 1089 737 τοὺς
1113 675 1424 744 στεφάνους
1448 673 1502 738 ἐξ
1539 672 1830 744 Ὀλυμπίας

137 764 542 834 ἀναιρούμενοι.
625 764 706 816 14.
753 764 814 816 τὸ
857 762 917 816 δ’
941 764 1042 833 οὐχ
1082 764 1276 832 ἥκιστα
1314 765 1451 834 πρὸς
1497 761 1657 817 τοῦθ’
1688 763 1829 831 ὑμᾶς

134 854 264 924 ἠχὸς
302 852 479 907 ἐκεῖνό
529 852 696 919 ἐστιν,
744 852 828 906 ὅτι
867 853 1063 906 πολλοὶ
1113 849 1215 920 μὲν
1253 862 1365 906 τῶν
1403 851 1546 906 νέων
1585 854 1664 916 εἰς
1701 854 1830 906 ταύ-

134 962 235 1011 την
265 943 367 1012 τὴν
399 943 748 1010 λειτουργίαν
779 941 1134 1010 κατέστησαν,
1165 944 1501 1011 πεπρακότες
1533 939 1594 995 δὲ
1626 942 1831 1004 ἵππους

137 1031 233 1094 οὓς
277 1027 420 1100 ἦσαν
467 1030 794 1100 ἐωνημένοι,
848 1039 949 1084 τοῦ
998 1036 1339 1099 λειτουργεῖν
1377 1028 1480 1098 μὲν
1519 1030 1829 1100 ἀπηλλάγη·
1855 1056 1898 1088 10

138 1135 258 1189 σαν,
313 1119 376 1174 ἐν
415 1120 476 1174 δὲ
526 1125 654 1183 ταῖς
691 1121 961 1182 σπουδαῖς
1015 1128 1133 1182 ταῖς
1178 1139 1236 1173 τε
1290 1117 1431 1191 ὑπὲρ
1479 1121 1694 1174 τούτων
1738 1121 1830 1173 καὶ

139 1218 248 1262 τῶν
287 1210 530 1279 ἡνιόχων
569 1202 653 1273 οἷς
683 1209 847 1278 ἡνίκα
887 1207 1280 1279 ἐλειτούργουν
1311 1211 1550 1278 ἔχαιρον,
1589 1206 1829 1278 ἔμειναν.

137 1302 314 1352 καίτοι
354 1297 523 1368 πέρας
574 1297 805 1368 ἐχούσης
852 1306 947 1367 τῆς
987 1299 1233 1367 δαπάνης
1271 1300 1326 1351 τί
1361 1300 1434 1368 μὴ
1474 1299 1563 1351 καὶ
1602 1299 1663 1352 τὸ
1703 1299 1830 1352 τού-

136 1407 251 1450 τοις
310 1387 603 1457 προσέχειν
664 1386 959 1455 πέπαυται,
1014 1385 1131 1440 άλλ’
1171 1386 1456 1440 ἀθάνατον
1510 1386 1830 1457 προέρχεται

138 1477 198 1529 τὸ
238 1479 433 1546 κακόν,
472 1477 563 1530 καὶ
599 1477 693 1539 τὰς
732 1478 985 1544 βελτίους
1023 1474 1113 1528 καὶ
1154 1479 1372 1546 χείρους
1411 1475 1613 1546 ἡμέρας
1651 1476 1828 1548 τούτῳ
1855 1499 1898 1532 1⁵

137 1567 366 1635 κρίνετε,
405 1574 523 1629 ταῖς
559 1567 740 1628 νίκαις
779 1565 872 1618 mxl·
900 1573 1019 1628 ταῖς
1057 1566 1244 1634 ἥτταις
1284 1565 1526 1633 ἐκείνων,
1565 1564 1832 1635 ὑμετέρας

139 1650 199 1707 δὲ
259 1657 415 1717 νίκας
475 1651 577 1721 μὲν
639 1654 742 1707 οὐκ
799 1653 869 1706 ἂν
924 1656 1099 1723 ἔχοιτε
1154 1656 1331 1707 εἰπεῖν
1384 1654 1652 1722 οὐδαμοῦ,
1714 1663 1832 1717 ταῖς

139 1741 187 1795 δ’
217 1743 403 1811 ἥτταις
449 1743 550 1796 οὐκ
597 1744 865 1813 ἄχθεσθε·
920 1744 1158 1811 τοσαύτη
1206 1763 1288 1805 τις
1334 1743 1367 1811 ἡ
1413 1750 1513 1796 τοῦ
1565 1748 1831 1796 νικᾶσθαι

139 1830 368 1900 γέγονεν
406 1832 540 1899 ὑμῖν
580 1835 868 1901 συνήθεια.

253 1920 335 1973 15.
381 1916 505 1990 Ἆρ’
535 1916 639 1974 οὗν
685 1921 1011 1990 ὠλιγώρησα
1057 1922 1380 1974 νοσούντων
1429 1922 1518 1974 καὶ
1567 1922 1668 1974 οὐκ
1718 1920 1831 1989 ἐμι-
1856 1944 1899 1976 20

140 2010 394 2078 μησάμην
440 2012 571 2073 τοὺς
620 2011 842 2080 ἰατροὺς
889 2007 1021 2063 οὐδὲ
1059 2011 1126 2063 τὰ
1163 2019 1274 2064 τῶν
1314 2010 1638 2078 ἀλγούντων
1684 2009 1831 2064 ἐποί-

140 2111 262 2166 ησα,
302 2098 430 2152 ἀλλ’
453 2099 589 2152 ὅσον
626 2101 1063 2169 καταράσασθαι,
1099 2097 1106 2170 Ι
1140 2106 1409 2153 τοσοῦτον
1441 2098 1683 2168 φθεγξά-
1713 2111 1918 2156 RH291

260 2263 285 2302 6
319 2258 375 2304 cf.
401 2259 495 2303 t.11
519 2264 693 2315 541,18
818 2264 873 2303 14
906 2258 1151 2315 0d41118

92 2461 101 2470 ·
260 2412 286 2451 8
318 2407 460 2480 ἠχὸς]
479 2408 586 2452 ἀντὶ
617 2414 700 2451 τοῦ
733 2406 912 2464 ἀγαγὸν
937 2407 982 2451 A
1058 2405 1161 2461 ἤτοι
1191 2404 1390 2464 ἀγαγόν·
1426 2407 1505 2451 καὶ
1532 2404 1829 2482 Ἀριστείδης·

142 2465 507 2583 Ξυῖαῗέἔςγέἐ
527 2464 1012 2579 ssssl‘fff‘v‘ffivssssl’
1017 2484 1056 2567 ⁹9
1069 2465 1581 2583 ’13)συητῗιοξῖαἷεὶυἷέἵ
1613 2462 1829 2582 3126ἓέῗῖ

265 2677 287 2715 1
322 2675 530 2729 κέλλησιν
564 2674 608 2717 V
741 2677 768 2715 4
800 2688 850 2730 γε
884 2673 989 2715 ΜΒ
1017 2673 1022 2730 Ι
1051 2669 1096 2715 δ’
1126 2672 1195 2716 Re
1316 2678 1342 2716 5
1375 2689 1425 2730 γε
1456 2673 1524 2717 Re
1585 2689 1631 2716 τε
1662 2672 1772 2716 libri

146 2733 170 2772 '7
203 2730 452 2788 οὐχήκιστα
483 2733 581 2776 BV
723 2737 777 2775 13
808 2731 915 2788 τιμὴ
942 2733 1025 2775 Mo
1167 2736 1220 2774 17
1253 2730 1306 2776 δὲ
1337 2746 1413 2776 om
1436 2733 1469 2775 Ι
1492 2735 1498 2788 Ι
1526 2730 1608 2788 μὲν
1641 2730 1775 2781 νίκας
1805 2732 1840 2774 Ι

147 2790 155 2845 Ι
187 2788 269 2845 μὲν
299 2790 350 2834 in
372 2804 448 2835 ras
473 2791 545 2835 1²⁸
605 2805 680 2835 om
706 2791 806 2835 BV
923 2795 976 2834 18
1009 2789 1061 2834 δὲ
1092 2790 1160 2834 Re
1281 2796 1336 2833 22
1362 2787 1460 2834 ἀλλ’
1488 2817 1547 2823 -
1572 2795 1714 2846 218,1
1742 2791 1831 2834 ἀπ’

144 2850 292 2903 ῆλθον
323 2849 440 2894 citat
469 2849 587 2893 Plan
618 2849 830 2894 fol.104v
982 2853 1036 2892 22
1070 2847 1181 2893 ὅσον
1213 2849 1637 2908 καταράσασθαι],
1642 2850 1834 2905 ,videtur

145 2906 202 2950 οὐ
232 2909 634 2964 intmponendum‘*
667 2908 735 2952 Re
