1992 3094
203 133 309 185 368
725 129 955 174 LIBANII
986 128 1210 173 ORATIO
1243 128 1366 173 XLV

202 265 510 337 ἀφελομένη
544 266 644 319 τὸν
676 265 863 333 ἀγῶνα
898 261 1066 319 οὐδὲν
1097 268 1308 334 μᾶλλον
1339 266 1557 318 ἔπαυσε.
1626 273 1741 328 πῶς
1771 260 1892 332 οὖν,

202 354 242 409 ὦ
282 355 580 423 βέλτιστοι,
627 355 846 416 τούτοις
890 350 992 423 μὲν
1030 351 1117 407 ἔνι
1162 355 1312 423 χώρα
1349 354 1484 421 μετὰ
1520 363 1632 407 τῶν
1671 354 1895 423 εἰσπρά-

202 446 354 511 ξεων,
391 453 509 506 τοῖς
548 443 848 510 δεσμώταις
883 438 944 495 δὲ
977 440 1051 495 δι’
1083 440 1295 504 ἐκείνας
1332 440 1603 495 κέκλειται
1633 442 1701 495 τά
1739 443 1894 495 δικα-

202 536 416 603 στήρια;
457 533 490 601 ἢ
529 530 620 584 καὶ
659 532 895 599 τούτων,
943 531 1126 599 ὥσπερ
1165 540 1277 584 τῶν
1315 529 1675 600 εἰσπράξεων,
1721 538 1895 584 ταῦτα

156 644 175 675 5
201 623 425 690 ὕστερα,
479 630 591 674 τῶν
641 620 930 691 χρημάτων
978 621 1034 672 αἱ
1079 623 1274 689 ψυχαί;
1333 620 1416 672 19.
1471 620 1562 673 καὶ
1614 620 1726 688 μὴν
1778 628 1895 683 τοῖς

199 708 299 777 μὲν
338 709 400 764 ἐν
438 718 558 772 ταῖς
597 709 894 778 ἀναβολαῖς
941 709 1042 762 οὐκ
1082 706 1357 761 ἀπώλλυτ’
1396 707 1466 762 ἂν
1504 709 1571 762 τὰ
1608 710 1756 779 παρὰ
1793 716 1892 763 τοῦ
1965 765 1987 786 3¹

199 800 513 868 πράγματος
553 800 755 851 δίκαια.
825 798 858 851 ἃ
897 798 1003 868 γὰρ
1041 799 1280 868 τήμερον
1316 795 1449 867 ἐνῆν
1489 799 1683 867 εἰπεῖν,
1722 805 1897 853 ταῦτα
1967 840 1970 845 ,

200 888 270 941 ἂν
307 888 517 957 ὑπῆρχε
563 885 653 940 καὶ
700 887 804 939 δύο
843 887 977 955 μησὶ
1022 886 1113 939 καὶ
1160 888 1414 940 πλείοσιν
1459 886 1719 957 ὕστερον·
1765 885 1894 957 περὶ
1969 884 1983 908 ³

201 976 250 1028 δ’
281 972 352 1029 αὖ
383 978 513 1038 τοὺς
542 975 828 1038 θανάτους
859 973 1010 1028 τοῦτ’
1041 975 1145 1028 οὐκ
1177 977 1345 1045 ἔστιν,
1379 974 1500 1029 οὐδ’
1531 974 1602 1029 ἀν
1631 977 1893 1046 κατάσχοι

134 1087 177 1118 10
201 1086 283 1128 τις
328 1065 430 1134 τὴν
475 1066 661 1134 ψυχὴν
707 1065 876 1118 εἰπὼν
921 1065 1060 1134 πρὸς
1106 1064 1301 1134 αὐτήν·
1355 1063 1532 1133 μένε,
1587 1062 1703 1117 ἀλλ’
1744 1065 1896 1118 ἀπει-
1971 1096 1983 1137 ‘e

200 1157 401 1217 πόντος
445 1161 544 1207 τοῦ
593 1154 841 1223 σώματος
888 1153 1098 1223 ἀνάγκη
1146 1154 1377 1222 φεύγειν
1423 1152 1654 1222 ἐκείνην.
1732 1154 1786 1207 οἱ
1833 1150 1895 1208 δὲ
1968 1158 1978 1165 ”

199 1243 398 1310 μεταξὺ
436 1241 563 1312 περὶ
611 1242 883 1313 ἀργυρίου
925 1243 1234 1306 δικάζοντες
1280 1243 1312 1311 ἢ
1351 1240 1440 1295 ἐπὶ
1486 1250 1551 1313 τῇ
1591 1243 1792 1311 γνώσει
1831 1262 1895 1311 γε
1974 1267 1979 1286 ε

201 1332 336 1402 αὐτῇ
382 1334 514 1394 τοὺς
565 1333 854 1394 τοιούτους
908 1331 1205 1394 ἀκούοντες
1256 1333 1541 1394 θανάτους
1595 1331 1698 1385 οὐκ
1750 1328 1893 1385 εἶναι

200 1421 334 1473 κατὰ
380 1428 475 1489 τῆς
520 1420 688 1490 ἀρχῆς
732 1416 898 1473 τοῦτο
939 1422 1239 1489 νομίζουσι.
1315 1427 1731 1490 καταφρονοῦσι
1769 1421 1893 1488 γάρ,
1958 1459 1963 1482 .-

134 1529 175 1561 15
201 1505 366 1578 οἶμαι,
404 1518 516 1562 τῶν
550 1506 653 1578 μὲν
692 1509 766 1572 ὡς
798 1507 972 1562 οὐκέτ’
1006 1511 1203 1578 ὄντων,
1242 1518 1355 1562 τῶν
1395 1505 1456 1562 δὲ
1496 1507 1730 1571 ἐκείνοις
1760 1523 1893 1577 συγ·
1955 1510 1979 1566 ζ’

202 1606 380 1665 γενῶν
418 1598 492 1660 ὡς
529 1598 801 1652 ἀσθενῶν.

313 1686 396 1738 20.
451 1687 524 1739 Εἰ
559 1684 620 1740 δὲ
652 1689 743 1741 καὶ
774 1689 1020 1757 χρήματα
1052 1688 1137 1740 δεῖ
1168 1695 1522 1758 συγχωρῆσαι
1553 1695 1665 1740 τῶν
1698 1696 1895 1756 ψυχῶν
1966 1679 1980 1715 ³³

201 1770 343 1827 εἶναι
374 1775 681 1846 τιμιώτερα,
714 1773 831 1829 ἀλλ’
864 1777 931 1829 οὐ
965 1777 1144 1846 δήπου
1174 1794 1235 1844 γε
1269 1775 1536 1845 ὀρχηστὰς
1566 1774 1657 1828 καὶ
1690 1778 1892 1844 μίμους

110 1874 152 1917 R
176 1874 318 1918 11452
350 1864 439 1915 καὶ
472 1865 675 1927 ἵππους
705 1863 796 1918 καὶ
827 1867 958 1928 τοὺς
988 1865 1204 1928 τούτοις
1226 1862 1230 1937 Ι
1251 1863 1629 1934 ἐφεστηκότας.
1698 1868 1756 1917 τί
1787 1860 1892 1919 οὖν

133 1972 176 2004 20
201 1947 354 2004 οὗτοι
415 1960 674 2007 ποιοῦσιν
736 1955 793 2007 οἰ
855 1962 1096 2024 σωτῆρες
1157 1953 1439 2018 ἀξιοῦντες
1500 1954 1890 2023 ὀνομάζεσθαι;

199 2040 489 2109 τρέχουσιν
544 2040 807 2108 ὀψόμενοι
856 2042 958 2109 μὲν
1011 2049 1206 2110 ταῦτα,
1261 2042 1526 2109 ὀψόμενοι
1577 2039 1637 2094 δὲ
1692 2042 1889 2109 ἐκεῖνα,
1964 2035 1969 2059 ³

200 2137 306 2182 νῦν
352 2129 453 2195 μὲν
499 2131 855 2198 καλούμενοι,
906 2138 1015 2183 νῦν
1062 2131 1123 2183 δὲ
1168 2128 1259 2183 καὶ
1307 2131 1374 2183 οὐ
1421 2131 1753 2199 καλούμενοι
1798 2129 1889 2183 καὶ

199 2227 311 2270 τῶν
365 2220 612 2286 κλήσεων
667 2219 728 2272 δὲ
779 2218 928 2282 ἐνίας
974 2219 1131 2272 αὐτοὶ
1187 2227 1330 2288 σφᾶς
1385 2220 1587 2282 αὐτοὺς
1640 2224 1891 2272 καλοῦσι.

322 2382 375 2422 18
408 2378 464 2421 cf.
489 2394 534 2435 p.
556 2383 684 2432 14‚2;
717 2382 854 2432 298‚6
873 2393 939 2435 sq.

321 2531 342 2568 1
378 2525 577 2570 ἔπαυσεν
610 2526 702 2569 ΑΡ
731 2527 811 2570 sed
846 2527 895 2569 in
927 2527 1015 2571 hoc
1047 2543 1097 2572 εν
1129 2528 1178 2570 in
1211 2543 1231 2571 ε
1266 2541 1386 2581 corr,
1427 2529 1464 2572 I
1494 2527 1572 2571 sed
1608 2544 1636 2571 ν
1666 2540 1768 2570 eras
1951 2562 1955 2567 .

202 2590 228 2627 4
261 2583 410 2640 ὥσπερ
442 2586 522 2628 καὶ
553 2587 596 2630 A
630 2586 712 2631 sed
743 2585 823 2629 καὶ
855 2585 952 2640 del,
986 2585 1076 2630 Got
1255 2592 1281 2630 6
1313 2583 1544 2630 &nobum-³
1574 2583 1634 2629 ἂν
1667 2585 1831 2643 scripsi
1863 2598 1887 2629 e
1940 2589 1951 2642 ἦ

201 2645 328 2688 PaV
389 2644 626 2688 ἀπώλλυτο
665 2643 835 2699 reliqui
873 2644 983 2688 libri
1022 2645 1114 2690 edd
1163 2646 1170 2702 Ι
1218 2644 1348 2699 παρὰ
1376 2645 1552 2701 ,scripsi
1592 2647 1780 2688 auctore
1818 2645 1887 2688 Re
1943 2655 1957 2673 ν’

258 2703 364 2758 περὶ
402 2702 510 2746 libri
550 2703 630 2747 sed
669 2703 718 2745 in
757 2717 890 2760 marg
921 2705 986 2759 A,
1027 2705 1095 2748 Re
1156 2718 1232 2748 om
1272 2703 1364 2748 Got
1413 2707 1419 2761 Ι
1467 2704 1635 2762 τούτου
1673 2710 1756 2748 τοῦ
1794 2703 1832 2747 0

202 2766 227 2804 8
261 2763 366 2805 δυσὶ
400 2763 443 2805 V
469 2761 525 2805 ef.
559 2764 591 2806 t.
624 2762 645 2805 I
677 2766 843 2816 81‚11;
877 2768 977 2818 275,
998 2768 1075 2818 113
1107 2762 1150 2807 Il
1180 2767 1281 2818 401,
1301 2768 1354 2807 12
1508 2768 1533 2806 9
1564 2769 1699 2806 τοῦτο
1735 2762 1772 2806 Ο

203 2824 256 2863 10
287 2818 358 2870 τίς
387 2822 432 2864 Α
475 2824 480 2876 Ι
523 2819 736 2870 εἰπόντος
767 2820 858 2864 Got
979 2827 1032 2866 13
1066 2822 1201 2866 αὐτοὶ
1231 2823 1265 2865 Ι
1386 2826 1440 2865 15
1474 2823 1559 2866 οὐκ
1591 2819 1663 2890 ἔτ’.
1685 2822 1732 2864 Ρ
1759 2820 1842 2865 sed.
1867 2816 1881 2834 ⁹

201 2891 392 2981 ἓῗιξέἒηξ
413 2879 747 2994 ggff’pqfflilffl
791 2885 862 2982 2ἓν
878 2881 1183 2991 κέῖὶίαῗῖΙξὶτί
1214 2885 1310 2984 εοῗίδ
1327 2878 1486 2984 gaggi
1502 2882 1885 2993 sgiffidauotore
1926 2906 1933 2912 1
