1992 3094
946 807 1005 859 L.

272 926 505 986 ΥΠΕΡ
551 927 732 987 ΤΩΝ
778 927 1184 989 ΓΕΩΡΓΩΝ
1230 928 1437 988 ΠΕΡΙ
1483 929 1664 989 ΤΩΝ

717 1029 1224 1092 ΑΓΓΑΡΕΙῼΝ.

238 1161 283 1214 1.
338 1162 410 1214 Εἰ
441 1160 531 1215 καὶ
563 1161 690 1231 περὶ
721 1172 932 1232 μικρῶν
965 1162 1104 1227 δόξω
1137 1165 1302 1231 τισίν,
1342 1159 1383 1216 ὦ
1419 1165 1668 1232 βασιλεῦ,
1699 1175 1803 1219 RII
1820 1180 1902 1221 551

121 1255 408 1304 ποιεῖσθαι
453 1253 586 1314 τοὺς
629 1254 854 1320 λόγους,
902 1252 1040 1305 ἀλλὰ
1080 1255 1172 1305 σοι’
1213 1271 1275 1320 γε
1323 1251 1390 1304 οὐ
1436 1252 1560 1323 περὶ
1605 1261 1818 1321 μικρῶν

122 1331 274 1407 οἶμαι
322 1338 506 1402 δόξειν
553 1339 736 1408 λέγειν
782 1342 874 1394 διὰ
920 1341 981 1393 τὸ
1029 1349 1141 1393 πᾶν
1180 1340 1369 1409 ὅτιπερ
1417 1339 1487 1393 ἂν
1525 1335 1560 1412 ᾗ
1600 1342 1818 1394 δίκαιον
1863 1363 1883 1396 5

119 1426 260 1496 μέγα
305 1429 599 1499 κεκρίσθαι
646 1430 793 1498 παρὰ
840 1433 944 1483 σοι’.
1022 1431 1315 1498 συμβαίνει
1364 1429 1425 1482 δὲ
1470 1437 1641 1482 ταῦτα
1677 1428 1816 1498 ὑπὲρ

122 1510 202 1568 ὧν
238 1515 446 1588 ἀκούσῃ
481 1520 739 1588 σήμερον,
778 1518 880 1587 (ὃ)
913 1520 1134 1581 εἰκότως
1167 1533 1227 1571 σε
1258 1517 1349 1571 καὶ
1380 1520 1557 1586 μόνον
1592 1520 1818 1572 ἔπειθεν

120 1604 192 1657 ἄν
220 1622 352 1668 πως.
420 1601 487 1659 οὗ
522 1609 682 1674 μείζω
722 1627 817 1674 μοι
855 1609 957 1676 τὴν
996 1606 1191 1660 ἐλπίδα
1230 1615 1379 1660 ποιεῖ
1415 1607 1476 1660 τὸ
1516 1607 1683 1660 ταύτὸ
1724 1605 1815 1660 καὶ

120 1697 445 1748 λυσιτελεῖν.
507 1695 590 1748 ὅτι
624 1696 685 1749 δὲ
710 1695 892 1765 ἀληθῆ
920 1696 1076 1764 λέγω,
1108 1694 1232 1765 παρ’
1259 1695 1444 1748 αὐτῶν
1465 1694 1694 1764 ὑπάρξει
1727 1709 1815 1749 σοι

119 1790 232 1835 τῶν
260 1785 669 1853 πραττομένων,
702 1781 743 1838 ὦ
777 1787 1273 1854 φιλανθρωπότατε
1304 1787 1552 1852 βασιλεῦ,
1592 1789 1811 1853 μαθεῖν.
1838 1807 1882 1840 10

242 1929 281 1974 Ο
313 1951 370 1967 =
403 1929 550 1974 codex
580 1930 826 1974 Chisianus

239 1989 284 2032 A
318 2012 369 2025 =
403 1989 697 2034 Monacensis
729 2005 794 2047 gr.
823 1994 909 2033 483
942 1989 1280 2046 (Augustanus)

240 2048 286 2091 P
318 2070 373 2085 =
404 2048 649 2093 Palassinus
681 2064 748 2106 gr.
776 2052 860 2092 282

238 2108 275 2151 I
316 2129 372 2144 =
404 2107 671 2152 Marcianus
703 2107 903 2164 append.
929 2106 1029 2151 XCI
1046 2113 1072 2151 2

243 2246 298 2285 10
331 2241 388 2285 ef.
413 2243 447 2285 t.
472 2241 515 2285 Π
539 2246 699 2297 393‚2;
724 2244 862 2295 42s‚9
882 2255 946 2297 sq.

242 2381 263 2419 1
299 2374 374 2419 173!
401 2376 510 2418 ante
535 2375 650 2429 ὑπὲρ
675 2375 720 2418 Α
774 2371 910 2429 Ὑπὲρ
927 2400 980 2405 -
997 2378 1022 2416 2
1048 2373 1329 2475 ἀγγαρειῶνέ
1351 2373 1469 2428 πρὸς
1493 2370 1683 2431 βασιλέα
1706 2373 1812 2427 περὶ
1869 2398 1874 2402 -

117 2441 201 2478 τοῦ
235 2434 286 2479 ἐν
316 2440 392 2490 τῆι
424 2432 553 2478 πόλει
584 2436 734 2490 πηλοῦ
765 2432 926 2476 Macar
957 2431 1036 2476 fol.
1063 2438 1116 2475 91
1242 2437 1266 2476 2
1332 2440 1560 2489 γγαρειῶν
1585 2433 1631 2476 Ρ
1658 2432 1740 2476 sed
1772 2447 1811 2475 ει

119 2493 170 2537 in
194 2506 268 2537 ras
292 2492 376 2561 ρι’,
399 2494 434 2537 Ι
452 2493 534 2537 sed
566 2508 606 2576 ξι
638 2506 694 2536 ex
727 2509 743 2535 ι
776 2505 888 2564 corr!
937 2489 1199 2575 ἀδγγαρείων
1228 2490 1374 2535 Seeck
1436 2489 1509 2549 ξβ’
1537 2492 1644 2547 post
1667 2491 1811 2565 ἀγχα-

119 2552 616 2655 ρειῖντζῗαὲἷῗῖῑῗαῖ
647 2549 871 2667 ἐέῖοῑῗοέἶ
896 2552 953 2654 δῖ
979 2553 1105 2654 ῑηξξὲ
1128 2554 1348 2653 {531⁶}ss
1353 2551 1683 2665 Oss'rcfbabffitssr
1697 2564 1752 2593 ⁶²²
1783 2550 1819 2592 Ι

122 2674 145 2712 7
173 2670 350 2729 ἀκούσῃ
374 2670 540 2726 scripsi
601 2669 819 2713 ἀκούσειν
843 2668 952 2712 libri
976 2669 1068 2712 edd
1129 2668 1345 2720 ἀκούσεις
1368 2668 1473 2712 coni
1497 2667 1566 2711 Re
1587 2668 1590 2725 Ι
1613 2666 1811 2724 σήμερον

119 2729 285 2786 scripsi
310 2743 334 2773 e
362 2729 443 2773 CA
504 2727 700 2785 τήμερον
725 2729 800 2772 ΡΙ
820 2727 911 2772 edd
939 2730 945 2785 1
974 2725 998 2772 ὃ
1023 2727 1198 2771 inserui
1223 2728 1412 2771 auctore
1437 2727 1503 2770 Re
1625 2730 1651 2770 8
1677 2732 1810 2782 „post

119 2803 219 2839 πως
247 2789 427 2832 videtwr
456 2788 718 2832 addendum
745 2787 800 2848 τὸ
833 2784 1041 2840 δίκαιον,
1080 2788 1174 2831 nisi
1207 2787 1343 2831 malis
1374 2788 1512 2844 leyere
1544 2783 1731 2835 εἰκότως
1761 2799 1810 2830 σε

120 2847 201 2891 καὶ
231 2844 373 2903 μόνος
404 2846 590 2896 ἔπευθες
621 2846 681 2891 ἄν
711 2849 836 2898 πως“
868 2845 1082 2889 Monnjer
1115 2847 1122 2902 Ι
1158 2845 1299 2890 ταυτὸ
1331 2846 1376 2890 A
1409 2845 1491 2888 sed
1521 2861 1576 2902 γρ
1610 2840 1658 2888 δ’
1695 2844 1809 2888 αὐτὸ

118 2905 171 2949 in
200 2919 334 2964 marg
394 2903 440 2951 δ’
469 2906 584 2950 αὐτὸ
617 2906 664 2948 Ρ
691 2905 773 2949 sed
801 2902 815 2919 ’
850 2907 914 2962 (2)
943 2904 993 2948 in
1024 2918 1099 2948 ras
1131 2903 1202 2948 m'
1263 2901 1310 2950 δ’
1346 2903 1460 2948 αὑτὸ
1495 2903 1531 2948 Ο
