1992 3094
206 106 278 160 68
725 105 952 149 LIBANH
985 104 1209 149 ORATIO
1242 105 1391 150 XXIX

208 246 435 311 γυναικί
478 262 535 295 τε
575 249 946 295 συνοικοῦντα
990 239 1080 293 καὶ
1119 242 1312 294 παιδία
1349 241 1625 312 τρέφοντα
1662 241 1753 295 καὶ
1792 261 1895 296 πυ-

206 335 340 401 ροὺς
389 330 517 385 καθ’
550 330 758 401 ἡμέραν
809 329 910 382 οὐκ
957 329 1180 398 ὀλίγους
1228 331 1305 393 εἰς
1352 331 1523 401 ἄρτον
1561 331 1766 399 ἄγοντα
1803 333 1895 386 καὶ

210 429 305 489 τῆς
357 422 710 489 πανταχόθεν
759 419 907 488 παρὰ
960 426 1077 480 τοῖς
1123 417 1438 488 ὁμοτέχνοις
1492 420 1686 482 αἰδοῦς
1736 418 1896 489 ἠξιω-

209 509 377 579 μένον
417 508 781 577 ἐσυκοφάντει
828 505 1005 575 λέγων
1051 507 1238 579 ἀδικία
1276 511 1589 577 χρήσασθαι
1636 510 1760 577 περὶ
1797 509 1896 562 τὸν

156 619 186 651 *5
211 599 393 666 ἄρτον.
470 597 560 650 καὶ
617 599 799 665 λόγοις
845 596 1264 665 παροξυντικοῑς
1312 597 1389 658 εἰς
1438 595 1612 665 ὀργὴν
1656 597 1755 650 τὸν
1801 598 1896 666 ἄρ-

210 706 378 756 χοντα
431 684 683 756 ἐμβαλὼν
738 685 1030 752 γυμνώσας
1083 684 1180 737 τὸν
1235 684 1438 737 ἄθλιον
1500 683 1562 737 ἐν
1616 694 1731 748 τοῖς
1784 695 1896 739 τῶν

206 775 432 845 ἐχθρῶν
479 774 793 843 ὀφθαλμοῖς
841 771 1024 836 ξαίνει.
1103 773 1191 825 καὶ
1239 773 1300 826 τὸ
1347 781 1571 842 πρᾶγμα
1623 774 1898 842 τοσαύτην

210 858 356 932 εἶχεν
401 864 734 933 ὑπερβολήν,
789 861 909 915 ὥστ’
954 861 1120 914 οὐδὲν
1166 861 1194 914 ὁ
1243 863 1458 924 Κόκκος
1509 855 1650 915 εἶναι
1704 860 1896 916 ἐδόκει.

217 954 297 1004 11.
340 953 604 1023 Κανδίδῳ
646 948 706 1004 δὲ
745 951 943 1020 μικρὸν
981 948 1131 1002 τοῦτ’
1162 948 1417 1018 ἐφαίνετο
1456 948 1545 1002 καὶ
1585 949 1898 1020 προσέθηκε

142 1063 189 1095 ao
213 1042 272 1094 τὸ
319 1039 411 1093 καὶ
465 1042 829 1110 περιάγεσθαι
875 1040 972 1091 τὸν
1018 1040 1367 1104 ταλαίπωρον
1414 1039 1506 1091 διὰ
1551 1046 1646 1107 τῆς
1690 1041 1898 1102 πόλεως

215 1130 343 1198 ὅλης
382 1130 444 1181 τό
485 1148 541 1181 τε
581 1128 686 1181 ἀπὸ
727 1136 837 1179 τῶν
883 1131 1109 1194 πληγῶν
1148 1125 1434 1180 ἐπιτείνων
1472 1128 1645 1180 κακὸν
1683 1135 1748 1198 τῇ
1787 1136 1899 1181 τῶν

210 1218 518 1287 φαρμάκων
573 1216 815 1286 ἀναβολῇ
869 1214 959 1268 καὶ
1007 1214 1274 1285 δευτέραν
1323 1214 1543 1284 ἐπάγων
1591 1217 1751 1285 δίκην
1797 1217 1899 1286 τὴν

212 1307 320 1359 ἀπὸ
360 1314 455 1375 τῆς
494 1306 771 1374 αἰσχύνης.
848 1305 922 1367 ὡς
962 1302 1008 1357 δ’
1040 1305 1196 1372 ἥλιος
1234 1301 1335 1373 μὲν
1375 1300 1444 1372 ἧν
1481 1307 1607 1373 περὶ
1647 1306 1828 1373 δύσιν,
1868 1305 1896 1360 ὁ

214 1394 392 1459 δ’,ὑπὸ
419 1404 529 1447 τῶν
554 1394 805 1462 ἀγόντων
828 1401 943 1455 τοῖς
976 1392 1177 1446 ἑαυτοῦ
1203 1396 1445 1461 γείτοσιν
1470 1396 1694 1462 ἔμελλεν
1718 1394 1899 1463 ὀφθή-

147 1504 186 1538 15
213 1488 435 1550 σεσθαι,
482 1490 874 1552 προσπεσοῦσα
918 1483 1055 1551 πρὸς
1097 1482 1162 1533 τὰ
1205 1483 1408 1549 γόνατα
1452 1482 1638 1545 αὐτοῖς
1679 1483 1712 1551 ἡ
1755 1484 1898 1552 γυνὴ

215 1573 387 1624 δεῖται
441 1579 605 1624 τοῦτο
662 1577 802 1639 γοῦν
857 1570 1003 1642 αὐτῷ
1052 1572 1388 1639 χαρίσασθαι
1434 1572 1496 1624 τὸ
1544 1572 1785 1635 καλύψαι
1834 1572 1900 1625 τὰ

215 1669 374 1713 νῶτα.
451 1661 504 1712 οἱ
545 1660 606 1712 δὲ
646 1659 712 1711 οὐ
752 1660 1064 1728 χαρίζονται
1102 1658 1224 1727 μέν,
1263 1659 1623 1712 ἀποδίδονται
1665 1659 1740 1713 δέ.
1809 1661 1900 1713 καὶ

214 1756 396 1818 παρῆν
436 1749 618 1818 ἰατρὸς
670 1749 761 1800 καὶ
801 1749 976 1816 φόβος
1029 1748 1155 1816 περὶ
1200 1755 1264 1818 τῇ
1311 1756 1472 1818 ψυχῇ.
1553 1749 1635 1800 12.
1689 1752 1898 1802 πολλοῦ

126 1849 232 1892 RH
249 1854 330 1892 332
388 1834 448 1890 δὲ
499 1839 657 1899 ὄντος
706 1837 908 1889 τούτου
953 1843 1053 1888 τοῦ
1103 1838 1272 1903 λόγου
1318 1835 1510 1904 πέμπω
1558 1838 1682 1889 τινὰ
1740 1839 1745 1904 Ι
1802 1839 1900 1890 τὸν

151 1947 194 1979 20
220 1927 524 1994 εἰσόμενον,
571 1926 619 1978 εἰ
658 1925 828 1978 ταῦτά
866 1943 923 1977 τε
963 1924 1137 1986 οὕτως
1184 1927 1295 1993 ἔχοι
1335 1926 1425 1977 καὶ
1464 1927 1512 1977 εἰ
1558 1927 1762 1994 μισθὸς
1798 1932 1898 1978 τοῦ

215 2023 402 2083 τυχεῖν
440 2021 535 2082 τῆς
574 2016 763 2081 κλίνης
802 2013 901 2065 τὸν
940 2014 1242 2082 ἄνθρωπον
1281 2012 1513 2066 δέδοται.
1576 2015 1650 2076 ὡς
1688 2013 1738 2066 δ’
1768 2010 1900 2082 ἧκεν

218 2101 246 2154 ὁ
286 2102 561 2169 πεμφθεὶς
597 2101 879 2170 ἀγγέλλων
919 2100 1214 2170 ἀμφότερα,
1253 2102 1313 2154 τὸ
1354 2102 1455 2170 μὲν
1493 2102 1566 2165 ὡς
1597 2101 1900 2171 ἀηδέστατά
1991 2126 1992 2131 ’

216 2210 273 2243 τε
314 2189 623 2258 έλουσάμην
663 2191 955 2258 δειπνῆσαί
997 2209 1052 2242 τε
1092 2190 1194 2243 οὐκ
1234 2189 1516 2259 ἐδυνήθην
1563 2193 1624 2244 ἔν
1661 2210 1718 2244 τε
1759 2191 1900 2244 ὀνεί-

336 2428 362 2466 8
396 2423 452 2466 cf.
487 2423 548 2466 ad
579 2438 622 2479 p.
645 2427 713 2477 16,
733 2428 788 2466 10
910 2428 964 2467 10
997 2424 1053 2468 cf.
1079 2424 1150 2467 t.1
1181 2428 1275 2478 183,
1295 2429 1347 2467 13

339 2649 362 2686 2
389 2642 664 2700 καθημέραν
684 2645 886 2690 VaVMo
1007 2648 1034 2686 4
1065 2643 1320 2701 χρήσεσθαι
1346 2647 1430 2689 Mo
1554 2651 1576 2689 7
1611 2645 1730 2699 ξένει
1754 2646 1899 2691 ΜΜο
1950 2676 1953 2677 ⁷

222 2732 353 2788 Bong
394 2732 400 2789 Ι
441 2717 662 2788 τῧῗαύτην
695 2734 779 2776 Mo
938 2736 963 2775 9
995 2740 1130 2776 τοῦτο
1164 2735 1249 2777 Mo
1279 2732 1412 2790 Bong
1454 2735 1460 2790 Ι
1504 2732 1723 2807 φαίνεται
1755 2737 1840 2780 Mo

221 2789 500 2845 ἀνεφαίνετο
533 2791 665 2848 Bong
811 2795 863 2834 13
898 2790 921 2836 ὃ
947 2790 997 2834 δ’
1021 2793 1067 2836 A
1129 2789 1202 2836 ὅδ’
1231 2792 1392 2835 BMV
1447 2791 1503 2836 ὁδ
1550 2793 1617 2837 Re
1762 2798 1816 2837 16
1848 2789 1894 2851 γ’
1939 2799 1943 2803 ’

222 2846 306 2892 οὖν
330 2851 373 2893 Α
402 2851 408 2905 Ι
437 2849 549 2893 αὐτὸ
584 2851 654 2894 VI
799 2854 854 2893 20
886 2867 936 2907 γε
970 2851 1014 2894 V
1156 2855 1210 2893 21
1245 2849 1295 2894 δὲ
1326 2850 1394 2893 Re
1530 2857 1583 2894 22
1618 2850 1821 2910 ἀγγέλων
1853 2852 1898 2896 A
1938 2859 1939 2862 ’

222 2907 301 2950 sed
336 2908 531 2952 alterum
563 2910 586 2951 λ
617 2908 741 2952 inser
771 2908 854 2963 κη’,
886 2910 918 2953 Ι
1035 2914 1090 2953 23
1120 2908 1368 2966 ἠδυνήθην
1402 2911 1486 2955 Mo
