1992 3094
627 642 779 695 xxx
819 641 1082 715 (xxvm
1106 643 1195 716 R).

65 763 295 826 ΠΡΟΣ
342 763 839 825 ΘΕΟΔΟΣΙΟΝ
881 763 1059 825 TON
1105 763 1484 825 ΒΑΣΙΛΕΑ
1520 766 1752 826 TIIEP
1836 771 1839 773 ’

652 867 833 927 ΤΩΝ
878 867 1157 928 ΙΕΡῼΝ.

178 1015 223 1066 1.
270 1012 390 1066 Ἐπὶ
430 1017 653 1067 πολλῶν
690 1016 963 1084 πρότερον
1014 1017 1363 1084 συμβουλῶν,
1415 1011 1456 1068 ὦ
1495 1016 1593 1082 βα·
1630 1027 1836 1071 R11155

65 1106 235 1171 σιλεῦ,
274 1103 436 1166 δόξας
475 1117 564 1156 σοι
595 1111 695 1156 τοῦ
726 1106 1103 1173 προσήκοντος
1133 1102 1486 1172 τετυχηκέναι
1517 1105 1606 1157 καὶ
1638 1113 1751 1157 τῶν

62 1191 321 1245 τάναντία
381 1192 470 1244 καὶ
525 1191 884 1260 βουλομένων
945 1190 1034 1245 καὶ
1090 1194 1365 1261 λεγόντων
1419 1199 1494 1264 τῷ
1549 1195 1747 1261 βελτίω
1797 1214 1815 1246 5

61 1289 350 1350 παραινεῖν
387 1281 728 1350 κεκρατηκὼς
762 1278 917 1353 Ιῆκω
957 1281 1122 1334 ταύτὸ
1163 1282 1251 1334 καὶ
1292 1289 1400 1334 νῦν
1437 1283 1589 1350 ποιή-
1630 1293 1732 1337 RII
1754 1299 1842 1339 156

62 1382 176 1422 σων
212 1368 317 1422 ἀπὸ
356 1377 450 1437 τῆς
490 1370 657 1440 αὐτῆς
697 1369 930 1433 ἐλπίδος.
1008 1373 1078 1424 σὺ
1119 1366 1180 1423 δὲ
1230 1371 1465 1439 μάλιστα
1511 1367 1614 1439 μὲν
1659 1369 1750 1423 καὶ

61 1464 170 1511 νῦν
204 1462 511 1527 πεισθείης·
560 1461 612 1512 εἰ
648 1456 710 1512 δὲ
747 1462 838 1528 μή,
876 1462 1037 1528 μήτοι
1077 1461 1308 1529 νομίσῃς
1353 1467 1469 1522 τοῖς
1508 1467 1626 1521 σοῖς
1665 1457 1749 1527 ἐχ-

61 1547 206 1615 θρὸν
257 1543 399 1600 εἶναι
451 1548 732 1617 πράγμασι
785 1549 884 1602 τὸν
939 1549 1191 1617 εἰρηκότα
1245 1549 1592 1616 λογιζόμενος
1649 1547 1751 1614 μὲν

63 1634 194 1688 ἄνευ
231 1645 343 1688 τῶν
382 1637 565 1690 ἄλλων
603 1638 665 1690 τὸ
705 1637 942 1706 μέγεθος
987 1645 1083 1706 τῆς
1127 1645 1286 1706 τιμῆς
1325 1632 1387 1705 ἧς
1425 1656 1491 1705 με
1537 1638 1747 1705 τετίμη-
1777 1659 1817 1690 ιο

181 1767 219 1812 G
252 1789 308 1804 =
341 1767 486 1811 codex
518 1767 765 1812 Chisianus

179 1827 224 1870 A
255 1848 311 1863 =
342 1826 635 1871 Monacensis
667 1827 798 1884 (olim
824 1828 1147 1885 Augustanus)
1178 1832 1265 1871 483

178 1885 224 1927 P
253 1907 308 1922 =
340 1885 584 1930 Palassinus
616 1902 684 1944 gr.
711 1891 796 1930 282

185 1944 231 1989 U
258 1967 314 1982 =
346 1944 549 1989 Urbinas
581 1961 648 2003 gr.
677 1951 760 1990 126

186 2004 230 2046 V
254 2026 310 2041 =
340 2004 716 2048 Vindobonensis
746 2005 862 2062 phil.
921 2020 955 2048 r.
982 2004 1125 2049 XCIII

175 2063 211 2106 I
257 2085 312 2099 =
345 2063 610 2107 Marcianus
643 2065 843 2121 append.
915 2063 970 2108 CI
993 2069 1019 2107 2

178 2121 222 2164 Β
254 2143 310 2158 =
341 2122 624 2167 Barberinus
655 2123 699 2167 H
722 2128 775 2167 41

178 2182 240 2225 M
256 2203 310 2218 =
343 2181 609 2227 Marcianus
641 2198 707 2241 gr.
734 2187 819 2227 437

178 2303 204 2342 8
237 2300 293 2343 cf.
319 2300 412 2344 t.11
435 2301 721 2356 237,5sq.R
886 2305 939 2344 10
973 2301 1029 2345 cf.
1063 2300 1156 2345 t.H
1179 2303 1282 2354 439,
1308 2305 1346 2343 9.
1381 2304 1481 2354 511,
1502 2304 1556 2342 14
1574 2300 1626 2343 R.
1676 2300 1708 2342 t.
1732 2298 1753 2340 Ι

61 2360 161 2411 241,
179 2362 247 2402 13.
294 2359 472 2417 Eunap.
498 2360 578 2405 vit.
604 2360 676 2404 t.1
702 2365 741 2415 7,
759 2365 815 2404 23
831 2375 897 2415 sq.

178 2481 200 2519 1
244 2478 374 2533 Πρὸς
403 2505 462 2511 -
493 2477 685 2537 βασιλέα
718 2478 884 2535 scripsi
961 2493 1035 2522 om
1063 2478 1143 2523 CA
1168 2477 1260 2521 edd
1343 2477 1461 2532 πρὸς
1492 2475 1680 2534 βασιλέα
1706 2477 1751 2520 Ρ

61 2531 220 2579 Macar
242 2536 320 2581 fol.
340 2542 420 2581 89v
452 2537 574 2595 (vide
598 2538 660 2582 ad
683 2554 727 2596 p.
747 2543 817 2592 88,
839 2543 890 2581 11
903 2540 988 2594 sq.)
1051 2537 1167 2591 πρὸς
1197 2537 1279 2581 τὸν
1310 2534 1501 2594 βασιλέα
1525 2536 1571 2578 Β
1632 2534 1748 2589 πρὸς

61 2592 143 2637 τὸν
165 2595 353 2652 βασιλέα
383 2595 636 2643 θεοδόσιον
662 2599 722 2643 Μ
780 2598 898 2653 πρὸς
928 2596 1072 2640 αὐτὸν
1105 2595 1150 2640 U
1205 2595 1270 2646 εἰς
1299 2595 1382 2663 τὸν
1413 2593 1602 2653 βασιλέα
1633 2596 1744 2638 θεο-

62 2663 221 2711 δόσιον
243 2669 279 2712 Ι
304 2670 385 2713 sed
417 2672 525 2727 post
555 2670 693 2726 ἱερῶν
769 2678 851 2715 τοῦ
884 2671 1028 2714 αὐτοῦ
1060 2668 1195 2726 λόγος
1229 2670 1272 2713 V
1347 2671 1371 2712 λ
1403 2670 1513 2712 ante
1543 2666 1659 2721 ὑπὲρ
1687 2668 1744 2719 Α,

62 2724 117 2782 λβ
144 2725 194 2769 in
216 2741 351 2785 marg
374 2731 421 2773 B
451 2729 562 2773 rubr
637 2730 844 2780 εἰκοστὸς
874 2736 1055 2783 πρῶτος
1084 2731 1194 2784 post
1226 2727 1360 2783 ἱερῶν
1387 2728 1431 2771 V
1454 2726 1578 2780 rubr,
1640 2742 1745 2781 μια-

11 2810 13 2815 ¹
61 2789 155 2837 ρῶν
185 2784 318 2841 ἱερῶν
343 2788 487 2832 αὐτοῦ
511 2788 673 2833 Macar
793 2794 819 2832 5
851 2789 932 2832 καὶ
956 2789 1018 2845 (1)
1050 2801 1125 2831 om
1149 2789 1186 2831 I
1299 2791 1325 2830 6
1356 2786 1496 2830 ταύτὸ
1529 2785 1608 2829 καὶ
1637 2784 1742 2841 νῦν]

13 2862 17 2879 2
59 2842 140 2886 καὶ
168 2851 255 2888 νῦν
282 2847 425 2891 ταυτὸ
449 2849 479 2891 1
537 2849 710 2893 ταυτὸν
735 2849 780 2892 Β
902 2851 925 2889 7
960 2845 1062 2904 μὲν]
1093 2853 1178 2890 νῦν
1205 2845 1299 2890 Got
1420 2849 1445 2887 9
1478 2843 1745 2900 πράγμασιν

13 2917 17 2931 ·
61 2896 151 2944 6οὶ
270 2909 323 2948 10
356 2906 406 2949 τὸ
439 2905 636 2963 μέγεθος
668 2908 717 2952 Ρ
743 2906 823 2950 sed
857 2922 881 2950 ο
905 2923 935 2961 μ
968 2906 1018 2948 in
1042 2918 1117 2948 ras
1143 2905 1213 2947 m'
