1992 3094
461 100 688 146 LIBANII
719 101 943 147 ORATIO
975 102 1057 146 AD
1088 101 1345 147 ICARmM
1602 72 1631 84 *⁸
1705 103 1770 156 17

84 240 264 302 οἰκίας
299 240 479 308 ἤθους
516 240 664 292 ὄντα.
740 239 885 291 πολὺ
925 237 1010 306 δέ,
1051 233 1226 306 οἶμαι,
1265 238 1486 307 βέλτιον
1525 238 1587 292 ἐν
1626 238 1776 292 έλάτ-

86 347 208 381 τονι
248 329 444 380 δοῦναι
491 327 589 379 τὸν
633 327 979 395 ἡμαρτηκότα
1043 331 1049 392 Ι
1112 328 1215 395 τὴν
1260 329 1423 396 δίκην
1467 327 1500 396 ἢ
1541 325 1603 380 σε
1655 340 1697 383 R
1719 340 1863 384 [1107

83 414 240 479 δόξαι
277 421 390 469 τῶν
426 417 821 484 προσηκόντων
851 415 986 482 ὑμῖν
1017 415 1165 485 ὅρων
1196 414 1564 485 ἐξενηνέχθαι.
1627 416 1775 487 ὁρᾷς,

87 506 161 568 ὡς
213 504 389 558 ἐκεῖνο
442 506 615 558 καλὸν
667 504 758 557 καὶ
818 503 1086 573 ὑμέτερον
1142 504 1379 573 ἀκριβῶς
1440 505 1777 559 ἀκολουθεῖν

87 601 206 656 ταῖς
241 597 474 662 πληγαῖς
511 594 613 662 τὴν
652 594 871 662 ἄφεσιν,
911 593 1050 645 ἀλλὰ
1086 594 1159 662 μὴ
1200 595 1430 662 δεσμόν,’
1463 593 1492 646 ὃ
1529 603 1645 658 τοῖς
1684 596 1776 648 ἄλ-
1824 617 1842 648 5

87 685 227 750 λοις,
281 682 463 751 ὥσπερ
517 681 626 734 ὑπὸ
681 683 859 748 νόμου
912 681 1407 751 προστεταγμένον,
1462 682 1777 751 ἐπράττετο;

85 771 174 824 32.
214 770 275 824 ἐν
313 771 377 824 δὲ
413 771 589 842 τούτῳ
627 779 850 839 πρῶτον
895 770 995 839 μὲν
1034 767 1105 838 ἧν
1143 771 1328 823 κακὸν
1353 770 1382 824 ὁ
1422 773 1613 834 τόπος·
1667 780 1779 825 ποῦ

87 861 193 929 γὰρ
247 865 373 913 ἴσον
426 860 573 912 οἰκία
625 857 715 912 καὶ
771 860 1151 928 δεσμωτήριον
1204 861 1447 922 πολλοὺς
1499 859 1560 913 ἐν
1610 861 1777 933 ὀλίγῳ

88 949 391 1018 φυλάττονς
443 949 709 1017 δεύτερον
747 948 809 1001 δὲ
846 949 907 1001 τὸ
954 949 1029 1017 μὴ
1074 957 1187 1002 τῶν
1238 950 1459 1002 οἰκείων
1498 950 1575 1012 εἰς
1613 955 1779 1020 θερα-

86 1039 248 1091 πείαν
285 1037 612 1090 ἀπολαύειν·
665 1039 857 1107 τρίτον
894 1038 955 1090 τὸ
994 1038 1096 1106 τὴν
1135 1038 1299 1091 λύσιν
1338 1037 1606 1091 ὠνεῖσθαι
1651 1059 1780 1108 χρη-
1804 1060 1846 1092 ιο

86 1126 274 1196 μάτων
312 1127 404 1180 διὰ
441 1135 553 1180 τῶν
600 1121 673 1189 ὡς
722 1127 823 1180 τὸν
869 1127 1108 1196 ἄρχοντα
1155 1127 1442 1179 εἰσιόντων
1488 1128 1620 1180 ἄνευ
1668 1137 1781 1180 τῶν

83 1221 164 1288 τῷ
195 1223 291 1284 τῆς
335 1216 518 1285 θύρας
552 1217 726 1287 κυρίῳ
765 1213 892 1268 καθ’
927 1214 1159 1283 ἑκάστην
1198 1215 1508 1282 διδομένων
1547 1214 1778 1285 ἡμέραν·

86 1302 360 1373 τέταρτον
402 1305 456 1356 ol
508 1306 658 1374 παρὰ
710 1305 771 1357 τὸ
828 1303 1093 1356 δεδέσθαι
1147 1306 1467 1371 γιγνόμενοι
1527 1305 1779 1357 θάνατοι.

84 1393 244 1447 τουτὶ
281 1394 385 1462 γὰρ
426 1394 493 1461 δὴ
526 1401 642 1456 τοῖς
672 1413 730 1446 τε
764 1394 1008 1455 ἰδιώταις
1045 1389 1116 1461 ἦν
1147 1390 1320 1461 σαφὲς
1357 1391 1448 1445 καὶ
1483 1394 1631 1463 παρὰ
1669 1402 1781 1446 τῶν

85 1482 293 1548 ἰατρῶν
345 1477 415 1550 ἧν
461 1482 704 1551 ἀκούειν,
760 1482 871 1550 ὅτι,
927 1483 974 1534 εἰ
1021 1485 1095 1551 μή
1147 1502 1231 1544 τις
1281 1481 1482 1544 αὐτοὺς
1528 1480 1617 1534 ἐπὶ
1663 1491 1782 1545 ταῖς
1806 1502 1847 1535 15

84 1574 321 1639 πληγαῖς
359 1572 572 1640 ἔδησεν,
612 1571 715 1624 οὐκ
754 1570 825 1624 ἂν
857 1569 1242 1638 ἐτεθνήκεσαν.
1304 1570 1529 1623 τούτοιν
1561 1571 1628 1638 δὴ
1660 1579 1782 1624 τοῖν

23 1684 26 1688 ’
83 1659 252 1712 -δυοῖν
298 1667 397 1712 τοῦ
443 1660 545 1727 μὲν
585 1659 855 1729 ἀφεκτέον
894 1673 1008 1727 σοι,
1058 1661 1387 1729 πικρότερον
1433 1659 1561 1729 γάρ,
1612 1660 1672 1712 τὸ
1721 1656 1782 1711 δὲ

83 1746 371 1817 τηρητέον,
409 1749 582 1801 καλὸν
621 1749 742 1817 γάρ.

202 1835 288 1890 33.
326 1842 520 1890 Δεῖται
558 1836 693 1905 <δέ>
735 1852 839 1890 σου
880 1835 951 1890 δι’
984 1835 1119 1906 ἐμοῦ
1158 1845 1269 1890 πᾶν
1309 1837 1445 1889 ὅσον
1483 1836 1546 1889 ἐν
1583 1835 1783 1905 ὑπηρέ-

87 1943 234 1992 ταις,
300 1933 532 1995 τηρῆσαι
597 1927 659 1979 τὸ
728 1925 886 1995 μέχρι
955 1925 1138 1992 μέσων
1204 1935 1424 1979 νυκτῶν
1492 1925 1704 1995 ἡσυχίᾳ.
1772 1942 1773 1993 5
1807 1935 1850 1978 20'

90 2013 454 2082 προστιθέναι
493 2014 597 2084 γάρ
638 2030 699 2068 σε
737 2022 802 2085 τῇ
841 2013 1015 2085 ἡμέρᾳ
1052 2015 1215 2067 τοῦτό
1253 2033 1316 2083 γε
1355 2021 1624 2066 τοσοῦτον
1663 2026 1704 2068 R
1726 2025 1869 2068 H108

0 2163 1 2176 ρ
93 2102 175 2155 ὄν.
248 2101 349 2172 ὑφ’
379 2102 511 2156 ὅτου
550 2112 730 2166 κακῶς
780 2105 1097 2156 διακεῖσθαι
1135 2102 1399 2170 λέγουσιν
1445 2102 1608 2164 ἄλλος
1647 2103 1781 2155 ἄλλο

0 2177 1 2231 ἶ
86 2209 146 2242 τι
183 2198 282 2244 τοῦ
322 2192 570 2258 σώματος
617 2190 709 2245 καὶ
747 2193 903 2261 μόλις
942 2191 1262 2260 ὀρθοῦσθαι
1302 2189 1393 2243 καὶ
1432 2192 1591 2259 μόλις
1629 2189 1781 2243 ἑστά-

214 2385 239 2424 3
270 2380 380 2437 ἡμῖν
404 2383 622 2426 PaMoV
729 2386 754 2425 6
787 2381 878 2425 ὑπὸ
905 2380 1069 2437 scripsi
1095 2382 1282 2424 auctore
1308 2378 1482 2424 Cobeto
1509 2379 1621 2424 Con.
1640 2382 1722 2422 125

88 2438 189 2483 ἀπὸ
221 2439 330 2483 libri
355 2441 445 2484 edd
474 2443 478 2495 Ι
508 2460 520 2495 3
550 2440 686 2497 posui
719 2454 774 2484 ex
797 2441 968 2485 JMoV
1024 2475 1032 2483 .
1067 2439 1236 2495 reliqui
1267 2439 1377 2482 libri
1410 2439 1500 2483 edd
1622 2442 1647 2481 8
1682 2437 1782 2481 ἴσον

95 2498 142 2542 Ρ
170 2498 251 2542 sed
276 2497 288 2513 '
310 2500 402 2549 inf
429 2513 530 2543 corr
592 2498 702 2544 ὅσον
728 2500 813 2543 Mo
837 2499 939 2542 Mor
1060 2503 1084 2541 9
1117 2496 1378 2553 θεραπείας
1403 2498 1502 2541 Μοι·
1624 2501 1678 2540 10
1709 2497 1781 2554 τὸ]

94 2556 176 2600 τὸν
209 2557 293 2602 Mo
314 2558 416 2602 Mor
450 2559 455 2617 Ι
492 2559 718 2603 ὠκεῖσθαι
750 2559 835 2603 Mo
859 2558 961 2602 Mor
992 2558 1073 2612 qui
1105 2559 1330 2602 ὠνεῖσθαι
1363 2555 1391 2612 ἢ
1425 2557 1646 2600 ἀκεῖσθαι
1678 2557 1782 2599 coni

158 2621 211 2660 11
243 2623 335 2660 τῶν
358 2619 420 2674 (2)
453 2632 530 2661 om
553 2619 588 2662 I
740 2622 793 2661 12
826 2616 1084 2674 διδομένων
1124 2613 1242 2660 καθ’
1271 2615 1468 2671 ἑκάστην
1503 2615 1545 2658 V
1589 2617 1595 2670 Ι
1638 2617 1782 2658 καθε-

99 2673 274 2731 κάστην
307 2675 391 2720 Mo
513 2681 566 2720 13
599 2676 836 2734 γινόμενοι
870 2677 913 2720 V
1030 2681 1084 2719 14
1117 2675 1174 2731 δὴ
1207 2674 1381 2718 inserui
1413 2687 1437 2717 e
1469 2674 1512 2716 V
1569 2687 1645 2716 om
1675 2673 1784 2716 reli-

99 2733 180 2788 qui
210 2733 321 2778 libri
351 2735 444 2778 edd
581 2741 633 2779 16
667 2738 773 2792 post
803 2735 987 2779 τούτοιν
1021 2740 1133 2778 1-2
1167 2734 1245 2777 litt
1268 2747 1343 2777 ras
1370 2734 1414 2776 P
1542 2736 1595 2774 19
1630 2730 1684 2776 δέ
1714 2732 1784 2774 in-

101 2793 224 2835 serui
295 2794 525 2848 „desidero
556 2798 751 2838 ‘'zemma“
786 2792 990 2837 Sintenis
1112 2798 1168 2836 20
1199 2799 1394 2849 τηρῆσαι
1426 2791 1590 2847 scripsi
1623 2804 1647 2834 e
1689 2791 1733 2834 V

97 2857 282 2908 τιμῆσαι
311 2852 482 2909 reliqui
512 2853 622 2897 libri
654 2853 744 2897 edd
898 2857 952 2895 22
989 2848 1076 2907 ὑφ’
1106 2850 1214 2895 ὅτου
1240 2852 1367 2896 PaV
1393 2851 1472 2894 sed
1505 2851 1554 2892 in
1585 2851 1782 2905 utroque

93 2906 185 2964 ὑφ’
215 2907 268 2954 οὗ
301 2913 471 2966 μᾶλλον
502 2911 552 2954 in
575 2925 710 2970 marg
732 2911 802 2955 m²

186 2990 384 3026 LmAxms
408 2994 465 3026 ed.
488 2994 726 3026 Foerstet.
766 2994 837 3025 111.
1492 2987 1517 3025 2
