1992 3094
479 159 705 204 LIBANH
737 160 961 207 ORATIO
993 162 1111 207 PRO
1144 162 1475 207 THALASSIO
1715 163 1823 216 325

136 295 354 364 λέγοντι
392 303 598 364 παρῆν;
639 296 705 349 οὐ
745 296 1024 363 μέλλοντι;
1073 299 1138 351 οὐ
1179 297 1531 371 πεπαυμένῳ;
1579 299 1680 368 οὐχ
1720 299 1824 371 ὅτῳ

134 395 246 439 τῶν
284 384 561 454 ἡμετέρων
599 387 782 453 λόγων
824 388 961 455 ἔρως
999 388 1088 440 καὶ
1135 388 1320 455 λαβὼν
1362 384 1510 456 ἔχειν
1547 386 1826 456 ἐβούλετο,

133 475 279 543 παρὰ
317 481 518 527 τοῦτον
557 475 777 543 ἤρχετο,
824 476 1000 548 τούτῳ
1041 475 1315 544 διελέγετο
1354 476 1444 528 καὶ
1490 476 1826 543 κτησάμενος

133 562 254 633 ᾔδει
307 563 470 632 χάριν
519 563 608 615 καὶ
659 565 730 632 μὴ
782 564 966 633 τυχὼν
1011 566 1237 633 ἤχθετος
1291 565 1382 618 καὶ
1435 565 1495 617 τὸ
1550 564 1825 633 μέγιστον,

135 653 315 706 εἵπετο
354 650 457 718 μέν
494 671 587 720 μοι
627 654 776 721 παρὰ
814 653 875 706 σὲ
918 653 1271 725 πορευομένῳ
1310 654 1589 720 πολλάκις,
1627 659 1826 722 παρελ-

135 743 340 804 θόντος
386 737 446 793 δὲ
493 745 621 793 εἴσω
669 743 807 809 πρὸς
852 751 971 805 ταῖς
1017 744 1292 811 κιγκλίσιν
1337 740 1575 809 ἐκάθητο
1622 742 1710 794 καὶ
1757 738 1828 809 ἧν

136 829 290 897 ἡμῶν
336 836 500 882 τοῦτο
547 831 725 899 μόνον
773 829 835 884 ἐν
872 831 1034 903 μέσῳ.
1112 833 1183 884 σὺ
1223 830 1272 884 δ’
1305 833 1446 900 ἔχων
1483 833 1612 893 τοὺς
1648 831 1827 884 πάντα

135 918 448 986 μηνύοντας
486 919 787 982 τοσούτους
835 920 974 973 ὥστε
1020 919 1292 989 ἀλλήλους
1337 927 1690 987 καταπατεῖν,
1735 920 1825 972 καὶ

136 1014 242 1060 ποῦ
282 1012 530 1076 καθῆστο
574 1008 901 1076 Θαλάσσιος,
942 1009 1101 1071 εἰδὼς
1133 1009 1259 1061 οὔτε
1289 1009 1670 1077 ἠγανάκτησας
1700 1009 1827 1061 οὔτε

1872 676 1891 707 5

137 1094 362 1164 ἐλάβου,
410 1093 527 1148 ἀλλ’
569 1094 576 1166 Ι
613 1097 745 1150 οὐδὲ
786 1098 1081 1167 ἠπείλησας
1118 1100 1371 1166 ποιήσειν
1410 1095 1443 1149 ἃ
1480 1098 1551 1164 μὴ
1591 1115 1678 1150 πε·
1710 1109 1915 1154 RII410

137 1186 361 1253 ποίηταί
397 1199 500 1238 σοι.
578 1185 664 1239 37.
718 1187 853 1256 μετὰ
893 1194 1063 1239 ταῦτα
1101 1188 1295 1239 τοίνυν
1333 1187 1404 1238 σὺ
1442 1185 1543 1254 μὲν
1583 1184 1826 1239 ἐνταῦθα
1852 1210 1891 1241 ιι

137 1269 287 1341 ἦσθα
316 1271 407 1327 καὶ
439 1273 713 1343 ἠσθένεις,
747 1274 776 1328 ὁ
810 1272 871 1328 δὲ
904 1275 964 1328 έν
993 1275 1340 1342 Σαμοσάτοις
1370 1272 1460 1327 καὶ
1492 1283 1608 1336 τοῖς
1639 1273 1828 1343 ἀγροῖς

33 1395 46 1439 ι·
138 1357 216 1415 ὧν
270 1362 302 1431 ἡ
356 1371 469 1416 τῶν
521 1366 744 1433 τρόπων
797 1364 967 1434 ἀρετὴ
1023 1365 1298 1432 δεσπότην
1359 1363 1530 1416 αὐτὸν
1592 1361 1826 1431 ε’ποιήσε.

138 1454 315 1513 καλῶς
361 1451 423 1504 δὲ
470 1452 617 1524 αὐτῷ
657 1462 771 1506 τῶν
816 1452 927 1506 ἐκεῖ
974 1451 1252 1506 τεθέντων
1298 1449 1394 1521 ἧκε
1445 1452 1609 1520 δεῦρο
1660 1452 1828 1505 πάλιν

45 1554 47 1558 ’
139 1547 442 1603 νοσοῦντος
480 1542 584 1608 ἔτι,
634 1540 726 1595 καὶ
774 1543 902 1595 οὔτε
948 1540 1156 1605 ἐκεῖνος
1195 1539 1368 1604 ε”δειξέ
1409 1559 1533 1593 τινα
1580 1540 1828 1603 ὑποψίαν
1853 1562 1893 1594 15

139 1627 254 1682 οὔτ’
293 1628 455 1692 αὐτὸς
501 1630 876 1694 ὑπώπτευσας.
960 1630 1248 1683 κάνταῦθα
1302 1629 1485 1698 ἐτίμας
1538 1648 1604 1697 με
1649 1637 1829 1697 τιμαῖς

30 1708 57 1799 ¹³
139 1712 218 1771 ὧν
256 1718 359 1772 οὐκ
397 1714 540 1786 ἦσαν
569 1721 829 1788 μείζονες,
869 1721 967 1774 τὸν
1005 1726 1079 1792 τῷ
1111 1725 1335 1791 πονηρῷ
1369 1720 1525 1787 γόητι
1565 1721 1826 1782 συζῶντα,

35 1805 55 1827 ²
137 1805 227 1860 καὶ
274 1808 460 1871 οὐδείς
514 1822 603 1862 σοι
652 1807 769 1862 κατ’
807 1809 980 1862 αὐτοῦ
1035 1809 1172 1877 πρὸς
1226 1807 1429 1861 οὐδένα
1484 1808 1647 1875 λόγος
1701 1806 1827 1859 οὔτε

138 1897 334 1962 μείζων
373 1897 500 1950 οὔτε
540 1896 794 1951 ἐλάττων.
871 1907 986 1960 πῶς
1025 1893 1129 1950 οὖν
1174 1894 1282 1967 φῂς
1324 1896 1495 1948 αὐτὸν
1534 1895 1827 1963 διαπεφευ-

47 2052 50 2057 r
139 1983 294 2052 γέναι
340 1998 428 2055 σε,
479 1987 578 2040 τὸν
623 1985 686 2040 ἐν
731 1995 796 2057 τῇ
844 1987 979 2056 αὐτῇ
1019 1988 1198 2051 πόλει,
1253 1986 1351 2037 τὸν
1404 1982 1529 2053 περὶ
1584 1984 1676 2046 τὰς
1731 1984 1871 2045 σὰςε

139 2073 343 2141 θύρας,
390 2075 490 2127 τὸν
536 2075 603 2128 οὐ
651 2077 840 2144 πόρρω
878 2083 979 2128 τοῦ
1021 2075 1259 2143 ζεύγους.
1335 2071 1424 2126 καὶ
1465 2073 1573 2141 μὴν
1612 2070 1725 2125 οὔτ’
1759 2070 1829 2124 ἂν

139 2160 292 2228 ἡμεῖς
341 2163 690 2232 ἠγνοήσαμεν
737 2163 771 2217 ἃ
818 2165 1039 2233 διανοῇ,
1086 2172 1197 2216 τῶν
1242 2162 1389 2229 παρὰ
1441 2158 1527 2214 σοὶ
1577 2175 1830 2213 πιστευο-

261 2343 313 2382 16
347 2337 402 2382 cf.
429 2354 474 2395 p.
495 2343 661 2393 328,12

258 2504 284 2543 3
308 2500 680 2558 κτησάμενος-4
706 2501 785 2545 καὶ
804 2503 864 2558 (1)
883 2514 958 2545 om
976 2501 1019 2544 V
1113 2506 1138 2543 5
1165 2500 1237 2544 σοὶ
1261 2499 1401 2543 ΙΒΜ
1418 2499 1551 2555 Bong
1651 2501 1674 2540 7
1701 2499 1833 2553 ὑμῶν

139 2555 273 2616 Bong
306 2561 312 2615 1
351 2559 403 2604 δὲ
433 2559 502 2604 Re
545 2563 550 2616 Ι
593 2559 750 2604 πάντα
782 2560 948 2616 scripsi
980 2574 1004 2603 ο
1029 2559 1071 2601 V
1127 2559 1308 2610 πάντας
1337 2556 1506 2613 reliqui
1538 2556 1647 2601 libri
1679 2557 1767 2600 edd

141 2618 167 2658 8
191 2617 441 2669 τοσούτους
462 2619 532 2663 Re
591 2619 786 2670 τούτους
808 2618 917 2663 libri
942 2619 1075 2675 Bong
1188 2622 1213 2661 9
1240 2613 1340 2661 οὔτ’
1368 2619 1430 2673 (2)
1455 2616 1523 2660 Re
1639 2620 1693 2659 10
1718 2612 1824 2660 οὐδ’

140 2673 208 2719 Re
301 2682 351 2720 11
378 2675 539 2722 τοίνυν
564 2691 639 2721 om
660 2678 794 2735 Bong
887 2682 941 2720 14
965 2675 1218 2735 τεθέντων]
1242 2692 1290 2720 τε
1316 2690 1420 2720 cum
1445 2674 1614 2719 lacuna
1637 2679 1663 2716 4
1687 2674 1766 2718 litt
1783 2675 1832 2718 B

201 2739 256 2778 15
291 2735 435 2788 ἔδειξέ
466 2737 631 2794 scripsi
694 2738 839 2782 ἔδεισε
870 2736 980 2780 libri
1012 2735 1103 2780 edd
1238 2740 1291 2779 16
1324 2734 1429 2779 οὔτε
1455 2734 1665 2778 VaIBM
1693 2733 1783 2777 edd
1821 2744 1823 2775 ἑ

48 2812 50 2816 ⁴
142 2789 298 2848 ἐτίμας
320 2795 367 2838 Ρ
388 2795 469 2839 sed
494 2812 550 2846 ας
571 2795 622 2839 in
644 2809 721 2839 ras
745 2796 816 2839 ω’
877 2793 1092 2851 ἐτίμησας
1115 2795 1225 2839 ΒΜ
1246 2794 1379 2851 Bong
1508 2796 1562 2835 19
1589 2789 1687 2836 οὔτ’
1717 2791 1783 2835 Re
1815 2790 1825 2860 j

142 2850 235 2907 φὴς
263 2853 405 2898 ΙΒΜ
553 2859 609 2898 20
641 2856 760 2914 αὐτῇ
791 2854 957 2911 scripsi
989 2868 1012 2897 e
1048 2855 1090 2897 V
1167 2854 1311 2897 αὐτοῦ
1338 2853 1406 2897 Va
1485 2852 1629 2895 αὑτοῦ
1659 2850 1828 2920 reliqui

53 2930 55 2936 v
82 2920 83 2925 ¹
140 2907 249 2953 libri
289 2911 380 2955 edd
420 2913 500 2956 sed
541 2919 751 2970 „poterat
788 2927 958 2970 quoque
997 2913 1143 2958 dicere
1177 2911 1228 2956 ἐν
1258 2915 1313 2970 τῇ
1347 2917 1519 2955 σαυτοῦ
1550 2908 1692 2954 πόλει.
1725 2915 1832 2954 utem

142 2966 191 3013 ἐν
221 2974 284 3026 τῇ·
308 2971 424 3028 αὐτῇ
456 2970 614 3016 πόλει“
647 2972 714 3016 Re
866 2977 921 3015 22
954 2971 1083 3026 παρά
1114 2985 1186 3015 σοι
1218 2971 1285 3015 Re
