1992 3094
630 103 974 150 PRAEFATIO
1008 106 1243 152 CRITICA
1593 111 1778 156 XXXIX

33 266 45 282 2
83 243 243 310 μένω
279 244 503 307 δαψιλῶς
540 242 593 292 τὸ
633 241 722 308 μὲν
757 243 922 294 αὐτῶν
952 243 1135 311 εἰσέχει,
1173 246 1226 296 τὸ
1266 245 1317 296 δὲ
1352 247 1512 314 ἐξέχει,
1551 250 1676 300 οὕτω
1717 251 1777 315 δὴ

103 316 183 369 καὶ
231 316 310 368 ἐπὶ
366 325 464 366 τῶν
513 315 702 366 πόλεων
759 317 813 368 τὸ
865 316 952 382 μὲν
1002 318 1319 385 ἐστερημένον
1377 321 1616 388 μεγέθους
1664 324 1779 373 εἴκει

101 397 188 462 μιᾷ
228 398 421 460 μορφῇ,
468 390 520 441 τὸ
564 388 617 440 δὲ
660 390 902 457 μεγέθους
940 393 1181 458 τυγχάνον
1220 394 1340 443 κατὰ
1378 394 1430 444 τὸ
1471 396 1664 461 συμβὰν
1703 397 1780 446 ἐκ-

102 465 309 533 φέρεται.
384 467 575 514 Neutra
622 468 903 514 coniectura
950 483 1046 529 qua
1087 467 1363 517 Schmidius
1402 470 1550 518 verba
1596 471 1781 519 tradita

101 542 315 590 tentavit
344 539 546 602 probari
582 542 760 602 potest.
829 541 959 588 Nam
998 540 1180 608 ῥᾳδίως
1217 544 1497 604 tenendum,
1535 561 1632 592 non
1673 561 1780 592 cum

99 611 293 680 ὁμαλῶς
330 614 623 662 mutandum
663 629 765 663 esse
804 614 946 662 docet
978 618 1222 664 sententia
1261 619 1490 679 opposita
1521 617 1576 665 αἱ
1603 615 1654 666 δὲ
1687 625 1782 666 τῶν

97 687 409 752 εὐδαιμόνων
447 684 655 753 ἄρουραι
701 695 843 736 τοῦτο
891 687 994 753 οὐχ
1037 687 1443 752 ὑπομένουσιν
1482 695 1531 739 et
1568 696 1623 739 ut
1662 690 1782 739 κατὰ

101 761 154 812 τὸ
199 759 396 826 συμβὰν
443 759 693 826 ἐκφέρεται
739 764 881 810 unice
926 765 1089 810 sensui
1134 765 1400 824 satisfacit,
1446 767 1518 812 ita
1565 764 1684 813 κατὰ
1730 764 1781 813 τὸ

23 863 30 867 -
97 836 299 900 σύμπαν
336 838 394 884 ut
433 838 783 900 exaggeratum
823 853 884 884 ne
922 837 1127 885 tolerari
1165 838 1362 900 quidem
1400 840 1575 900 potest.

209 927 257 973 p.
284 911 406 971 512,
418 911 447 958 3
483 909 536 958 τὸ
569 907 621 958 δὲ
653 917 750 958 τῶν
783 918 1062 959 συνουσιῶν
1097 906 1202 958 κατ’
1232 910 1465 975 οὐδεμίαν
1506 906 1593 978 (sc.
1627 906 1780 977 ὤραν)

0 970 1 1010 Ῠ
96 981 400 1048 ἀλλοιοῦται,
447 977 551 1031 ἀλλ’
588 980 614 1032 5
655 981 743 1047 μὲν
784 981 966 1050 ὄμβρος
1005 983 1193 1049 ἐνοχλεῖ
1222 989 1325 1043 ταῖς
1372 982 1600 1050 ὀροφαῖς,
1645 982 1783 1049 ἡμεῖς

27 1095 42 1114 ,-
97 1055 154 1108 δὲ
198 1056 252 1107 έν
297 1055 468 1117 αὐταῖς
509 1053 656 1121 <ταῖς
697 1054 896 1122 στοαῖς)
943 1056 1058 1121 μετὰ
1103 1058 1355 1126 ραστώνης
1395 1059 1676 1143 βαδίζοντες
1723 1052 1782 1107 οὗ

97 1130 268 1199 καιρὸς
290 1131 667 1198 συγκαθίζομεν.
715 1131 873 1180 Voces
904 1136 1009 1190 ταῖς
1040 1137 1206 1191 στοαῖς
1238 1149 1359 1194 quas
1390 1135 1574 1181 inserui
1598 1132 1781 1180 Schmi-

98 1206 182 1255 dio
228 1206 503 1268 superfluae
541 1208 677 1254 visae
724 1209 852 1281 sunt.
928 1206 998 1253 At
1045 1209 1276 1268 quoniam
1322 1205 1375 1255 έν
1421 1204 1590 1265 αὐταῖς
1627 1223 1782 1268 neque

99 1281 164 1328 ad
189 1280 456 1339 συνουσίας
486 1297 647 1343 neque
679 1281 742 1328 ad
774 1281 895 1345 ὡραι
919 1296 1076 1342 neque
1109 1280 1171 1328 ad
1204 1277 1389 1343 ὀροφαί
1415 1281 1585 1328 referri
1606 1284 1784 1342 potest,

42 1398 46 1399 ⁷
98 1356 380 1417 porticuum
418 1370 556 1415 vero,
603 1355 662 1402 de
707 1354 883 1416 quibus
924 1355 1041 1403 solis
1081 1356 1291 1416 cogitari
1329 1358 1512 1415 potest,
1558 1356 1609 1401 in
1650 1356 1781 1401 ante·

30 1468 34 1470 ,
99 1428 384 1477 cedentibus
431 1429 571 1477 nulla.
623 1430 808 1476 mentio
856 1429 990 1476 facta
1037 1432 1131 1489 est,
1187 1428 1581 1475 additamentum
1633 1429 1783 1475 etiam

98 1518 229 1550 nunc
266 1503 391 1550 mihi
428 1504 760 1551 necessarium
800 1503 1010 1550 videtur.

209 1593 257 1639 p.
292 1578 460 1638 513‚1
517 1574 542 1625 5
593 1574 683 1640 μὲν
732 1574 897 1641 ἀρκῶν
947 1575 1061 1634 τούς
1110 1593 1157 1623 τε
1207 1573 1260 1623 ἐκ
1311 1573 1496 1640 Βορέου
1546 1572 1782 1637 ἐμπλῆσαι

97 1647 322 1708 θέοντας.
382 1650 586 1699 Praeter
612 1651 787 1698 Iliadis
819 1669 850 1698 υ
883 1643 1005 1716 (non
1030 1642 1092 1715 φ)
1125 1665 1294 1698 versus
1329 1650 1432 1696 223
1444 1664 1513 1711 sq.
1548 1648 1781 1695 cf.locum

31 1799 33 1801 -
99 1722 301 1781 Libanfi
337 1728 372 1773 t.
404 1725 456 1772 11
487 1726 707 1788 455,14.

210 1815 258 1859 p.
292 1800 414 1860 514,
432 1801 464 1846 4
513 1797 665 1847 οἰκίαι
712 1795 764 1847 δὲ
811 1798 866 1846 αἱ
908 1794 997 1861 μὲν
1042 1794 1357 1860 ἀνιστάμεναι
1402 1803 1488 1859 τῆς
1533 1794 1783 1859 παρούσης

98 1871 450 1937 φαιδρότητος,
501 1872 558 1921 αἱ
604 1869 655 1921 δὲ
703 1879 801 1920 τῶν
848 1870 1129 1936 ἔμπροσθεν
1174 1869 1363 1935 χρόνων
1408 1868 1461 1918 ἐν
1508 1872 1570 1936 τῷ
1612 1867 1782 1935 μετρίῳ

99 1943 261 2014 τρόπω
300 1945 353 1996 τό
392 1965 439 1996 τε
479 1944 806 2011 ὑπερήφανον
839 1944 1195 2010 διαφεύγουσαι
1234 1941 1315 1991 καὶ
1354 1942 1406 1992 τὸ
1446 1940 1767 2005 ἀνελεύθερον

23 2055 33 2083 3
98 2019 302 2068 Minime
341 2036 465 2082 opus
505 2024 579 2069 est
619 2037 728 2068 cum
773 2019 1034 2068 Croenerto
1074 2025 1168 2066 νῦν
1208 2021 1321 2065 ante
1361 2014 1672 2079 ἀνιστάμεναι
1710 2016 1782 2062 in-

4 2103 31 2158 ,fij
102 2107 272 2142 serere.
347 2095 478 2144 Nam
527 2098 723 2156 tempus
775 2095 897 2142 satis
950 2097 998 2141 et
1048 2092 1311 2154 participio
1359 2090 1631 2152 praesentis
1678 2085 1783 2135 ἀνι-

18 2171 28 2215 ζ
101 2165 331 2230 στάμεναι
377 2170 427 2216 et
471 2169 675 2217 vocibus
722 2175 808 2231 τῆς
854 2165 1107 2230 παρούσης
1154 2163 1477 2228 φαιδρότητος
1524 2162 1781 2210 indicatur.

2 2225 34 2323 j?

5 2352 34 2463 ἐ

4 2455 37 2509 :ff

0 2805 39 3094 ι

0 2587 39 2794 &tw-,5317
11 2516 33 2572 τί,
17 2442 33 2479 ρ)

212 2257 259 2303 p.
293 2242 416 2304 515,
435 2245 462 2291 7
508 2242 666 2307 ὥσπερ
713 2240 767 2290 έν
814 2239 1115 2307 δημοκρατία
1160 2245 1257 2286 τῶν
1304 2237 1469 2300 νόμων
1509 2235 1616 2283 ἴσον
1654 2232 1782 2297 μέτε-

15 2319 33 2331 ““
99 2327 233 2379 στιν,
283 2314 410 2364 οὕτω
459 2311 577 2381 παρ’
614 2312 734 2379 ἡμῖν
786 2313 1029 2378 ἰσομοιρία
1075 2331 1146 2371 τις
1196 2319 1291 2360 τῶν
1342 2309 1555 2374 ζεφύρου
1606 2311 1778 2356 καλῶν.

103 2386 234 2436 Voce
285 2388 373 2459 ἴσῳ
424 2406 575 2452 quam
622 2389 914 2438 Croenertus
966 2391 1077 2448 post
1129 2386 1236 2434 ἴσον
1286 2383 1591 2432 inserendam
1642 2386 1782 2444 putat

101 2463 349 2511 sententia.
388 2466 793 2525 corrumperetur.
873 2461 927 2509 Si
967 2460 1084 2522 quid
1125 2458 1401 2507 addendum
1441 2460 1581 2515 esset,
1619 2462 1783 2509 πᾶσιν,

101 2534 163 2582 de
210 2551 306 2597 quo
351 2537 452 2585 iam
499 2538 728 2585 Reiskius
776 2537 1038 2598 cogitavit,
1084 2535 1213 2581 inter
1262 2531 1425 2595 νόμων
1472 2534 1520 2578 et
1568 2528 1673 2577 ἴσον
1712 2529 1784 2575 in·

101 2622 324 2657 cererem.
399 2610 470 2659 At
507 2626 703 2659 necesse
741 2625 840 2658 non
878 2609 1087 2657 videtur.

214 2699 260 2745 p.
295 2685 501 2744 516,11
551 2681 634 2732 καὶ
674 2682 737 2746 δὴ
777 2689 1057 2744 σκοπῶμεν,
1105 2677 1170 2738 ὣς
1215 2675 1531 2741 τετραπλασία
1570 2682 1654 2739 τῆς
1694 2680 1785 2721 νῦν

104 2749 326 2818 Οὔσης
297 2775 360 2820 ἠν
398 2754 461 2806 ἂν
499 2754 531 2820 ἡ
564 2758 729 2821 πόλις,
775 2755 820 2804 εἰ
865 2754 931 2819 μὴ
975 2751 1130 2820 τρισὶν
1168 2750 1268 2816 ἤδη
1307 2749 1541 2815 πρότερον
1580 2746 1785 2811 καιρίοις

101 2824 348 2894 ἐβέβλητο.
422 2832 556 2879 Num
602 2832 879 2879 necessaria
926 2830 992 2877 sit
1039 2828 1319 2875 coniectura
1366 2839 1396 2871 a
1442 2839 1517 2870 me
1558 2823 1608 2868 in
1648 2824 1783 2868 textu

105 2904 326 2965 reposita
361 2905 571 2971 καιρίοις
609 2905 805 2952 dubitat
842 2901 1214 2950 Herwerdenus
1292 2898 1369 2944 Me
1415 2910 1608 2957 quoque
1647 2892 1785 2940 dubi·
