1992 3094
196 104 303 156 246
680 104 907 148 LIBANJI
939 104 1163 148 ORATIO
1195 104 1408 147 XXXVII

195 242 298 308 γὴν
352 239 621 308 ἀπῆλθες,
677 249 901 294 σκοπῶν
948 237 1008 292 δὲ
1061 240 1205 302 ὅπως
1255 238 1325 292 ἂν
1380 239 1615 308 ἀμύναιό
1670 260 1760 308 με,
1814 247 1888 312 τῷ

195 332 494 381 καταλῦσαι
556 329 650 390 τὰς
710 327 837 396 παρ’
875 327 1014 396 ἡμᾶς
1076 329 1330 390 εἰσόδους
1390 335 1553 380 τοῦτο
1615 327 1885 396 ἐποίησας.

198 418 280 469 14.
322 418 413 469 διὰ
452 419 527 481 τίς
569 418 636 469 οὐ
677 418 780 486 γὰρ
821 417 1026 470 ταύτὸν
1062 415 1331 478 Ἐλπίδιός
1369 436 1426 469 τε
1457 415 1547 469 καὶ
1583 419 1886 484 Πολυκλῆς.

196 503 313 558 οὐδ’
347 507 397 558 εἰ
434 506 533 573 τὴν
574 505 724 574 ὥραν
762 502 905 574 ἔφην
952 504 1166 558 ἐκεῖνον
1214 505 1619 571 ἀποδεδόσθαι,
1671 503 1758 557 καὶ
1809 504 1886 572 σε’,

152 614 170 645 5
198 591 327 646 οὐδὲ
366 594 426 646 τὸ
466 601 566 646 τοῦ
607 595 790 656 δεῖνος
829 593 890 646 ἐν
921 593 1092 664 Ῥώμῃ
1126 594 1447 656 κελεύοντος
1487 594 1627 647 ἰέναι
1660 606 1884 662 συγκοι-

194 685 506 750 μησόμενον
567 690 730 736 τοῦτο
793 679 863 752 ἦν
917 682 1298 750 Πολυκλέους,
1361 681 1480 735 οὐδ’
1513 684 1560 735 εἰ
1616 681 1884 735 δεδέσθαι

194 778 331 839 χρῆν
371 770 429 824 ἐκ
469 771 682 823 τούτων
721 769 911 843 ἐκείνῳ
951 772 1053 839 τὴν
1084 776 1349 839 γλῶτταν,
1389 772 1536 839 παρὰ
1574 779 1676 824 σοῦ
1718 772 1884 839 σιγὴν

194 859 522 929 ἀπῃτοῦμεν.
601 859 738 913 ἀλλά
776 860 880 929 γὰρ
922 859 1060 927 ὁρᾶν
1098 880 1191 926 μοι
1231 861 1333 928 τὴν
1371 861 1553 912 αἰτίαν
1591 868 1686 928 τῆς
1718 859 1887 928 ὀργῆς

197 949 356 1002 δοκῶ.
418 949 579 1001 κοινὰ
618 946 734 1001 κατ’
765 947 1111 1017 ἀμφοτέρων,
1151 948 1223 1011 ὡς
1263 950 1456 1017 ἔοικεν,
1496 945 1567 1016 ἦν
1602 947 1784 1001 ἐκεῖνα
1822 950 1889 1001 τὰ

129 1059 170 1088 10
195 1039 479 1105 λεγόμενα·
531 1042 657 1090 ἴσα
717 1033 834 1103 μὲν
894 1037 1050 1103 ὑμῖν
1105 1038 1178 1089 τὰ
1233 1040 1556 1106 λήμματα,
1620 1043 1756 1089 ἴσαι
1819 1038 1887 1089 δὲ

104 1137 312 1180 13211324
351 1126 602 1187 νύκτες·
656 1131 761 1178 ἴσα
799 1122 916 1194 μὲν
956 1124 1376 1195 ε’κερδάνατε,
1410 1127 1415 1194 Ι
1454 1131 1556 1178 ἴσα
1597 1123 1664 1178 δὲ
1704 1127 1888 1194 κεχά-

194 1218 399 1282 ρισθε.
462 1211 572 1285 ᾤου
608 1215 805 1267 Ιτοίνυν
845 1214 910 1267 οὐ
952 1214 1076 1283 περὶ
1116 1212 1331 1267 ἐκείνου
1371 1218 1583 1283 μᾶλλον
1615 1214 1647 1283 ἢ
1679 1222 1886 1267 σαυτοῦ

194 1310 362 1355 ταῦτα
410 1301 648 1357 ἀκούειν.
725 1302 815 1355 καὶ
864 1310 964 1355 τοῦ
1013 1299 1116 1372 μὲν
1154 1301 1260 1370 ἐγὼ
1301 1305 1663 1372 κατηγόρουν,
1715 1305 1784 1355 σὺ
1825 1300 1885 1356 δὲ

195 1398 417 1444 σαυτοῦ.
500 1391 582 1444 15.
638 1392 807 1445 ταύτὸ·
844 1390 896 1444 δ’
925 1393 995 1444 ἄν
1033 1412 1126 1460 μοι
1168 1392 1397 1444 δοκοῦσι
1435 1398 1658 1459 παθεῖν,
1707 1393 1754 1444 εἰ
1793 1390 1884 1444 καὶ

130 1501 169 1533 15
195 1483 417 1542 πλείους
463 1481 634 1534 ταύτὰ
679 1482 953 1543 παθόντες
1000 1479 1190 1552 ἐκείνῳ
1236 1489 1349 1532 τῶν
1395 1479 1707 1548 λεγομένων
1752 1498 1887 1548 παρ-

195 1569 347 1630 όντες
392 1570 620 1637 ἤκουον·
677 1574 961 1638 τρωθῆναι
1009 1570 1114 1637 γὰρ
1163 1567 1233 1622 ἂν
1279 1566 1376 1637 ὑφ’
1410 1567 1621 1621 ἑαυτῶν
1670 1567 1761 1621 καὶ
1809 1565 1888 1621 ὧν

197 1655 411 1719 ἑαυτοῖς
465 1658 793 1728 συνῄδεσαν.
873 1663 1031 1726 ἴσμεν
1086 1654 1146 1710 δὲ
1200 1656 1366 1710 ταύτὸ
1428 1656 1533 1710 κάν
1593 1666 1710 1720 ταῖς
1773 1657 1886 1710 ε’πι-

197 1743 395 1808 δείξεσι
434 1754 546 1799 τῶν
585 1747 767 1814 λόγων
806 1748 1154 1815 γιγνόμενον.
1229 1746 1258 1799 ὁ
1298 1743 1400 1814 μὲν
1439 1747 1543 1814 γὰρ
1583 1746 1681 1798 τὸν
1721 1748 1888 1813 λόγον

197 1832 554 1902 ἐργαζόμενος
607 1835 829 1902 δεηθεὶς
882 1836 1152 1887 τοιούτων
1198 1843 1368 1887 τινῶν
1415 1833 1690 1902 ἐμνήσθη,
1748 1835 1777 1887 ὁ
1826 1833 1891 1887 δέ

314 2042 339 2080 5
374 2037 430 2081 cf.
456 2053 501 2095 p.
521 2043 622 2094 240,
647 2045 695 2082 19
711 2053 777 2094 sq.

318 2235 339 2272 1
375 2227 434 2274 ἂν
465 2230 590 2274 inser
613 2231 670 2272 Ι3
791 2235 816 2273 2
851 2243 1032 2274 comma
1062 2244 1156 2273 non
1187 2231 1295 2286 post
1325 2246 1393 2286 με,
1427 2230 1507 2274 sed
1539 2230 1646 2285 post
1677 2228 1887 2278 εἰσόδους

197 2289 267 2332 Re
295 2292 300 2345 Ι
329 2289 582 2333 καταλύσαι
607 2291 636 2332 1
666 2289 747 2333 sed
779 2289 789 2304 '
825 2302 850 2333 e
873 2293 891 2302 ⁹
928 2303 1030 2332 con·
1054 2289 1123 2332 m³
1150 2291 1155 2345 Ι
1184 2289 1304 2346 ἡμᾶς
1335 2290 1380 2333 Α
1413 2289 1494 2332 sed
1526 2305 1595 2342 ας,
1627 2290 1680 2330 ut
1703 2287 1886 2332 videtur

197 2361 257 2392 ex
290 2365 354 2392 ων
387 2361 501 2401 corr,
533 2347 582 2391 in
606 2361 681 2391 ras
765 2347 896 2406 ἡμῶν
923 2348 960 2392 G
1033 2349 1151 2404 ὑμᾶς
1184 2349 1268 2392 Mo
1404 2352 1429 2391 3
1463 2345 1588 2391 διατί
1621 2347 1834 2391 PIMoV

193 2411 224 2448 4
258 2404 387 2462 cZQ'o'cv
420 2408 464 2451 A
492 2409 498 2463 1
527 2407 706 2452 ἐκεῖνον
739 2407 858 2463 ἔφην
883 2409 969 2452 Mo
997 2410 1002 2463 Ι
1031 2406 1302 2451 ἀποδόσθαι
1326 2408 1400 2450 Ρα
1431 2407 1479 2451 et
1510 2405 1654 2450 Cobet
1685 2405 1762 2448 1.1.
1795 2405 1886 2448 for-

200 2467 325 2509 tasse
356 2467 480 2509 recte
618 2470 643 2508 5
678 2465 787 2510 οὐδὲ
819 2466 870 2510 τὸ
903 2466 1067 2522 scripsi
1130 2463 1236 2509 οὐδ’
1265 2463 1370 2521 (εἶδ’
1401 2467 1490 2521 Ρα)
1524 2465 1564 2508 εἰ
1594 2465 1703 2508 libri
1735 2464 1826 2507 edd

200 2525 300 2578 „hie
330 2526 428 2568 sine
459 2525 597 2567 dubio
629 2539 667 2567 υ.
703 2524 941 2581 ἐμνήσθην
981 2526 1293 2569 desideratur“
1326 2524 1395 2568 Re
1576 2528 1599 2566 7
1649 2523 1827 2567 ἐκεῖνον
1858 2523 1892 2564 Ι

197 2612 331 2670 Bong
452 2617 477 2655 8
510 2586 798 2668 ἀπάιιτοῦμεν
830 2614 904 2658 La
966 2614 1253 2668 ἀπαιτοῦμεν
1283 2612 1352 2656 Re
1490 2616 1543 2655 10
1576 2611 1654 2655 ἴσα
1686 2603 1732 2654 P
1759 2611 1839 2655 sod
1872 2609 1882 2622 '

197 2671 247 2714 in
270 2685 346 2716 ras
372 2671 441 2714 m⁸
468 2674 474 2727 Ι
503 2667 600 2714 ἶσαι
627 2672 710 2716 Mo
834 2677 883 2714 11
922 2673 1107 2723 „malim
1139 2670 1188 2715 αἱ
1221 2671 1410 2721 νύκτες“
1436 2671 1504 2714 Ro
1530 2671 1538 2726 1
1566 2670 1643 2714 ἴσα
1675 2669 1781 2725 (bis)
1814 2669 1885 2713 ΡΙ

199 2729 280 2774 sed
314 2729 325 2743 '
358 2743 382 2774 e
414 2734 432 2742 '⁴
467 2743 569 2774 corr
600 2729 730 2774 P³1³
780 2733 784 2785 i
835 2731 1016 2784 „malim
1059 2727 1103 2773 δ’
1135 2729 1436 2787 ἐκεχάρισθε“
1476 2730 1544 2774 Re
1635 2745 1684 2772 κε
1717 2728 1883 2782 ἀρισθε

199 2788 647 2845 plusquamperfecti
690 2788 886 2832 formam
930 2790 1050 2832 dixit
1089 2789 1417 2833 Boissonadius
1453 2788 1560 2832 Not.
1594 2789 1641 2831 ei:
1711 2789 1795 2830 xtr.
1822 2785 1883 2828 XI

202 2854 243 2901 2,
264 2852 347 2890 154
486 2852 538 2890 12
573 2842 692 2901 ἦσαν
723 2854 804 2891 τοῦ
839 2848 922 2892 Mo
1061 2853 1113 2890 13
1145 2855 1291 2891 ταῦτα
1315 2874 1371 2879 -
1399 2853 1451 2890 15
1484 2844 1669 2896 πλείους
1700 2860 1774 2889 om
1802 2846 1885 2889 Mo

264 2911 316 2949 14
350 2906 400 2950 δὲ
433 2906 501 2950 Re
529 2909 534 2962 Ι
563 2905 608 2950 οἱ
639 2906 823 2962 IBong
947 2911 999 2949 16
1033 2904 1091 2950 ἂν
1125 2921 1199 2950 om
1227 2908 1310 2951 Mo
