1992 3094
456 114 685 159 LIBANII
716 114 940 159 ORATIO
973 115 1092 161 PRO
1124 116 1510 163 RHETORIBUS
1725 120 1828 172 133

141 250 355 313 ἑκόντες
393 253 841 320 συγκεχωρήκατε
872 251 1055 319 κύριοι
1087 254 1218 316 τοὺς
1250 255 1473 323 ἔχοντας
1504 255 1660 317 ὄντες
1699 254 1828 324 ἀφε-

140 339 352 393 λέσθαι.
433 339 514 391 17.
570 341 700 402 τοὺς
752 336 856 408 μὲν
908 335 1014 394 οὖν
1066 344 1283 410 μείζους
1335 342 1633 413 ὑμετέρους
1687 339 1830 396 εἶναι

140 431 225 483 δεῖ
269 437 380 481 τῶν
426 427 840 481 ἀναλισκόντων
885 429 975 482 καὶ
1023 430 1415 500 χορηγούντων
1464 429 1555 484 καὶ
1600 436 1830 495 πολλαῖς

139 518 431 584 δαπάναις,
484 526 601 579 ταῖς
647 516 749 585 μὲν
787 515 1122 586 ἑγκυκλίοις,
1176 527 1295 581 ταῖς
1341 516 1402 572 δὲ
1439 528 1655 582 καιναῖς
1692 520 1828 573 ὑπα-

137 607 431 660 κουόντων.
507 603 567 658 ἐκ
613 602 675 658 δὲ
720 614 832 659 τῶν
878 604 1187 660 ἐλαττόνων
1234 608 1358 660 δότε
1402 616 1518 670 τοῖς
1563 608 1829 678 ῥήτορσιν
1875 631 1894 663 5

138 693 477 749 ἀναπνεῦσαι
531 691 623 747 καὶ
677 695 939 762 ποιήσατε
993 696 1089 757 τὰς
1141 696 1321 765 ψυχὰς
1374 696 1564 759 αὐτοῖς
1615 696 1830 765 ὑψηλὰς

139 793 249 837 τῶν
285 782 351 836 οὐ
391 783 870 853 λειτουργούντων
900 781 1228 851 ἀξιωτέρους
1258 785 1458 838 τούσδε
1490 787 1830 854 νομίσαντες,

139 871 236 935 οὓς
274 876 330 924 εἴ
360 890 444 934 τις
483 873 620 940 φαίη
661 875 1022 941 λειτουργεῖν,
1076 877 1206 935 ἴσως
1244 873 1345 926 οὐκ
1385 872 1456 927 ἂν
1502 873 1755 942 ἁμάρτοι,
1795 873 1828 942 ἢ

137 959 338 1031 μέρους
383 969 496 1013 τῶν
538 961 720 1014 ὄντων
758 960 908 1030 ὑμῖν,
955 962 1003 1014 εἰ
1048 960 1211 1015 τοῦθ’
1240 963 1420 1031 ἥδιον,
1470 966 1477 1028 Ι
1526 962 1659 1015 ἀπο·
1712 975 1915 1019 RH212

139 1049 387 1117 στάντες,
426 1049 646 1112 πάντως
685 1046 746 1102 δὲ
784 1050 1045 1118 μετάδοτε
1084 1059 1196 1103 τῶν
1234 1050 1436 1120 ἀγρῶν.
1505 1050 1633 1121 παρ’
1664 1047 1743 1104 ὧν
1781 1052 1831 1104 εἰ
1855 1070 1897 1102 ιο

139 1137 229 1191 καὶ
279 1139 483 1207 λεπτὴν
521 1130 706 1202 ἕξουσι
752 1139 854 1207 τὴν
901 1137 1240 1210 ἐπικουρίαν,
1296 1139 1434 1192 ἀλλά
1477 1147 1577 1193 τοῦ
1625 1160 1686 1209 γε
1730 1160 1831 1208 μη-

140 1226 300 1290 δενὸς
344 1227 406 1280 τὸ
445 1229 647 1297 μικρὸν
686 1228 930 1296 ἄμεινον.
1010 1227 1092 1280 18.
1149 1227 1220 1281 ἂν
1264 1229 1489 1297 ταύτης,
1545 1224 1587 1281 ὦ
1633 1229 1832 1297 ἄνδρες

139 1319 379 1384 πολῖται,
429 1316 634 1385 τύχωσι
681 1323 777 1385 τῆς
814 1318 1104 1385 βοηθείας,
1157 1318 1214 1370 οἱ
1248 1313 1350 1385 μὲν
1389 1318 1467 1379 εἰς
1504 1320 1736 1386 τροφήν,
1777 1318 1830 1370 οἱ

139 1403 254 1458 νέοι
293 1401 354 1457 δὲ
394 1405 472 1467 εἰς
511 1407 712 1473 λόγους
757 1403 977 1458 ἔσονται
1025 1406 1420 1474 κεκερδακότες.
1497 1405 1676 1475 ὥσπερ
1725 1407 1829 1474 γὰρ

138 1493 256 1561 ἥτις
308 1494 532 1563 ὄμβρων
586 1492 853 1547 ἀπολαύει
906 1494 1056 1564 χώρα
1106 1495 1397 1562 γενναίους
1451 1492 1542 1546 καὶ
1591 1495 1832 1556 πολλοὺς
1855 1513 1896 1546 15

139 1581 445 1635 ἀποδίδωσι
491 1583 622 1645 τοὺς
672 1583 943 1653 καρπούς,
998 1584 1053 1636 οἱ
1104 1583 1165 1636 δὲ
1219 1581 1418 1652 αὐχμοὶ
1472 1590 1592 1644 ταῖς
1641 1591 1831 1650 γοναῖς

140 1668 535 1724 ἐναντιοῦσθαι
573 1671 905 1740 πεφύκασιν,
946 1671 1090 1724 οὕτω
1122 1679 1238 1734 τοῖς
1267 1671 1633 1724 παιδεύουσιν
1663 1670 1696 1739 ἡ
1726 1667 1829 1737 μὲν

139 1758 278 1827 ὑπὲρ
325 1769 438 1813 τῶν
475 1758 791 1828 ἀναγκαίων
844 1758 1078 1829 φροντὶς
1124 1759 1464 1830 ἀποφράττει
1513 1760 1614 1828 τὴν
1663 1764 1832 1827 γλῶτ-

140 1867 256 1916 ταν,
295 1847 328 1916 ἡ
369 1848 431 1902 δὲ
469 1858 582 1902 τῶν
615 1847 940 1918 ἐπιτηδείων
972 1848 1225 1917 ἀφθονία
1257 1851 1611 1919 προκαλεῖται
1642 1848 1830 1915 πηγάς.

142 1936 352 1989 οὐκοῦν
388 1931 469 1992 ὧν
507 1938 710 1991 δώσετε
758 1939 919 2005 μείζω
960 1940 1204 2007 λήψεσθε
1242 1938 1333 1990 καὶ
1372 1937 1464 1990 διὰ
1503 1938 1658 1989 σίτου
1697 1940 1828 2005 βρα-
1854 1956 1898 1989 20

139 2023 261 2093 χέος
300 2024 501 2079 ἀνθεῖν
537 2027 980 2097 παρασκευάσετε
1018 2027 1118 2079 τὸν
1158 2030 1397 2095 λειμῶνα
1434 2035 1546 2078 τῶν
1585 2026 1792 2093 λόγων;

256 2113 336 2167 19.
387 2116 462 2168 Τί
498 2115 628 2180 δαί;
669 2117 836 2185 φήσει
869 2136 969 2184 τις,
1010 2113 1155 2184 οὐχὶ
1195 2115 1306 2177 τὰς
1345 2112 1686 2177 συντάξεις
1724 2107 1832 2165 οὗ-

260 2264 286 2303 3
334 2263 409 2306 δεῖ
436 2262 472 2305 Ι
512 2261 594 2305 sed
633 2267 677 2304 εῖ
713 2274 768 2305 ex
808 2260 836 2317 ὴ
877 2275 979 2304 corr
1009 2259 1078 2302 m³
1127 2263 1132 2314 Ι
1183 2260 1262 2303 καὶ
1300 2258 1625 2317 χορηγούντων
1665 2271 1739 2301 om
1765 2258 1831 2300 Re

201 2323 227 2361 4
260 2319 499 2372 δαπάναις
525 2320 562 2365 Ο
590 2320 672 2364 sed
705 2337 754 2363 αι
785 2320 834 2362 in
858 2333 934 2363 ras
961 2324 985 2362 2
1011 2318 1091 2362 litt
1113 2319 1182 2362 m'
1210 2321 1216 2375 Ι
1244 2318 1324 2362 καὶ
1356 2319 1466 2362 ante
1493 2324 1679 2367 καιναῖς
1709 2317 1833 2360 inser
1903 2370 1917 2376 ,ι

141 2377 210 2422 Re
271 2378 348 2422 del
372 2379 585 2424 Monnier
707 2384 732 2422 5
765 2381 874 2422 ante
900 2379 949 2424 ἐκ
972 2378 1143 2422 lacuna
1169 2383 1193 2421 2
1219 2379 1266 2420 et
1288 2391 1365 2421 ras
1383 2382 1408 2420 3
1433 2376 1513 2420 litt
1529 2378 1560 2420 Ι
1671 2380 1721 2418 11
1750 2383 1831 2418 τοῦ

143 2462 203 2468 -
226 2441 278 2481 12
310 2437 501 2493 ἄμεινον
532 2438 802 2495 praemissis
826 2438 979 2482 verbis
1016 2441 1110 2480 Τοῦ
1141 2437 1260 2493 πρὸς
1290 2437 1519 2493 ἀντιοχεῖς
1549 2434 1664 2489 ὑπὲρ
1698 2432 1830 2490 ρητό-

144 2526 257 2565 cmv:
289 2510 382 2569 λόγ.
407 2503 458 2571 {B
488 2512 607 2556 citat
629 2511 790 2556 Macar
814 2511 893 2555 fol.
912 2515 992 2555 89v
1115 2515 1167 2553 11
1203 2525 1252 2566 γε
1285 2523 1361 2553 om
1386 2508 1545 2552 Macar
1665 2513 1717 2551 12
1752 2508 1831 2550 καὶ

143 2569 194 2612 τὸ
224 2569 386 2614 Macar
538 2576 593 2614 14
624 2570 956 2626 κεκερδακότες
987 2572 1032 2614 Α
1065 2570 1146 2613 sed
1177 2570 1286 2625 post
1316 2585 1347 2611 α
1382 2574 1404 2611 1
1437 2567 1517 2611 litt
1546 2569 1638 2624 (γῖ)
1671 2579 1772 2611 eras

146 2631 200 2671 15
235 2628 369 2680 εἴτις
390 2631 474 2675 IV
490 2632 610 2687 <Par
640 2631 720 2674 sed
746 2629 775 2686 ἡ
802 2643 1018 2686 suprascr
1040 2628 1126 2685 rn')
1154 2629 1160 2686 Ι
1188 2627 1416 2672 ἀπολαύει
1438 2626 1625 2683 reposui
1650 2638 1674 2669 e
1698 2624 1831 2669 libris

144 2686 392 2741 (ἀπολαύοι
425 2690 486 2745 V)
563 2689 778 2747 ἀπολαύῃ
810 2690 910 2733 Par
941 2688 1032 2732 edd
1163 2692 1216 2730 16
1250 2683 1295 2731 δ’
1332 2686 1400 2729 Re
1523 2689 1577 2728 17
1610 2685 1688 2727 καὶ
1721 2686 1831 2728 ante

143 2752 240 2797 τοῖς
275 2747 400 2791 inser
429 2747 497 2792 Re
559 2748 710 2792 delevi
834 2752 888 2791 18
921 2745 1211 2802 ἀποφράττει
1242 2745 1408 2802 scripsi
1439 2743 1542 2788 coll.
1567 2744 1588 2786 I
1620 2747 1720 2796 259,
1745 2747 1770 2785 6

143 2804 423 2862 ἀποστρέφει
453 2806 562 2851 libri
595 2807 686 2850 edd
814 2811 870 2850 >19
902 2807 1228 2861 προςκαλεῖται
1262 2805 1305 2849 V
1332 2807 1338 2860 Ι
1366 2802 1521 2860 ψυχὰς
1554 2802 1638 2846 Mo
1670 2801 1752 2869 sed·
1783 2802 1829 2868 ili

143 2876 276 2966 &lagg
305 2865 498 2970 πηῖἒάῧέ
528 2866 858 2969 ΒΞῙΙΝῗίςιιιιω
889 2863 1268 2921 interrogationis
1291 2862 1441 2920 posui,
1473 2863 1698 2918 punctum
1721 2859 1833 2903 hbn

140 2933 169 2964 Θ
697 2939 748 2969 or
