1992 3094
179 138 283 190 176
672 135 898 179 LIBANII
929 133 1153 179 ORATIO
1186 134 1376 178 XXXIII

175 278 364 341 θασιν,
419 272 555 325 ἀλλὰ
596 272 688 324 διὰ
734 271 966 333 τούτους
1011 289 1073 339 γε
1112 268 1202 323 καὶ
1251 275 1307 329 εἴ
1348 290 1430 332 τις
1477 270 1665 338 ἄλλος,
1721 270 1864 334 ὅπως

177 363 236 414 τὸ
276 362 489 414 τούτων
529 361 878 428 συσκιάζηται
917 358 1008 412 καὶ
1047 360 1118 427 μὴ
1160 361 1285 412 λίαν
1323 357 1559 427 ἔκδηλον
1597 353 1647 428 ᾗ.

289 449 373 501 21.
421 443 533 518 Ἆρ’
566 444 670 501 οὖν
710 448 771 501 ἐν
808 456 926 510 ταῖς
966 446 1054 501 ἐπὶ
1100 457 1212 500 τῶν
1259 449 1628 517 δικαστηρίων
1673 447 1865 517 ὕβρεσι

178 539 279 606 τὴν
323 538 620 607 παροινίαν
666 535 917 605 ἔστησεν;
974 536 1159 607 ἐξεῦρε
1205 536 1307 603 μὲν
1354 532 1458 589 οὖν
1497 536 1530 589 ἃ
1569 535 1758 605 μηδεὶς
1797 535 1867 591 ἂν

137 648 155 680 5
182 626 364 696 ἕτερος
397 626 739 695 ἐνεθυμήθη,
775 628 875 679 τὸν
906 624 967 679 ἐν
998 627 1204 696 Βεροίᾳ
1234 626 1403 695 ταύτῃ
1437 626 1604 694 δεῦρο
1638 624 1867 688 καλέσας

178 716 310 782 μετά
355 735 413 768 τε
460 725 570 769 τῶν
616 714 913 768 ὑπἀὐτοῦ
959 714 1315 784 τρεφομένων
1360 715 1579 783 θηρίων
1624 712 1715 767 καὶ
1757 723 1869 767 τῶν

179 802 261 856 ἐπ’
293 804 429 856 αὐτὰ
468 803 905 873 μεμισθωμένων
951 802 1188 873 ἀνδρῶν.
1265 801 1355 855 καὶ
1405 799 1536 871 ἧκεν
1582 803 1734 870 ἄγων
1779 803 1870 873 ἄρ·

179 911 342 955 κτους
387 912 446 944 τε
497 893 589 946 καὶ
642 891 940 961 παρδάλεις
992 892 1082 944 καὶ
1138 893 1266 954 τοὺς
1320 891 1534 944 τούτων
1586 888 1717 944 ποτε
1769 887 1870 958 μὲν

91 993 195 1037 RII
211 997 296 1037 253
336 979 686 1049 ἡττημένους,
722 980 728 1049 Ι
763 979 895 1032 ποτὲ
934 976 994 1033 δὲ
1033 981 1429 1048 κεκρατηκότας
1467 978 1558 1032 καὶ
1598 975 1668 1048 ἦν
1704 978 1870 1048 μέγας
1947 1047 1955 1052 ἦ

116 1091 158 1124 ιο
181 1077 244 1139 τῇ
285 1068 594 1139 βραχυτέρα
640 1070 740 1137 τὴν
778 1071 937 1138 μείζω
977 1078 1149 1122 νικῶν
1194 1071 1379 1122 πόλιν·
1433 1067 1523 1121 καὶ
1563 1070 1666 1137 γὰρ
1709 1070 1756 1121 εἰ
1793 1070 1871 1122 τί-

181 1179 309 1226 μιον
349 1157 410 1210 ἐν
440 1166 505 1228 τῇ
539 1160 741 1227 Βεροίᾳ
772 1159 833 1211 τὸ
867 1166 1044 1227 χρῆμα
1075 1167 1187 1210 τῶν
1219 1159 1416 1226 λόγων,
1457 1155 1576 1210 ἀλλ’
1607 1158 1708 1210 οὐκ
1748 1158 1872 1210 ἴσον

181 1248 279 1315 ἥδε
311 1247 548 1315 κάκείνη.
604 1245 844 1315 ἐβούλετ’
878 1242 982 1300 οὖν
1014 1245 1232 1315 ἐκείνην
1262 1245 1510 1302 ,ἐνταῦθα
1540 1247 1676 1299 κατὰ
1705 1247 1872 1314 τῆσδε

181 1337 448 1402 κωμάζειν
501 1333 591 1388 καὶ
645 1336 746 1403 τὴν
798 1336 1011 1404 βουλὴν
1066 1342 1159 1403 τῆς
1211 1337 1418 1403 βουλῆς
1471 1329 1612 1389 εἶναι
1677 1337 1871 1403 βελτίω

184 1425 369 1478 δοκεῖν
407 1421 498 1477 καὶ
538 1432 602 1494 τῇ
642 1425 744 1493 μὲν
790 1421 932 1478 εἶναι
979 1423 1116 1493 μέγα
1163 1422 1414 1494 φρονεῖν,
1469 1425 1571 1493 τὴν
1619 1421 1678 1477 δὲ
1724 1443 1873 1478 τετα-

119 1536 160 1568 15
184 1518 491 1566 πεινῶσθαι
530 1511 620 1566 καὶ
660 1512 951 1581 γεγονέναι
990 1514 1192 1583 μικρὰν
1229 1514 1320 1566 καὶ
1361 1511 1744 1582 ἐξεληλέγχθαι
1782 1511 1872 1566 καὶ

184 1598 319 1670 μηδὲ
359 1600 659 1671 ἐλεύθερον
692 1605 837 1671 ἔχειν
866 1601 1107 1669 βλέπειν.
1183 1602 1269 1654 22.
1311 1602 1462 1664 ὅστις
1498 1598 1603 1655 οὖν
1641 1603 1743 1670 τὴν
1772 1599 1874 1671 μὲν

183 1691 405 1759 πρώτην
451 1696 733 1761 καθαιρεῖ,
787 1692 887 1759 τὴν
927 1687 987 1743 δὲ
1036 1687 1166 1743 οὐδὲ
1217 1689 1484 1758 δευτέραν
1524 1689 1733 1759 ἐπαίρει
1783 1691 1871 1744 καὶ

183 1778 405 1848 παρέχει
458 1781 881 1847 προπηλακίζειν
934 1780 1034 1847 τὴν
1089 1777 1285 1847 ἑαυτῆς
1337 1781 1558 1848 βελτίω,
1620 1781 1720 1833 τὸν
1774 1780 1873 1833 σὸν
1944 1772 1950 1780 ’

186 1864 352 1920 οὐδεν
391 1863 553 1930 οὗτος
591 1860 747 1920 οἶκον
785 1866 985 1931 ἄδικεῖ;
1034 1869 1099 1920 τὰ
1137 1866 1365 1935 μέγιστα
1403 1887 1505 1936 μεν
1545 1863 1665 1936 οὖν,
1706 1873 1760 1920 εἴ
1793 1887 1875 1929 τις

120 1977 163 2010 20
187 1954 424 2026 ἀκριβῶς
470 1958 754 2024 λογίζοιτο.
831 1955 1088 2024 ἐπέμφθη
1140 1958 1243 2026 γὰρ
1292 1956 1359 2008 οὐ
1408 1955 1781 2026 συνταράξων,
1832 1951 1872 2011 ὦ

309 2151 359 2189 11
395 2146 451 2189 cf.
477 2162 521 2202 p.
544 2151 641 2201 127,
662 2152 729 2190 16.
761 2146 834 2189 b.I
858 2151 958 2200 502,
977 2150 1002 2188 9

310 2328 331 2365 1
365 2339 412 2366 τε
445 2323 546 2366 Μο1·
588 2325 592 2378 Ι
636 2323 772 2373 ἄλλος
801 2321 989 2367 πένεται
1023 2323 1126 2367 coni
1158 2324 1225 2366 Re
1250 2323 1390 2366 Anim
1523 2327 1548 2366 3
1583 2323 1650 2380 έν]
1677 2322 1753 2366 ἐπὶ
1790 2321 1869 2366 Β

190 2381 266 2426 ἐπὶ
297 2395 371 2424 0111
397 2382 442 2424 Β
562 2387 588 2425 4
620 2380 850 2438 πονηρίαν
874 2379 951 2425 Re
969 2385 974 2439 Ι
1003 2380 1063 2426 ἂν
1087 2397 1163 2426 om
1186 2380 1299 2439 Vl
1283 2399 1343 2425 αν
1377 2381 1602 2439 ἕτερος]’“’
1574 2398 1724 2436 ετερος
1755 2379 1814 2426 ἂν
1842 2381 1877 2425 Ο

250 2446 275 2484 5
309 2438 497 2514 βερροία
522 2442 602 2484 IV
622 2441 677 2484 of.
703 2441 733 2483 1.
756 2446 831 2494 113
863 2457 907 2509 p.
936 2446 1006 2496 50
1026 2446 1101 2495 13;
1144 2445 1212 2496 99,
1231 2445 1278 2495 4,
1315 2446 1413 2494 177,
1432 2445 1457 2483 6
1486 2441 1492 2498 Ι
1519 2443 1878 2496 λειτουργοῦντα

188 2501 296 2556 post
327 2498 488 2560 βεροίᾳ
519 2500 743 2543 excidisse
777 2501 880 2544 coni
908 2501 1174 2544 Monnerius
1297 2504 1321 2542 6
1354 2516 1401 2543 τε
1432 2500 1499 2543 Re
1561 2515 1611 2557 γε
1642 2499 1750 2543 libri
1775 2499 1875 2542 Mor

251 2593 274 2631 7
308 2587 674 2645 μισθωσαμένων
708 2590 751 2632 Β
873 2594 897 2631 9
931 2562 1219 2644 ἡττωμένους
1249 2589 1386 2632 ΑΡΒ
1399 2589 1467 2632 Va
1528 2586 1817 2644 ἡττωμένους
1846 2586 1880 2630 Ι

190 2647 292 2691 Mor
415 2652 467 2691 10
499 2646 630 2691 πόλει
653 2649 688 2692 Ι
804 2652 855 2690 11
890 2646 1078 2721 βερροία
1109 2649 1192 2692 IV
1227 2651 1232 2703 Ι
1271 2665 1325 2704 γρ
1352 2646 1530 2704 ἀλόγων
1564 2646 1873 2690 Gothofredus

192 2704 299 2750 cod.
318 2706 491 2750 Theod.
510 2703 652 2761 XV5
666 2712 687 2749 1
717 2708 724 2763 Ι
752 2706 854 2750 ἴσον
878 2709 924 2751 Ρ
953 2704 1078 2750 sed''
1103 2707 1153 2750 in
1174 2719 1250 2750 ras
1268 2706 1336 2748 m³
1399 2702 1500 2749 ἶσον
1531 2706 1577 2748 Β
1701 2710 1752 2748 12
1785 2703 1872 2759 ἤδη

191 2763 383 2824 κάκείνῃ
416 2765 517 2809 Mor
543 2767 549 2822 Ι
577 2765 787 2823 ἐβούλετο
818 2767 854 2808 Ι
1021 2770 1074 2809 13
1107 2763 1310 2822 κομίζειν
1343 2765 1412 2809 Va
1435 2764 1536 2807 Mor
1562 2766 1568 2820 Ι
1596 2759 1718 2807 εἶναι
1749 2778 1823 2807 om
1847 2762 1882 2807 I

253 2830 306 2868 14
337 2842 391 2881 τη
423 2826 469 2869 Ρ
498 2824 579 2867 sed
603 2828 621 2836 ”
656 2839 869 2879 suprascr
892 2825 973 2878 m4,
1000 2826 1034 2868 I
1066 2827 1071 2880 Ι
1098 2841 1182 2880 την
1214 2825 1260 2867 Ρ
1287 2824 1401 2867 sed
1445 2837 1659 2879 suprascr
1682 2822 1764 2877 m⁴,
1787 2823 1823 2865 Ι
1931 2864 1934 2867 .

195 2888 248 2926 15
283 2882 484 2941 ἐξεληλέχ
487 2886 576 2926 θαι
609 2883 653 2926 Β
686 2883 787 2926 Mor
910 2889 962 2926 16
995 2883 1054 2939 μὴ
1088 2883 1139 2926 δὲ
1173 2883 1260 2926 ΡΒ
1321 2881 1465 2939 μηδὲν
1500 2882 1543 2926 V
1667 2886 1720 2924 17
1753 2881 1808 2924 οὐ
1832 2880 1878 2924 Ρ

195 2943 275 2984 sed
307 2943 357 2986 δὲ
390 2943 482 2985 add
506 2942 589 2995 m·⁹'‚
615 2942 740 2986 BVa
765 2941 865 2985 Mor
987 2946 1040 2985 18
1071 2942 1124 2986 τὸ
1148 2943 1184 2985 Ι
1300 2948 1352 2984 19
1383 2939 1631 2997 ταμέγιστα
1663 2941 1697 2983 Ι
