1992 3094
26 427 46 453 g.

29 462 50 493 {z-

22 646 44 849 Ξ

14 865 40 1048 3³

26 115 51 162 *

29 191 49 236 (ἔ

25 291 47 316 1-

25 324 45 349 s

683 117 1023 164 PRAEFATIO
1057 119 1287 165 CRITICA
1680 124 1825 168 XXIX

134 253 333 309 ’κείνων
364 251 640 323 ἡσυχίας)“.
701 259 855 306 Error
886 275 1000 307 vero
1032 259 1222 308 Reiskii
1251 261 1364 309 inde
1400 265 1537 311 ortus
1569 266 1657 323 est,
1697 264 1826 325 quod

140 350 199 398 με
236 335 290 381 111
329 331 544 381 editione
574 331 868 380 Morelliana
907 334 1056 393 deest,
1097 334 1227 395 quod
1267 334 1501 383 adnotare
1541 352 1638 384 non
1669 339 1824 385 omisi.

250 423 298 470 p.
333 407 454 467 275,
474 407 504 453 8
553 402 677 470 ὑπὲρ
725 402 776 454 δὲ
823 413 920 454 τῶν
966 405 1098 469 ἐμῶν
1139 403 1328 456 τοσοῦτ’
1365 406 1557 473 ἀπέχετε
1595 417 1681 458 τοῦ
1719 429 1826 458 τινα

27 502 46 545 ³⁴.
137 480 297 531 πόνον
335 477 642 545 ὑπενεγκεῖν,
690 478 808 527 ὅσον
847 474 955 528 οὐδ’
993 477 1055 528 ἂν
1094 478 1344 539 εὔξασθαι.
1419 482 1590 531 Lectio
1629 478 1821 532 τοσαῦτ’

146 581 207 589 -
237 549 311 603 ὅσ’
354 570 504 617 quam
548 553 865 602 Schenkelius
905 570 935 601 a
973 554 1214 603 librorum
1251 556 1485 604 memoria
1524 558 1826 605 commenda-

24 624 44 700 J·
139 630 324 677 tionem
362 628 542 676 habere
579 643 838 690 perperam
878 628 1004 676 dixit
1035 655 1105 661 —
1141 645 1256 677 nam
1294 625 1483 700 τοσοῦτ’
1526 634 1600 678 est
1637 632 1689 678 in
1728 648 1827 679 om-

0 746 1 757 ,
42 740 45 746 .
139 702 285 752 nibus
334 701 476 750 libris
527 704 728 765 excepto
775 703 813 748 I
853 703 903 750 01
952 702 994 750 is
1045 702 1195 751 habet
1244 710 1476 751 τοσοῦτον
1515 731 1586 736 -
1626 705 1687 752 ab
1737 720 1827 753 usu

16 794 43 829 ἐ
140 776 415 825 Libaniano
454 791 655 838 prorsus
695 776 941 824 abhorret.

250 867 298 913 p.
325 851 528 910 27⁵,14
562 848 643 898 διὰ
674 844 808 898 ταῦτ’
838 846 934 914 ἄρα
964 850 1198 914 προσήκει
1231 867 1286 913 με
1317 848 1466 915 ἐρεῖν,
1527 851 1621 899 Pro
1653 852 1828 899 ultimo

142 924 289 973 verbo
321 923 680 972 Herwerdenus
712 923 923 972 scribere
955 926 1115 972 voluit
1146 922 1313 989 λέγειν,
1350 925 1480 986 quod
1512 941 1602 989 ego
1636 942 1829 987 quoque

43 1048 46 1057 ,
137 998 411 1060 aliquando
451 1000 617 1046 animo
656 1014 766 1046 meo
799 999 948 1059 volvi,
990 999 1073 1046 sed
1106 998 1263 1045 abieci
1297 1000 1514 1046 monitus
1545 999 1665 1047 locis
1697 1002 1731 1046 1.
1755 999 1830 1046 ΠΙ

23 1092 46 1139 ⁵.
141 1073 308 1133 85,14
338 1071 422 1120 δεῖ
435 1071 607 1120 τοίνυν
632 1070 693 1121 οὐ
719 1074 903 1135 μᾶλλον
926 1070 1127 1121 εἰσιέναι
1151 1075 1418 1136 συγχωρεῖν
1442 1070 1524 1120 διὰ
1547 1070 1631 1120 τὸν
1655 1071 1830 1136 χρόνον

139 1143 174 1210 ἢ
212 1145 451 1195 κωλύσειν
497 1143 580 1194 διὰ
622 1144 738 1204 τοὺς
776 1144 1129 1210 ἠδικημένους;
1176 1146 1406 1207 Dionysii
1443 1146 1556 1193 Hal.
1589 1147 1725 1194 Dem.
1759 1147 1826 1193 46

140 1236 188 1282 p.
214 1219 474 1280 231‚25U
504 1218 563 1268 τὰ
601 1218 747 1268 λοιπὰ
778 1213 848 1268 ὧν
879 1219 933 1269 ἐν
971 1218 1093 1288 ἀρχῇ
1134 1218 1428 1283 προύθέμην
1466 1218 1592 1283 ἐρεῖν
1624 1220 1830 1281 aliisque

139 1309 265 1356 quos
297 1293 577 1342 Schmidius
608 1294 763 1343 Attio.
787 1294 813 1342 Ι
840 1296 930 1355 96;
961 1295 1014 1342 H
1039 1296 1133 1355 513
1164 1293 1375 1341 IV606.
1403 1295 1506 1341 619
1541 1294 1755 1356 collegit.

252 1385 299 1431 p.
328 1370 494 1428 277,4
527 1367 572 1417 εἰ
601 1366 690 1432 μέν
721 1386 766 1416 τι
803 1366 991 1433 γε’νοιτο
1027 1366 1231 1431 βέλτιον,
1271 1365 1494 1432 με’γιστον
1533 1364 1585 1415 δὲ
1623 1364 1654 1430 ἡ
1694 1366 1829 1430 τύχη,

141 1445 243 1500 τοῖς
279 1442 560 1507 πράγμασιν
599 1440 805 1506 ἕψομαι·
845 1442 891 1490 εἰ
928 1436 973 1490 δ’
1010 1441 1131 1506 ἅπερ
1170 1441 1301 1503 νυνί,
1340 1438 1489 1504 με’νει,
1527 1445 1628 1499 τοῖς
1652 1439 1831 1502 ,αὐτοῖς

143 1515 307 1580 δήπου
360 1515 614 1581 χρήσομαι.
705 1517 819 1564 Non
870 1516 1159 1579 refragabor
1211 1515 1537 1563 Herwerdeno
1599 1514 1830 1562 scribenti

143 1594 290 1653 μενεῖ,
328 1607 631 1653 quamquam
665 1591 716 1638 in
748 1590 1051 1653 temporibus
1084 1606 1236 1651 aeque
1269 1591 1419 1651 atque
1449 1587 1607 1636 modis
1638 1589 1828 1635 varian-

140 1663 219 1712 dis
257 1664 523 1712 Libanium
561 1665 658 1713 sibi
695 1665 889 1727 placere
927 1664 1062 1712 haud
1100 1663 1455 1727 neglegendum
1494 1665 1580 1710 est.

256 1737 391 1794 Quae
430 1754 583 1787 causa
620 1740 719 1786 fuit
758 1755 845 1786 cur
881 1740 933 1786 in

886 1869 926 1919 Ο
936 1888 974 1918 r.
1014 1871 1099 1918 IV.

255 1976 303 2022 p.
338 1961 511 2020 298‚4
559 1947 624 2023 ἦν
671 1960 848 2024 δῆλον,
899 1957 965 2018 ὡς
1015 1956 1124 2008 οὔτε
1171 1955 1343 2015 δεδιὼς
1387 1955 1713 2018 καθευδήσω,
1764 1954 1829 2017 μὴ

143 2033 409 2082 καθεύδων
464 2031 515 2083 δὲ
570 2032 820 2083 ἀπολεῖται
881 2035 1162 2096 optativum
1218 2030 1522 2093 καθευδήσοι
1582 2032 1633 2077 111
1694 2033 1831 2077 textu

42 2099 50 2125 “’
144 2107 495 2170 relinquerem,
540 2125 640 2157 non
689 2125 798 2156 cum
844 2108 1114 2156 indicativo
1160 2122 1304 2168 quem
1352 2105 1577 2152 Reiskius
1624 2105 1672 2151 01
1711 2102 1829 2150 Her-

146 2181 400 2231 werdenus
438 2186 652 2244 poscunt
692 2185 952 2230 mutarem.

903 2312 991 2362 Or.
1024 2313 1083 2358 V.
1879 2359 1895 2365 „

257 2419 304 2464 p.
333 2404 533 2463 306‚12
575 2403 696 2452 locis
738 2418 860 2465 quos
896 2402 1136 2463 adscripsi
1176 2400 1427 2448 addendus
1466 2402 1539 2446 est
1579 2397 1737 2445 Schol.
1770 2395 1831 2443 ad

16 2470 18 2477 ’
50 2444 53 2449 ¹¹
147 2474 340 2524 Aristid
377 2493 424 2539 p.
461 2479 684 2539 14,4sq.
725 2478 798 2525 ed.
831 2475 1090 2524 Frommel.

259 2566 307 2612 p.
335 2551 538 2611 309‚12
572 2558 658 2615 τῆς
693 2555 818 2599 θεοῦ
857 2549 1026 2598 τοίνυν
1062 2547 1201 2638 γάρις
1239 2545 1295 2595 τὰ
1334 2552 1428 2594 νῦν
1465 2543 1741 2610 γιγνόμενα,
1780 2541 1831 2590 τὸ

149 2619 313 2686 μένειν
361 2622 415 2673 ἐν
463 2628 570 2683 ταῖς
618 2624 781 2687 ὕλαις,
830 2620 863 2671 ἃ
912 2621 1004 2672 οὐκ
1055 2640 1117 2684 ην
1166 2620 1379 2686 ἐνεγκεῖν
1424 2617 1635 2668 ἐπιόντα.
1712 2615 1830 2662 Cum

16 2726 17 2733 κ
51 2741 54 2748 ,
150 2694 478 2746 Herwerdeno
518 2695 582 2746 ἂν
621 2701 734 2746 ante
775 2690 838 2761 ἦν
877 2699 1088 2745 inserere
1127 2695 1256 2753 11001,
1295 2708 1487 2741 necesse
1526 2707 1621 2739 non
1661 2693 1746 2738 est.

259 2786 308 2832 p.
341 2772 550 2832 309,18
591 2773 699 2835 lege
738 2770 849 2820 ε’στι.

261 2860 309 2906 p.
342 2846 550 2906 310,12
599 2853 696 2894 τῶν
742 2842 795 2894 δὲ
840 2842 1029 2893 ἐκείνου
1075 2842 1230 2900 τόξων
1274 2837 1545 2888 ἀπέλαυσεν
1581 2835 1651 2894 εἰς
1688 2835 1832 2896 νίκην

52 2919 61 2986 η’
150 2913 235 2964 καὶ
265 2913 291 2965 ὁ
323 2913 424 2981 μετ’
452 2917 641 2967 ἐκεῖνον
671 2917 749 2968 ἐπὶ
780 2914 927 2965 Ἴλιον
967 2915 1102 2979 ἥκων
1140 2913 1351 2977 στρατός.
1420 2911 1465 2960 εἰ
1497 2908 1549 2959 δὲ
1581 2908 1647 2973 μὴ
1679 2901 1832 2971 ἦλθεν
