1992 3094
211 128 320 181 374
733 125 960 170 LIBANII
991 125 1214 170 ORATIO
1247 125 1369 169 XLV

211 262 272 315 ἐν
295 271 410 324 τοῖς
435 263 805 330 δικαστηρίοις
834 262 924 314 διὰ
954 271 1065 314 τῶν
1095 264 1375 328 μαστίγων
1402 270 1618 329 ποιῶσι,
1650 262 1894 314 τύπτωσι
1964 310 1986 331 ,=

210 349 270 403 δὲ
309 349 399 404 καὶ
440 351 540 419 τὴν
571 352 754 419 ψυχὴν
786 349 1025 419 ἀφέντας
1063 351 1259 419 κωφὴν
1291 351 1623 417 αἰκιζόμενοι
1658 358 1764 418 γῆν
1803 349 1894 403 καὶ

209 442 338 501 τοὺς
383 440 484 508 μὲν
530 441 606 501 εἰς
652 440 955 507 ποταμούς,
1005 441 1136 501 τοὺς
1183 439 1245 492 δὲ
1293 440 1369 501 εἰς
1414 440 1654 508 βρόχους
1701 439 1891 491 ὠθῶσι
1975 436 1990 443 ”

211 529 302 580 διὰ
354 529 451 580 τὸν
506 529 709 595 φόβον,
773 527 906 580 ὅταν
965 523 1068 580 οὗν
1123 523 1276 580 οὗτοι
1337 526 1626 595 πέμπωσιν
1681 527 1766 580 ἐπὶ
1829 528 1895 580 τὰ
1983 573 1985 603 3

162 638 183 670 5
210 617 552 686 δεσμωτήρια
600 617 909 684 φάλαγγας,
964 615 1245 686 ἐρρῶσθαι
1301 613 1361 668 δὲ
1417 617 1727 685 φράσαντες
1779 624 1896 678 τοῖς
1979 668 1982 671 ,

206 705 332 774 περὶ
366 703 546 758 ἐκεῖνα
577 707 766 771 νόμοις
791 703 871 757 ἐπ’
898 706 1084 767 ἄλλοις
1109 706 1475 775 διατρίβωσιν.
1498 705 1571 767 ὡς
1599 705 1666 773 δὴ
1699 706 1894 773 φιλάν-

206 798 425 862 θρωποι
458 792 708 856 δόξοντες
737 787 895 861 εἶναι,
927 795 1008 856 τίς
1040 794 1141 847 οὐκ
1175 793 1244 846 ἂν
1277 793 1627 862 ἀποπνιγειή;
1668 793 1752 846 30.
1787 792 1893 862 ε’γὼ

207 882 269 934 δὲ
307 881 499 950 ἠξίουν
539 883 742 944 αὐτοὺς
781 882 987 935 εἰδέναι
1026 902 1084 935 τε
1129 883 1190 935 τὸ
1234 890 1333 936 τοῦ
1378 885 1645 944 Φοίνικος·
1680 881 1893 935 ἐκείνου
1978 915 1979 918 =

206 969 296 1022 καὶ
342 977 655 1039 μιμεῖσθαι,
703 975 914 1038 μᾶλλον
962 972 1022 1024 δὲ
1070 970 1386 1024 ἐπίστανται
1431 970 1557 1039 μέν,
1607 977 1894 1040 μιμεῖσθαι

141 1081 183 1113 10
209 1057 268 1111 δὲ
302 1059 403 1111 οὐκ
435 1058 708 1112 ἐθέλουσι.
770 1063 828 1112 τί
855 1056 960 1113 οὖν
990 1056 1060 1127 ’ἦν
1091 1061 1152 1113 τὸ
1197 1059 1423 1125 ’κείνους
1455 1070 1567 1112 τῶν
1601 1060 1660 1113 ἐν
1688 1063 1895 1112 Παλαι-

208 1150 364 1218 στίνῃ
406 1147 713 1215 δεδεμένων
751 1151 882 1211 τοὺς
912 1149 1014 1217 μὲν
1054 1149 1442 1219 ἐτιμωρήσατο,
1481 1151 1611 1211 τοὺς
1643 1145 1703 1201 δὲ
1735 1151 1895 1201 ἔλυσε

206 1243 279 1308 τῷ
318 1237 510 1309 δικαίῳ
549 1236 677 1290 καθ’
718 1237 976 1306 ἑκάτερον
1015 1237 1361 1291 ἀκολουθῶν.
1439 1235 1624 1291 ἔπειτα
1661 1239 1900 1306 κάπηλοί
1958 1238 1971 1269 “³

205 1345 262 1378 τε
307 1322 450 1394 ἦσαν
495 1325 556 1379 ἐν
604 1325 808 1398 ἑκάστω
857 1327 1282 1399 (δεσμωτηρίῳ)
1328 1327 1419 1379 καὶ
1465 1329 1627 1379 πίθοι
1674 1325 1764 1379 καὶ
1811 1325 1896 1380 ἐκ·
1964 1344 1967 1345 ’

117 1426 319 1470 RH461
353 1417 579 1483 πώματα
619 1416 706 1468 καὶ
756 1417 863 1469 σὺν
901 1414 1070 1487 ᾠδαῖς
1109 1417 1142 1484 ἡ
1193 1415 1216 1487 1
1249 1417 1421 1478 πόσις.
1499 1416 1643 1468 οὕτω
1686 1412 1745 1468 δὲ
1783 1424 1895 1468 τῶν
1967 1464 1969 1466 .

141 1524 182 1556 15
209 1502 575 1572 ἐπιρρεόντων
621 1505 954 1572 πραγμάτων
1001 1503 1208 1575 ἑκάστῳ
1256 1513 1478 1573 ταχεῖαν
1529 1504 1748 1573 εὕρισκε
1794 1505 1896 1572 τὴν
1962 1558 1966 1565 ,

206 1595 488 1661 τελευτήν,
537 1593 672 1646 ὥστε
719 1593 892 1661 μηδὲν
939 1591 1012 1646 ἔτ’
1054 1593 1200 1665 αὐτῷ
1244 1594 1436 1661 δεῆσαι
1491 1593 1894 1661 δεσμωτηρίων.

208 1680 292 1732 31.
346 1683 645 1750 παρελθὼν
691 1685 886 1735 τοίνυν
934 1675 1013 1744 εἷς
1058 1701 1140 1744 τις
1186 1682 1299 1751 ἐρεῖ
1343 1691 1455 1734 τῶν
1501 1689 1610 1734 νῦν
1657 1682 1723 1749 δὴ
1771 1681 1896 1733 τού-

206 1788 316 1821 των
355 1770 519 1822 ταύτὸ
559 1771 647 1823 καὶ
696 1771 842 1843 αὑτῷ
883 1775 1198 1839 πεπρᾶχθαι
1239 1771 1329 1823 καὶ
1376 1770 1582 1832 αὐλοὺς
1620 1771 1897 1822 εἰσελθεῖν

209 1855 394 1910 ἐκεῖσε.
472 1858 631 1912 αὐλοὶ
670 1856 773 1928 μὲν
812 1855 916 1912 οὖν
963 1860 1255 1928 εἰσῆλθον,
1303 1858 1445 1911 οὕτω
1495 1855 1556 1911 δὲ
1602 1856 1895 1925 καταγέλα-

142 1967 184 1998 20
210 1959 341 1997 στον
388 1946 678 2016 ἐποιήσατο
725 1949 826 2017 τὴν
869 1950 1124 2017 μίμησιν,
1173 1948 1310 2000 ὥστε
1359 1947 1418 1999 ἐν
1464 1948 1606 1999 πολὺ
1654 1949 1894 2015 χαλεπω-

207 2033 385 2102 τέροις
429 2038 560 2099 τοὺς
610 2038 887 2106 δεσμώτας
934 2036 1210 2104 γενέσθαι.
1296 2036 1361 2089 οὐ
1417 2036 1520 2105 γὰρ
1577 2034 1897 2103 ἀπαλλαγὴν

210 2123 396 2186 αὐτοῖς
429 2124 664 2194 παρέσχε
701 2132 802 2178 τοῦ
837 2126 1170 2194 πράγματος,
1210 2122 1327 2176 ἀλλ’
1358 2125 1553 2193 ἤμειψε
1591 2124 1687 2176 τὸν
1726 2125 1896 2176 τόπον

211 2361 234 2399 7
296 2304 353 2398 f2
378 2298 475 2401 H.2c«)2
494 2299 873 2401 54bAristRhet.
891 2300 975 2343 113
1000 2298 1340 2355 p.1380b27sq.
1435 2302 1460 2341 5
1487 2297 1544 2341 of.
1556 2297 1616 2341 ad
1640 2301 1834 2353 p.11‚16

202 2365 206 2368 ’
269 2371 292 2400 e
318 2392 326 2400 .
351 2372 395 2413 p.
474 2364 548 2413 3,1

1859 2480 1864 2507 ¹
1943 2481 1946 2483 ’
1991 2491 1992 2516 z

330 2525 354 2563 3
378 2537 485 2570 τους
509 2520 612 2577 (bis)
630 2522 682 2577 ΙΙ
704 2521 883 2564 ὠθοῦσι
908 2521 1038 2565 PaU
1121 2524 1146 2563 5
1172 2518 1416 2575 φάλαγκας
1439 2519 1472 2561 Ι
1560 2522 1583 2560 7
1609 2515 1826 2569 δόξαντες
1850 2517 1896 2560 Β

214 2578 218 2635 Ῐ
240 2579 343 2636 οὐκ]
377 2576 460 2622 οὖν
486 2579 576 2622 Got
696 2584 721 2622 8
753 2596 800 2623 τε
824 2579 873 2622 in
897 2579 948 2623 τὸ
975 2593 1076 2622 corr
1097 2578 1159 2622 P²
1220 2591 1294 2620 om
1327 2579 1397 2621 Pa
1411 2578 1524 2622 UIB
1552 2578 1557 2633 Ι
1584 2576 1636 2620 τὸ
1669 2590 1745 2620 om
1771 2576 1898 2620 OAP

211 2636 300 2680 Got
407 2643 460 2681 10
487 2636 570 2682 οὖν
595 2634 652 2694 ἦν
677 2639 725 2680 in
749 2653 824 2681 ras
849 2644 873 2681 3
899 2638 979 2681 litt
1003 2638 1074 2682 ΡΒ
1134 2632 1192 2693 ἦν
1216 2637 1341 2679 inser
1365 2635 1422 2679 1²
1483 2649 1558 2678 om
1586 2636 1621 2680 O
1639 2635 1643 2693 Ι
1659 2631 1837 2679 ’κείνου
1853 2634 1900 2679 Ρ

211 2696 292 2739 sed
312 2694 324 2710 ’
354 2710 455 2740 eras
564 2703 615 2740 11
642 2713 749 2747 τους
774 2699 834 2753 (2)
851 2699 896 2741 P
1009 2702 1061 2739 12
1088 2695 1306 2750 ἑκάτερον
1332 2695 1374 2738 V
1394 2695 1485 2738 edd
1547 2693 1703 2749 ἕτερον
1726 2691 1894 2748 reliqui

209 2754 319 2798 libri
465 2761 516 2799 13
551 2753 841 2813 δεσμωτηρίῳ
873 2755 1048 2798 inserui
1193 2759 1244 2797 17
1280 2753 1328 2798 εἴ
1347 2755 1391 2798 V
1527 2757 1581 2796 18
1615 2753 1738 2810 αὐτῷ
1768 2752 1836 2795 Re

209 2814 335 2872 αὐτῷ
366 2814 475 2857 libri
508 2814 599 2858 Got
648 2817 653 2871 Ι
705 2815 932 2859 εἰσελθεῖν
964 2816 1009 2858 P
1039 2814 1119 2858 sed
1152 2821 1195 2857 εῖ
1223 2813 1272 2856 in
1304 2827 1377 2856 ras
1408 2811 1478 2854 m²
1595 2811 1817 2855 εἰσελθὼν
1859 2809 1904 2854 U

274 2878 325 2915 19
361 2872 524 2917 ἐκεῖσε·
551 2874 597 2916 Ρ
618 2874 699 2916 sed
726 2889 733 2896 ·
759 2873 809 2916 in
833 2886 922 2928 ras,
949 2872 1040 2916 Got
1145 2873 1310 2926 ἐκεῖσε,
1345 2872 1419 2915 UI
1544 2875 1599 2912 20
1633 2867 1741 2913 ὥστ’
1768 2869 1834 2912 Re

211 2935 268 2972 22
301 2929 475 2986 τρόπον
510 2933 618 2976 OPa
654 2932 735 2976 sed
767 2932 816 2975 in
847 2932 936 2974 hoc
967 2949 1021 2987 γρ
1052 2930 1197 2975 τόπον
1228 2931 1278 2973 in
1310 2943 1443 2986 marg
1473 2928 1543 2971 m²
