1992 3094
179 124 284 176 184
671 123 898 167 LIBANII
931 124 1155 168 ORATIO
1187 125 1378 167 XXXIII

176 259 435 328 γένοιτο
483 260 599 312 τὸν
644 261 853 312 πολὺν
907 260 1024 328 ἤδη
1080 262 1322 330 χρόνον
1370 258 1593 313 ἐλαίου
1644 261 1722 328 μὴ
1763 280 1867 328 γε-

176 347 484 418 γευμένῃ;
540 347 625 399 37.
667 346 804 400 ἀλλὰ
842 348 1017 420 τούτῳ
1058 346 1208 400 τοῦτ’
1238 341 1378 400 εἶναι
1420 348 1678 401 νεανικὸν
1716 350 1868 402 δοκεῖ

175 438 235 490 τὸ
275 440 526 490 κελεῦσαι
573 436 662 489 καὶ
709 437 769 489 τὸ
809 435 1195 506 πεπραγμένον
1236 437 1395 503 ἰδεῖν,
1447 438 1494 490 εἰ
1542 437 1602 489 δὲ
1651 437 1870 490 δίκαιον

178 526 208 594 ἢ
248 528 345 594 μή,
394 526 442 578 εἰ
483 523 772 593 συμφέρον
810 524 841 592 ἢ
881 525 1228 591 τούναντίον,
1283 525 1464 587 οὐδεὶς
1511 526 1687 592 λόγος.
1763 524 1872 578 κᾶν

134 634 152 666 5
179 615 450 667 εἰσελθών
474 634 556 676 τις
581 614 653 675 ὡς
685 613 855 665 αὐτὸν
879 622 990 666 τῶν
1022 606 1162 666 εἷναι
1195 613 1514 666 δοκούντων
1539 615 1719 680 φίλων
1743 615 1869 684 εἴπῃ

178 702 392 770 τάληθῆ
424 701 548 770 περὶ
580 709 678 755 τοῦ
712 702 1026 771 πράγματος
1064 701 1152 755 καὶ
1189 701 1492 772 παραινέσῃ
1531 709 1869 770 πεπαῦσθαι,

179 795 369 861 ληρεῖν
401 790 566 854 ἔδοξε.
619 794 796 843 καίτοι
829 793 910 853 τίς
940 791 972 859 ἡ
1005 789 1130 860 περὶ
1162 798 1325 844 τοῦτο
1361 792 1575 860 σπουδὴ
1600 792 1732 859 <τὸ>
1756 798 1870 861 πῦρ

179 875 320 933 εἶναι
368 888 636 933 τοσοῦτον
682 879 743 932 ἐν
788 880 1142 950 καθευδούσῃ
1194 888 1257 949 τῇ
1306 882 1484 943 πόλεις
1541 880 1606 932 οὐ
1655 881 1758 949 γὰρ
1799 879 1871 932 ἂν

178 978 294 1031 τοῖς
324 969 703 1022 καθεύδουσιν
736 973 817 1036 εἴη
851 970 920 1020 ἄν
951 988 1002 1020 τι
1039 967 1162 1038 παρ’
1190 969 1360 1021 αὐτοῦ
1393 977 1508 1030 τοῖς
1538 987 1594 1020 τε
1627 966 1870 1036 φύλαξιν

113 1079 155 1111 10
181 1057 390 1126 ἀπόχρη
441 1058 501 1109 τὸ
543 1056 791 1126 ἀρχαῖον·
842 1058 1187 1126 κακούργους
1233 1077 1294 1125 γε
1348 1056 1448 1109 οὐκ
1496 1059 1646 1109 ἔστιν
1696 1058 1872 1110 εἰπεῖν

178 1147 375 1214 ἥττους
421 1146 521 1212 μὲν
568 1145 855 1213 γεγονέναι
894 1153 1018 1214 νῦν,
1066 1140 1206 1199 εἶναι
1247 1146 1309 1198 δὲ
1346 1146 1452 1215 πρὸ
1492 1154 1592 1198 τοῦ
1631 1147 1870 1208 πλείους,

180 1232 294 1287 ἀλλ’
329 1236 478 1287 ἔστιν
526 1235 671 1287 ἅπαν
717 1243 880 1287 τοῦτο
928 1233 1103 1303 μέθης
1158 1233 1248 1288 καὶ
1297 1234 1578 1302 ἀσελγείας
1631 1233 1722 1288 καὶ
1769 1241 1871 1287 τοῦ

179 1320 351 1392 μηδὲν
391 1325 706 1393 φροντίζειν
744 1333 856 1376 τῶν
894 1323 955 1376 ἐν
992 1325 1156 1396 πενίᾳ
1197 1324 1427 1388 ζώντων.

292 1411 377 1464 38.
426 1405 564 1464 Εἷτά
602 1431 668 1478 με
707 1410 961 1481 ἐρήσεταί
996 1432 1094 1479 τις,
1135 1414 1184 1465 εἰ
1211 1413 1668 1482 δέδωροδόκηκεν
1708 1411 1736 1465 ὁ
1777 1413 1872 1464 ἄν·

114 1523 155 1555 15
180 1506 420 1566 θρωπος.
498 1502 545 1553 εἰ
585 1501 647 1553 δὲ
685 1509 850 1553 τοῦτο
891 1502 992 1569 μὲν
1033 1501 1123 1564 οὔ,
1173 1501 1398 1568 διέθηκε
1446 1501 1507 1554 δὲ
1554 1501 1694 1553 οὕτω
1742 1502 1873 1562 τοὺς

181 1588 536 1659 ἀρχομένους,
576 1589 648 1652 ὡς
685 1589 925 1658 ἤκουσάς
956 1610 1063 1656 μου
1098 1590 1473 1656 διδάσκοντος,
1514 1589 1724 1658 ἀγαθός
1757 1588 1871 1642 ἐστι

181 1679 344 1740 κακὸς
383 1678 478 1743 ὤν,
521 1676 634 1730 ἐπεὶ
674 1678 746 1746 μὴ
780 1678 1070 1747 χρημάτων
1101 1678 1353 1746 <εἴνεκά>
1393 1678 1506 1731 ἐστι
1537 1680 1723 1742 κακός;
1763 1676 1871 1746 ἐγὼ

182 1766 242 1818 δὲ
282 1767 452 1819 αὐτὸν
490 1763 592 1834 μὲν
632 1767 698 1819 οὔ
751 1787 890 1835 φημι
932 1770 1139 1834 λαβεῖν,
1194 1770 1383 1833 λαβεῖν
1422 1767 1482 1819 δὲ
1522 1766 1740 1836 ἑτέρους
1779 1767 1872 1819 διὰ

180 1862 381 1907 τοῦτον
433 1863 545 1907 τῶν
597 1852 699 1923 μὲν
747 1854 958 1908 ἀδικεῖν
1005 1855 1459 1924 προαιρουμένων
1506 1855 1597 1908 ἐπί
1639 1875 1696 1908 τε
1742 1857 1874 1917 τοὺς

117 1965 159 1998 20
183 1944 444 2011 κηδεστὰς
483 1946 948 2012 καταφευγόντων
989 1943 1075 1996 καὶ
1119 1945 1218 1996 τὸν
1255 1945 1455 1996 τούτου
1496 1943 1741 2012 ἀδελφὸν
1779 1941 1871 1995 καὶ

182 2032 283 2099 τὴν
343 2032 556 2085 τούτων
609 2031 814 2102 μητέρα
875 2031 964 2085 καὶ
1027 2033 1125 2085 τὸν
1189 2032 1538 2085 οὐδεπώποτε
1607 2033 1812 2100 ταύτην
1861 2029 1868 2102 Ι

302 2197 326 2235 2
362 2192 418 2236 ef.
444 2194 477 2235 t.
501 2192 538 2234 11
563 2197 704 2247 396,1

305 2345 326 2382 1
371 2339 453 2382 τὸν
493 2339 657 2396 scripsi
698 2354 721 2383 e
757 2341 799 2383 V
842 2354 946 2383 cum
978 2340 1079 2383 Mor
1126 2340 1250 2396 quod
1298 2340 1545 2383 delendum
1594 2339 1772 2383 censuit
1801 2339 1871 2383 Re

183 2397 320 2440 Anim
411 2403 484 2453 τῆι
517 2400 562 2442 Α
594 2399 674 2442 sed
705 2399 754 2441 in
778 2413 911 2456 marg
942 2413 1084 2442 manu
1115 2399 1434 2443 recentissima
1465 2398 1750 2455 (EhingeriP)
1789 2398 1871 2441 τὸν

242 2463 296 2514 τῇ
329 2456 499 2511 reliqui
530 2457 638 2500 libri
671 2457 738 2502 Re
765 2458 771 2515 1
799 2457 970 2515 χρόνου
1001 2458 1102 2502 Mor
1129 2459 1134 2515 Ι
1163 2457 1418 2516 γευσαμένη
1452 2458 1554 2501 Mor
1703 2461 1728 2499 3
1761 2469 1871 2500 voce

188 2515 517 2573 πεπραγμένου
550 2516 722 2559 desinit
752 2517 853 2560 Mor
890 2517 1059 2561 lacuna
1089 2517 1318 2570 indicata,
1358 2517 1481 2560 unde
1514 2517 1656 2560 etiam
1687 2530 1772 2560 vox
1805 2517 1871 2560 la-

185 2589 305 2619 cuna
337 2589 478 2618 manu
512 2574 595 2618 illa
626 2576 947 2619 recentissima
978 2577 1026 2619 in
1058 2589 1190 2633 marg
1221 2577 1266 2620 A
1299 2576 1472 2632 scripta
1502 2575 1635 2618 fiuxit
1771 2578 1797 2617 4
1829 2572 1872 2618 εἰ

187 2633 351 2689 scripsi
435 2631 461 2689 ἢ
494 2633 604 2678 libri
636 2634 727 2678 edd
872 2640 895 2678 6
929 2634 1128 2691 τάληθὲς
1150 2637 1184 2678 Ι
1322 2639 1344 2677 7
1378 2652 1447 2684 τις
1477 2634 1544 2678 Re
1587 2637 1592 2691 Ι
1634 2641 1769 2677 τοῦτο
1800 2647 1868 2675 re-

184 2693 320 2748 posui
353 2707 377 2736 e
408 2692 540 2736 libris
572 2693 754 2749 (τούτου
778 2694 830 2749 I)
891 2701 1037 2738 ταῦτα
1064 2695 1131 2737 Re
1160 2694 1165 2752 Ι
1194 2693 1372 2749 σπουδὴ
1398 2696 1444 2738 Ρ
1473 2693 1554 2737 sed
1577 2693 1586 2707 “
1629 2693 1678 2735 in
1702 2705 1776 2735 ras
1800 2690 1872 2734 m⁸

194 2752 196 2809 ζ
232 2751 283 2794 τὸ
317 2751 492 2795 inserui
612 2758 636 2795 9
671 2751 729 2795 ἄν
761 2767 836 2796 om
863 2754 932 2807 V}
962 2752 1046 2797 δὲῗ
1169 2756 1223 2795 10
1256 2768 1305 2809 γε
1337 2752 1503 2808 scripsi
1569 2768 1616 2796 τε
1647 2751 1757 2794 libri
1789 2748 1871 2794 sed

187 2810 237 2854 δὲ
267 2823 482 2866 suprascr
505 2811 589 2865 ΡΒ,
616 2810 682 2854 Re
843 2817 894 2854 11
929 2809 977 2854 δ’
1006 2810 1034 2867 ἢ
1068 2811 1172 2855 coni
1203 2811 1468 2855 Monnerius
1631 2815 1681 2852 17
1716 2806 1869 2853 εἵνεκά

187 2868 360 2912 inserui
394 2869 594 2913 0011.1:.1
618 2874 791 2924 295‚22
915 2875 968 2913 18
1002 2871 1084 2927 μὲν
1118 2884 1193 2914 om
1215 2871 1251 2913 I
1366 2874 1419 2913 19
1452 2876 1629 2913 τοῦτον.
1662 2868 1771 2911 libri
1803 2867 1870 2910 Re

250 2964 257 2972 .
293 2927 440 2972 delevi
562 2933 615 2971 21
653 2929 819 2972 τούτου
854 2929 933 2973 CB
962 2932 967 2985 Ι
997 2927 1219 2973 οὐδέποτε
1251 2929 1295 2971 Β
