1992 3094
184 94 292 146 468
698 88 924 132 LIBANH
956 87 1178 133 ORATIO
1211 89 1353 132 XLIX

184 227 333 281 ἐστιν
380 227 658 292 ἁπάντων,
712 225 773 277 τὸ
829 231 924 292 τῆς
971 224 1260 294 ῥητορικῆς
1308 224 1534 293 σθένος,
1588 216 1624 295 ᾗ
1669 222 1758 276 καὶ
1805 224 1868 276 τὸ

184 321 497 384 πραχθῆναι
529 321 808 382 προσῆκον
840 312 1146 382 εὑρίσκεται
1181 311 1271 365 καὶ
1309 314 1371 365 τὸ
1410 309 1664 383 πραχθὲν
1701 309 1868 380 ἐγκω-

185 404 437 472 μιάζεται.
505 402 671 471 ταύτῃ
711 403 906 454 τοίνυν
943 401 1077 469 μετὰ
1114 410 1225 453 τῶν
1263 403 1485 468 βουλῶν
1525 399 1868 454 ἀπολωλέναι

183 490 272 544 καὶ
312 492 658 559 διεφθάρθαι
698 488 1057 557 συμβέβηκεν,
1098 489 1298 558 ὥσπερ,
1336 489 1500 558 ἡνίκα
1530 485 1672 558 ἦσαν
1709 490 1867 558 μεγά-

139 603 159 634 5
184 584 291 646 λαι,
330 577 419 630 καὶ
459 579 626 647 ταύτῃ
666 579 996 645 τετιμῆσθαί
1029 596 1087 630 τε
1129 576 1220 630 καὶ
1267 580 1507 641 πολλοὺς
1552 577 1698 648 ἔχειν
1737 580 1868 641 τοὺς

184 667 420 736 ἐραστάς.

292 755 375 807 33.
431 757 748 822 Βουλοίμην
791 752 842 806 δ’
880 754 949 806 άν
988 768 1076 806 σοι
1115 755 1218 822 τὴν
1254 756 1541 822 βασιλείαν
1577 756 1650 825 μὴ
1689 720 1866 825 μόνον

183 845 485 912 στρατείαις
523 848 898 910 κεκοσμῆσθαι
940 843 1028 895 και
1076 843 1272 911 μάχαις
1317 842 1408 896 καὶ
1454 846 1734 912 τροπαίοις
1773 843 1864 898 καὶ

183 933 378 998 νίκαις,
426 931 562 983 ἀλλὰ
601 932 693 983 καὶ
739 939 802 1000 τῇ
842 932 1128 984 παιδεύσει
1167 930 1257 984 καὶ
1304 940 1419 995 τοῖς
1458 935 1667 1001 λόγοις,
1714 929 1794 987 ὧν
1830 933 1863 1003 ἡ

115 1044 156 1074 10
182 1019 369 1081 Ἑλλὰς
406 1022 606 1088 μήτηρ,
653 1021 711 1087 ἤ,
753 1021 803 1071 εἰ
838 1020 1028 1086 βούλει
1067 1039 1151 1088 γε,
1201 1016 1279 1073 ὧν
1316 1020 1542 1090 πατέρες
1581 1023 1639 1075 οἱ
1672 1024 1865 1086 παῖδες

181 1115 273 1175 τῆς
312 1106 585 1170 Ἑλλάδος.
662 1108 734 1170 ὡς
789 1103 892 1160 οὖν
946 1107 1008 1162 ἐν
1061 1115 1135 1180 τῷ
1183 1119 1300 1172 ταῖς
1353 1111 1581 1177 βουλαῖς
1626 1112 1864 1180 βοηθεῖν

179 1198 478 1264 βοηθήσων
531 1197 619 1249 καὶ
673 1205 787 1259 τοῖς
841 1204 947 1249 νῦν
1002 1197 1424 1267 ἀπερριμμένοις
1479 1201 1742 1268 βιβλίοις,
1797 1208 1862 1270 τῇ

179 1286 312 1337 κατὰ
366 1286 579 1339 τούτων
632 1279 714 1347 οἷς
766 1287 943 1355 βραχὺ
997 1296 1109 1339 τῶν
1163 1287 1392 1340 δικαίων
1438 1287 1587 1356 μέλει
1640 1290 1862 1343 κολάσει

180 1371 362 1435 δεῖξον
393 1374 553 1441 ἄμφω
585 1375 686 1443 τὴν
719 1376 881 1443 ἰσχὺν
913 1374 1269 1444 ἀπειληφότα,
1307 1377 1373 1429 τά
1407 1396 1465 1429 τε
1495 1380 1862 1447 βουλευτήρια

112 1482 154 1515 15
178 1461 243 1512 τά
280 1481 336 1514 τε
376 1463 740 1515 διδασκαλεῖα.

298 1626 349 1665 13
382 1621 509 1665 Dem.
536 1637 580 1678 p.
600 1626 765 1677 212‚28

296 1773 320 1811 2
353 1769 403 1813 τὸ
438 1772 544 1813 anbe
576 1775 814 1841 προσῆκον
844 1771 969 1816 inser
1000 1774 1046 1816 P
1091 1775 1098 1829 Ι
1149 1771 1440 1829 εὑρίσκονται
1470 1776 1501 1818 Ι
1655 1779 1681 1818 5
1712 1775 1856 1851 ταύτῃ

178 1842 227 1883 γε
260 1828 303 1870 Β
423 1831 448 1871 8
482 1825 738 1883 στρατείαις
769 1830 933 1886 scripsi
994 1839 1230 1886 στρατιαῖς
1256 1833 1413 1878 CAPI
1431 1833 1500 1878 Re
1561 1834 1860 1889 στρατιώταις

178 1887 286 1930 ΒΜ
314 1886 446 1943 Bong
567 1893 619 1930 15
652 1886 777 1940 τέλος
808 1890 968 1933 subscr
998 1891 1056 1944 A,
1089 1891 1204 1947 πρὸς
1234 1892 1317 1938 τὸν
1348 1892 1538 1951 βασιλέα
1570 1894 1616 1938 Ρ
