1992 3094
375 125 604 171 LIBANII
635 124 861 171 ORATIO
895 124 1139 171 CONTRA
1168 124 1374 171 ICARIU
1377 127 1425 170 M
1455 126 1477 170 I
1715 127 1783 180 41

100 265 162 318 δὲ
200 261 414 316 ἐκεῖνον
451 264 626 332 μόνον
665 261 731 315 οὐ
772 263 1200 331 προσεκύνησας.
1249 251 1452 326 ὀὕτως
1491 261 1552 316 ἐν
1589 271 1652 334 τῇ
1693 270 1788 317 θε-

99 354 296 423 ραπεία
344 354 625 422 παρῆλθες
674 351 741 404 τὰ
790 350 1175 420 νενομισμένα·
1208 352 1488 405 διδάσκων
1533 354 1790 423 Βηρυτὸν

98 441 331 511 μηδενὸς
377 436 456 494 ὧν
501 438 677 493 ἔπαθε
726 445 1057 508 μεμνῆσθαι.
1134 441 1225 493 καὶ
1278 449 1394 503 τοῖς
1447 441 1550 510 μὲν
1603 443 1791 506 ἄλλοις

98 530 424 598 θαυμαστόν
469 549 523 583 τι
561 526 708 582 τοῦτ’
741 527 945 598 ἐφάνη,
993 527 1113 595 ἐμοὶ
1162 526 1222 582 δὲ
1269 528 1422 593 ἐλπὶς
1467 528 1788 599 ἐβεβαιοῦτο

97 618 264 671 πάλαι
311 631 414 671 σου
461 618 528 670 τὰ
566 615 778 670 ’κείνου
828 618 920 670 καὶ
965 627 1233 687 τιμῶντος
1277 619 1367 671 καὶ
1415 619 1790 687 φυλάττοντος
1836 645 1858 677 5

97 705 188 760 καὶ
218 705 521 774 πεπηγέναι
550 705 916 774 βουλομένου,
956 705 1083 759 ὥστ’
1115 706 1216 759 οὐκ
1257 701 1361 759 οἷδ’
1394 707 1423 759 ὅ
1463 727 1515 760 τι
1548 707 1618 760 ἂν
1649 708 1791 781 αὐτᾷ

96 794 265 848 πλέον
301 796 450 864 παρὰ
487 802 588 847 τοῦ
635 797 1030 864 γεγεννηκότος
1075 795 1337 866 ὑπῆρχεν,
1386 797 1434 849 εἰ
1480 797 1509 850 ὁ
1555 798 1657 866 τὴν
1697 797 1791 866 ἀρ-

96 885 200 954 χὴν
253 882 609 953 ἐκδεξάμενος
660 884 869 947 ἐκεῖνος
914 881 999 953 ἦν.
1076 884 1163 937 40.
1218 893 1518 955 τοιγαροῦν
1573 887 1791 956 ἄφωνοι

95 973 294 1036 πάντες
333 974 391 1026 οἰ
416 974 511 1036 τὰς
544 972 552 1045 Ι
586 975 915 1043 κατηγορίας
946 972 1008 1026 ἐν
1038 982 1158 1036 ταῖς
1195 973 1386 1044 χερσὶν
1423 971 1640 1043 ἔχοντες
1669 989 1712 1033 Β,
1734 990 1777 1033 Π
1796 995 1876 1034 131

98 1061 240 1115 οὕτω
282 1062 350 1131 δὴ
394 1063 594 1115 πολλοί
629 1082 775 1125 τινες
814 1064 993 1131 ὄντες,
1042 1063 1114 1125 ὡς
1159 1063 1360 1133 μικρὸν
1398 1062 1468 1116 ἂν
1507 1063 1789 1134 ἀποφῆναι
1817 1089 1859 1120 10

96 1159 195 1204 τοῦ
237 1152 598 1221 δικαστηρίου
629 1152 690 1204 τὸ
723 1151 940 1222 μέτρον.
1004 1150 1122 1204 ἀλλ’
1153 1150 1418 1223 ἐνέφραξε
1452 1154 1518 1206 τὰ
1551 1156 1792 1223 στόματα

96 1241 312 1303 τούτοις
352 1241 381 1295 ὁ
420 1249 521 1294 τοῦ
560 1242 988 1311 προσλήψεσθαί
1030 1262 1083 1295 τι
1129 1243 1316 1310 κακόν,
1365 1243 1414 1295 εἰ
1459 1244 1532 1311 μὴ
1571 1250 1792 1315 σιγῷεν,

95 1331 284 1398 φόβος.
360 1328 451 1382 καὶ
489 1332 554 1384 τὰ
600 1332 778 1384 πολλὰ
824 1329 1005 1384 ἐκεῖνα
1049 1331 1332 1402 τραύματα
1382 1332 1475 1385 διὰ
1520 1332 1621 1385 τὸν
1668 1354 1792 1403 χρη-

98 1419 230 1472 στὸν
262 1417 502 1489 Ἰκάριον
541 1422 755 1488 ἔμεινεν
794 1419 1061 1473 ἀθάνατα.
1139 1420 1226 1472 41.
1278 1423 1442 1489 φήσει
1487 1422 1636 1491 παρὰ
1680 1431 1793 1475 τῶν

98 1505 159 1560 ἐν
203 1514 278 1580 τῷ
320 1510 580 1580 βασιλείῳ
629 1509 885 1561 δυνατῶν
930 1517 1102 1561 ταῦτα
1149 1508 1458 1577 ἀκηκοέναι.
1534 1509 1690 1563 τουτὶ
1731 1508 1791 1564 δὲ
1818 1533 1861 1565 15

98 1594 291 1665 λέγων,
333 1595 404 1649 δι’
436 1597 535 1659 οὓς
573 1598 814 1666 ἠδίκηκε,
855 1597 1018 1665 λέγει,
1058 1596 1281 1665 βέλτιον
1321 1595 1381 1651 δὲ
1417 1595 1486 1667 ἧν
1518 1601 1664 1668 ἔχειν
1697 1599 1793 1652 αὐ-

96 1686 194 1738 τὸν
232 1685 431 1754 λέγειν,
479 1687 553 1749 ὡς
600 1683 771 1740 οὐδὲν
815 1687 1055 1755 ἠδίκηκε.
1132 1685 1319 1754 μέλειν
1364 1684 1468 1754 μὲν
1514 1683 1620 1741 οὖν
1659 1687 1792 1741 ἐκεί-

98 1794 217 1838 νοις
255 1773 469 1828 ἐκείνου
518 1777 691 1844 φαίην
738 1777 825 1844 ἄν,
873 1777 986 1829 ἔδει
1034 1772 1095 1828 δὲ
1141 1776 1242 1828 τὸν
1290 1775 1564 1829 ἀκούοντα
1610 1776 1794 1844 λέγειν

99 1862 313 1918 ἁπλοῦν
343 1884 467 1917 τινα
492 1866 676 1933 λόγον,
711 1865 796 1929 ὅτι
835 1866 909 1918 τὰ
947 1866 1027 1934 μὴ
1060 1865 1282 1918 δίκαια
1321 1866 1611 1934 παύσων,
1652 1863 1785 1918 ἀλλ’

99 1952 214 2005 οὐκ
267 1954 502 2024 ἰσχυρὰ
556 1956 848 2023 ποιήσων
901 1953 1244 2023 πέμπομαι.
1324 1955 1436 2007 τὸν
1486 1953 1536 2007 δ’
1576 1954 1788 2007 ἀκούω
1815 1977 1859 2008 20

100 2041 206 2094 διά
236 2043 441 2111 πάσης
473 2042 734 2106 ἀδικίας
766 2042 1050 2113 ἀφῖχθαι
1082 2046 1192 2095 καί
1219 2063 1328 2110 μοι
1359 2043 1633 2096 κάλλιον
1667 2044 1793 2096 ἰδι-

100 2131 370 2184 ωτεύειν
408 2130 440 2199 ἢ
483 2132 687 2194 οὕτως
728 2133 968 2201 ἄρχειν.
1030 2134 1089 2183 τί
1123 2129 1173 2183 δ’
1203 2130 1274 2184 ἂν
1312 2132 1402 2184 καὶ
1436 2132 1626 2184 δεινὸν
1665 2129 1791 2184 ἔπα-

98 2223 198 2281 θες
235 2220 386 2287 ἥκων
424 2220 526 2289 μὲν
565 2219 653 2273 ἐπὶ
693 2221 795 2289 τὴν
835 2219 1025 2289 ἀρχήν,
1073 2220 1225 2272 λύων
1273 2217 1333 2272 δὲ
1374 2220 1476 2272 ὅσα
1516 2218 1643 2288 ἐξῆν
1681 2229 1793 2272 τῶν

219 2383 242 2422 7
281 2384 516 2425 Τατιανοῡ
549 2368 606 2426 c'f.
633 2381 724 2425 t.11
749 2396 794 2437 p.
814 2384 914 2433 467,
935 2380 1030 2424 5R.
1066 2393 1136 2436 ep.
1158 2383 1255 2423 760.
1291 2379 1468 2423 Sievers
1494 2395 1536 2436 p.
1558 2384 1642 2423 159

219 2533 241 2570 1
277 2525 322 2573 δ’
351 2528 420 2572 Re
478 2531 483 2585 Ι
541 2529 747 2585 μονονοὺ
778 2528 848 2572 Re
1029 2532 1054 2570 3
1093 2527 1279 2572 ἔπαθον
1303 2529 1349 2571 Β
1528 2533 1556 2571 4
1589 2525 1634 2570 δ’
1663 2527 1732 2570 Re

99 2591 126 2630 ὅ
152 2588 337 2642 „malim
361 2588 422 2639 ὡς
444 2587 619 2631 πάλαι“
643 2588 712 2631 Re
740 2590 746 2643 Ι
774 2584 1038 2631 τακείνουΙ
1092 2584 1314 2631 τ’ἀκείνου
1330 2588 1414 2630 ΜΟ
1442 2586 1448 2644 Ι
1475 2587 1557 2630 καὶ
1573 2588 1635 2642 (1)
1661 2599 1737 2629 om
1753 2586 1796 2636 V

161 2650 186 2688 6
219 2642 327 2690 οἶδα
357 2646 425 2690 Re
471 2647 478 2704 Ι
521 2645 591 2690 ὅτι
622 2648 758 2691 BMo
941 2650 963 2688 7
999 2644 1298 2702 γεγενηκότος
1328 2647 1388 2698 Α,
1420 2645 1502 2688 sed
1534 2644 1733 2688 alterum
1764 2662 1792 2687 ν

100 2718 314 2760 suprascr
336 2705 419 2761 ω’,
443 2707 570 2750 BVa
627 2708 632 2762 Ι
684 2704 707 2749 ὁ
733 2707 780 2750 Ρ
808 2705 889 2748 sed
923 2721 946 2748 ο
979 2704 1028 2747 in
1052 2717 1128 2747 ras
1151 2704 1222 2748 m²
1374 2709 1426 2747 12
1460 2703 1791 2759 προλήψεσθαι

98 2761 200 2806 Mor
344 2769 398 2808 14
429 2772 520 2809 τῶν
553 2779 629 2808 om
655 2766 699 2809 V
837 2770 890 2807 15
923 2760 1053 2806 ταῦτ’
1093 2764 1248 2808 VaMo
1280 2763 1370 2807 edd
1509 2768 1561 2806 16
1595 2761 1641 2806 δ’
1677 2763 1746 2807 Re
1779 2763 1785 2821 Ι

99 2821 242 2866 αὑτὸν
272 2822 341 2866 Re
464 2828 516 2866 17
550 2821 774 2880 ἠδίκηκεν
798 2825 892 2867 ΑΡ
917 2824 922 2878 Ι
951 2821 1127 2878 μέλλειν
1162 2823 1375 2867 GAPMo
1398 2822 1500 2865 Mor
1620 2825 1675 2864 20
1706 2822 1790 2865 τὸν

100 2881 130 2923 1
159 2881 241 2925 sed
272 2899 299 2926 ν
332 2895 389 2926 ex
420 2899 436 2925 ι
469 2896 570 2926 corr
591 2883 663 2926 m⁸
721 2880 804 2926 τόν
828 2883 874 2926 Β
997 2886 1051 2924 22
1085 2881 1259 2936 ἔπαθε;
1290 2881 1393 2924 Mor
1514 2885 1568 2923 ‘23
1602 2878 1648 2925 δ’
1676 2881 1744 2923 Re
1780 2881 1785 2938 Ι

98 2946 189 2983 τῶν
222 2941 267 2984 Ρ
297 2941 377 2984 sed.
410 2948 474 2986 ῶν
506 2941 556 2985 in
579 2955 655 2985 ras
679 2941 749 2983 m²
