1992 3094
908 695 1124 748 XLVII.

486 801 693 861 ΠΕΡΙ
737 801 918 862 ΤΩΝ
963 800 1538 863 ΠΡΟΣΤΑΣΙΩΝ.

81 948 186 990 RH
203 951 287 990 499
399 934 442 986 1.
506 934 576 985 Εἰ
623 936 697 1000 μή
744 947 803 984 σε
852 931 1116 1000 ἑωράκειν
1167 932 1227 986 έν
1277 937 1462 1006 πολλῷ
1507 931 1609 1001 μὲν
1663 937 1888 1006 χρόνῳ,-

169 1025 386 1091 μυρίοις
435 1019 495 1074 δὲ
545 1022 887 1091 πράγμασιν,
944 1017 985 1073 ὦ
1034 1024 1287 1090 βασιλεῦ,
1335 1023 1598 1091 χαίροντά
1644 1042 1701 1075 τε
1748 1034 1861 1086 τοῖς

170 1120 281 1163 τῶν
321 1110 639 1180 ἀρχομένων
680 1110 915 1178 ἀγαθοῖς
953 1108 1043 1162 καὶ
1082 1112 1428 1179 βουλόμενον
1467 1110 1677 1180 μηδένα
1716 1113 1860 1180 παρὰ

128 1223 145 1254 5
171 1200 403 1268 μηδενὸς
458 1198 796 1266 ἀδικεῖσθαι,
851 1200 986 1268 τάχα
1041 1197 1112 1252 ἂν
1165 1198 1380 1272 ἐμαυτῷ
1428 1198 1710 1271 παρῄνεσα
1762 1202 1862 1268 τὴν

176 1289 408 1357 ἡσυχίαν
454 1289 610 1356 ἄγειν
664 1287 752 1339 καὶ.
809 1288 906 1340 τὸν
961 1288 1062 1356 οὐχ
1115 1287 1287 1356 ἡδέως
1335 1288 1714 1357 ἀκουσόμενον
1761 1289 1862 1342 οὐκ

174 1377 242 1430 ἂν
282 1376 527 1430 ἐλύπουν
575 1375 694 1429 οὐδ’
734 1377 1045 1445 ἠνώχλουν·
1094 1375 1315 1439 ἐλπίδας
1365 1377 1427 1430 δέ
1471 1398 1566 1446 μοι
1612 1385 1710 1431 τοῦ
1759 1385 1861 1430 σοῦ

172 1465 505 1535 παρέχοντος
536 1468 744 1535 τρόπου
778 1464 867 1517 καὶ
901 1467 1219 1534 χαριεῖσθαί
1256 1465 1325 1534 μέ
1353 1481 1440 1519 σοι
1473 1475 1589 1533 τοῖς
1620 1467 1862 1535 ῥηθησο-

84 1567 189 1611 RII
207 1571 291 1610 500
323 1553 511 1623 μένοις
549 1553 640 1607 καὶ
686 1556 899 1606 πείσειν
937 1552 1027 1606 καὶ
1077 1553 1243 1618 δόξαν
1282 1555 1502 1617 εὐνοίας
1551 1553 1557 1626 Ι
1608 1560 1863 1608 οἴσεσθαι

108 1666 150 1697 10
174 1645 380 1713 χαίρων
418 1662 475 1695 τε
510 1641 601 1695 καὶ
641 1643 947 1712 προθύμως
980 1641 1065 1695 ἐπὶ
1106 1644 1209 1711 τὴν
1248 1645 1573 1712 συμβουλὴν
1610 1644 1722 1712 ἥκω
1763 1644 1865 1712 τὴν

175 1732 278 1800 σὴν
332 1735 542 1800 μᾶλλον
588 1730 620 1799 ἢ
675 1730 810 1800 ε’μὴν
866 1729 1141 1794 δόξουσαν
1195 1724 1337 1784 εἶναι
1390 1740 1491 1785 τοῦ
1546 1733 1648 1800 τὴν
1704 1734 1864 1801 ἰσχὺν

174 1829 289 1883 τοῖς
336 1819 644 1889 εἰρημένοις
699 1821 1002 1882 δεδωκότος
1055 1827 1128 1892 τῷ
1177 1826 1512 1889 προσθεῖναι
1565 1821 1625 1873 τὸ
1681 1819 1864 1889 ἔργον,

175 1904 242 1961 οὗ
290 1907 455 1978 χωρὶς
501 1909 727 1976 μάταιος
774 1907 843 1960 ἂν
889 1905 959 1976 ἦν
1005 1907 1033 1960 ὁ
1082 1910 1254 1976 λόγος.
1332 1910 1379 1961 2.
1438 1911 1568 1971 τοὺς
1613 1907 1714 1975 μὲν
1761 1905 1865 1962 οὗν

491 2039 638 2083 codex
671 2037 916 2082 Chisianus

489 2098 782 2142 Monacensis
814 2112 880 2154 gr.
906 2102 993 2140 483
1026 2098 1363 2155 (Augustanus)

489 2156 732 2200 Palatinus
765 2171 831 2213 gr.
858 2161 943 2200 282

490 2216 755 2259 Marcianus
788 2216 985 2271 append.
1011 2215 1110 2259 XCI
1129 2222 1153 2259 2

491 2275 771 2318 Barberinus
801 2275 844 2318 H
867 2279 921 2318 41

299 2337 359 2378 Μ
403 2357 457 2371 =
491 2334 755 2377 Marcianus
787 2349 854 2391 gr.
879 2338 965 2376 437

299 2457 323 2493 2
357 2452 413 2495 cf.
439 2454 471 2495 b.
497 2452 560 2494 ΠΙ
586 2457 689 2506 72‚1
711 2467 776 2507 sq.
803 2453 851 2496 et
881 2453 914 2495 t.
940 2451 981 2494 Π
1006 2456 1140 2507 590‚1
1162 2467 1227 2507 sq.
1247 2453 1287 2495 R

295 2040 342 2318 vamum}

403 2298 457 2311 ΙΙ
401 2239 456 2252 ΙΙ
401 2180 456 2194 11
402 2120 456 2134 ΙΙ
402 2061 456 2075 ΙΙ

302 2575 323 2612 1
358 2561 427 2626 εἶθ
466 2572 573 2613 ante
611 2570 716 2624 περὶ
756 2569 860 2614 AC²
899 2570 980 2614 sed
1019 2570 1068 2612 in
1106 2570 1194 2614 hoc
1230 2560 1259 2622 ξ
1296 2571 1344 2612 in
1382 2584 1516 2627 marg
1550 2570 1598 2613 in
1631 2584 1705 2613 ras
1738 2570 1806 2612 m²

182 2629 298 2683 πρὸς
319 2629 401 2673 τὸν
427 2628 615 2686 βασιλέα
640 2631 745 2684 post
770 2637 1060 2683 προστασιῶν
1079 2631 1139 2674 M
1197 2636 1277 2673 τοῦ
1303 2629 1419 2684 πρὸς
1443 2628 1632 2686 βασιλέα
1655 2630 1761 2683 περὶ
1785 2635 1866 2685 τῆς

184 2701 381 2752 στάσεως
412 2701 505 2758 λόγ.
522 2693 583 2754 κ-ζ·
603 2702 763 2745 Macar
786 2701 954 2744 f01.91r
1014 2718 1065 2746 κε
1096 2702 1145 2745 in
1168 2717 1302 2759 marg
1324 2703 1435 2744 rubr
1459 2704 1503 2745 B
1626 2708 1650 2745 ὃ
1684 2702 1865 2761 ἐμαυτῷ

186 2787 239 2792 -
259 2765 282 2802 6
317 2761 446 2817 ἄγειν
480 2761 596 2805 citat
627 2761 742 2803 Plan
774 2760 852 2804 fol.
881 2764 989 2803 103v
1132 2765 1158 2804 8
1192 2760 1246 2818 μέ
1277 2775 1349 2805 σοι
1381 2761 1545 2817 scripsi
1579 2763 1765 2804 auctore
1797 2761 1864 2803 Re

243 2836 318 2874 μοι
349 2820 458 2862 libri
490 2820 598 2863 edd'
644 2820 692 2862 cf
726 2822 757 2863 t.
784 2819 826 2861 Π
851 2823 985 2874 591,3
1004 2819 1044 2862 R
1226 2825 1278 2862 10
1311 2819 1557 2876 πρόθυμος
1589 2819 1789 2863 Sintenis

189 2883 240 2920 13
274 2874 329 2933 ἦν
363 2876 422 2922 ἂν
457 2880 516 2922 Μ
