1992 3094
263 113 335 166 84
777 112 1006 155 LIBANII
1037 111 1260 155 ORATIO
1292 111 1420 154 XXX
1954 0 1992 209 ἲ

262 254 382 300 Mai
424 253 669 313 descripta
710 268 734 299 6
774 251 939 299 codice
971 251 1299 299 Ambrosiano
1333 252 1357 298 I
1383 253 1449 300 49
1486 252 1567 299 fol.
1595 253 1728 300 439
1743 245 1784 318 1)
1827 253 1951 314 epis-
1975 232 1992 286 '³

260 328 419 374 tulam
459 326 644 373 Iuliani
699 325 762 372 ad
799 325 1065 373 Libanium
1105 323 1342 390 Ἀνέγνων
1396 323 1513 389 χθές
1565 328 1615 373 et
1663 341 1951 387 responsum

261 399 507 463 Λιβάνιος
534 393 806 448 Ἰουλιανῶ·
847 398 892 447 εἰ
921 405 1072 447 ταῦτα
1102 393 1375 465 γλώσσηςῗ)
1410 401 1460 446 61-
1492 399 1709 446 dialexin
1738 397 1979 452 Choricii

364 468 436 521 ‘H
466 472 674 532 διάλεξις
713 473 974 536 πεποίηται
1015 470 1120 536 μὲν,
1159 472 1283 535 πρὸς
1321 472 1374 522 τὸ
1416 473 1519 521 δεῖν
1551 471 1826 522 ἀποδοῦναι
1857 477 1979 530 κτλ-,ς

287 569 357 586 --
386 547 574 595 Ohoric.
605 564 653 608 p.
681 548 972 596 203—204
1013 547 1085 594 ed.
1119 541 1301 612 Boiss.)
1351 549 1400 594 61,
1448 563 1472 594 6
1521 547 1684 595 codice
1722 538 1990 596 Palatino*¹

262 639 334 686 gr.
363 622 468 668 282
510 621 594 669 fol.
624 622 689 670 98
731 621 881 669 verba
926 623 1124 669 nostrae
1173 623 1410 669 orationis
1460 619 1532 669 ὅτι
1579 619 1631 670 δὲ
1680 619 1762 669 καὶ
1808 620 1992 671 θύειν

263 692 403 754 ἄξιον
453 688 523 760 (p.
553 697 635 756 97,
657 688 710 760 7)
752 711 907 756 usque
947 695 1010 742 ad
1056 698 1331 757 πλημελεῖν.
1410 693 1479 742 Εἰ
1523 692 1576 743 δέ
1622 709 1697 743 σοι
1738 694 1954 758 φήσουσι

261 767 397 826 τινὰς
437 765 506 830 (p.
545 771 663 829 101,
691 762 784 834 20)
834 785 959 830 quae
1000 769 1178 816 desunt
1223 771 1276 816 in
1324 769 1621 817 editionibus
1663 768 1955 818 Gothofredi

262 847 311 891 et
349 837 607 909 Reiskfiss).

373 976 637 1023 Rationem
670 991 797 1037 quae
823 977 954 1023 inter
985 976 1072 1022 hos
1099 975 1288 1023 codices
1321 976 1582 1023 intercedit
1614 976 1832 1023 ostendit
1862 976 1957 1025 tibi

263 1052 471 1098 stemma
510 1052 545 1097 t.
571 1050 596 1096 I
626 1067 673 1111 p.
702 1051 806 1098 303
850 1051 899 1096 et
938 1051 973 1097 t.
999 1049 1050 1096 ΙΙ
1080 1067 1127 1112 p.
1155 1051 1185 1097 8
1227 1050 1551 1111 propositum.

375 1122 578 1171 Codices
614 1139 727 1171 vero
770 1139 890 1184 quos
932 1123 1234 1172 adhibendos
1275 1139 1379 1172 esse
1419 1123 1536 1171 duxi
1571 1123 1963 1172 CAPVUIBM

261 1199 315 1245 in
365 1198 487 1246 duas
541 1198 918 1260 distinguuntur
967 1198 1208 1258 familias,
1262 1213 1471 1259 quarum
1521 1199 1657 1260 prior
1708 1198 1955 1247 codicibus

266 1270 411 1332 CAP,
451 1273 609 1319 altera
644 1272 839 1319 VIBM
872 1272 1168 1331 continetur,
1218 1273 1267 1320 U
1303 1288 1360 1319 ex
1392 1274 1604 1333 utraque
1636 1274 1843 1319 mixtam
1880 1288 1953 1319 re-

262 1347 539 1393 censionem
576 1346 794 1407 praebet.
1963 1406 1966 1407 ⁷

373 1419 538 1466 Unum
587 1420 753 1467 locum
801 1420 1051 1467 Thomas
1098 1420 1409 1483 Magister,
1459 1421 1627 1481 plures
1674 1420 1958 1468 Maximus

261 1487 643 1560 Planudes4),
696 1495 967 1555 permultos
1022 1494 1320 1542 Macarius
1377 1487 1953 1560 Chrysocephalus⁵)

263 1567 505 1629 excerpsit
555 1567 720 1615 codice
766 1583 882 1615 usus
925 1568 1129 1616 alterius
1176 1569 1398 1616 familiae
1446 1568 1530 1616 sed
1576 1567 1846 1628 liberrime,
1897 1570 1956 1617 ut

263 1640 412 1689 verba
444 1644 723 1689 monstrant
754 1658 800 1703 p.
831 1644 951 1702 111,
973 1643 1040 1690 10
1082 1639 1227 1706 μικρὰ
1266 1639 1502 1706 ἠδίκησεν
1540 1658 1630 1704 pro
1670 1640 1728 1689 τὰ
1760 1639 1962 1707 μέγιστοι

264 1712 420 1777 ὤνησε
460 1716 635 1777 posita.

376 1845 548 1895 Oratio
587 1849 804 1910 primum
846 1866 874 1895 a
914 1849 1131 1896 Iacobo
1166 1847 1538 1896 Gothofredo
1579 1841 1673 1914 (=
1702 1843 1823 1915 Got)
1865 1848 1958 1896 00-

263 1922 426 1969 Ioniae
443 1921 767 1985 Allobrogum
779 1916 821 1988 6)
850 1938 978 1971 anno
999 1924 1141 1970 1634
1167 1938 1224 1969 ex
1251 1923 1535 1985 apographo
1562 1922 1744 1970 codicis
1761 1922 1953 1986 Augus-

384 2035 427 2147 23
461 2089 527 2136 Cf.
562 2047 681 2147 qual}
726 2092 824 2135 dixi
867 2092 917 2136 in
960 2092 1209 2136 annalibus
1250 2092 1644 2136 Fleckeisenianis
1689 2093 1799 2136 anni
1841 2095 1953 2136 1876

264 2165 309 2206 p.
336 2154 421 2193 497
432 2165 498 2206 sq.

384 2212 427 2263 3)
461 2211 545 2263 „R
572 2214 630 2254 98
654 2224 812 2255 aversa
845 2226 882 2254 v.
903 2214 943 2254 4.
977 2227 1006 2255 a
1029 2212 1119 2266 fine
1147 2211 1314 2266 incipit
1343 2211 1697 2266 supplementum
1732 2211 1851 2267 quod
1881 2210 1954 2254 de·

263 2268 494 2312 sideratur
535 2269 670 2312 etiam
709 2270 759 2312 iu
800 2270 1052 2314 Reislciaua
1095 2270 1341 2314 aduotante
1391 2275 1540 2314 tamen
1586 2271 1752 2314 editore
1798 2275 1900 2313 tom.
1922 2270 1954 2312 2

261 2341 307 2382 p
329 2330 420 2370 176
443 2331 537 2429 uc?
562 2328 815 2429 deIsideraii
845 2343 988 2372 unum
1012 2330 1167 2373 saltem
1200 2330 1253 2372 iu
1275 2329 1424 2373 codice
1447 2330 1722 2385 Auqustano
1745 2329 1951 2382 folium.“

385 2388 429 2441 4)
554 2388 575 2428 t
647 2402 678 2442 p
715 2391 767 2429 73
782 2402 848 2442 sq.
1991 2392 1992 2399 ¹

386 2447 429 2501 5)
463 2443 530 2487 Cf.
564 2459 704 2500 supra
734 2461 778 2501 p
805 2451 830 2488 3
864 2448 911 2490 et
943 2451 997 2488 62
1032 2448 1079 2490 et
1109 2448 1141 2490 t
1161 2446 1248 2514 [p.
1268 2450 1367 2490 351.

387 2507 430 2559 6)
463 2503 646 2546 'litulus
690 2505 909 2548 editionis
960 2506 1099 2550 hodie
1142 2505 1406 2548 rarissimae
1451 2507 1525 2562 (c.f
1566 2505 1798 2562 Hesperus
1841 2508 1951 2550 1822

267 2577 312 2618 p.
340 2565 442 2618 882)
474 2564 565 2605 cst:
614 2564 809 2607 Libauii
840 2566 1113 2609 Autiocheni
1146 2578 1233 2620 pro
1272 2565 1447 2619 templis
1487 2566 1726 2621 gentilium
1755 2578 1849 2608 ‘nou
1879 2577 1952 2609 ex*

266 2622 548 2674 scindendis,
589 2622 649 2665 ad
687 2623 979 2667 Zheodosium
1017 2625 1086 2667 M.
1112 2625 1229 2678 Imp.
1260 2624 1440 2666 Ooffatio·
1479 2628 1584 2667 ante
1617 2622 1791 2668 MOCG
1818 2625 1981 2678 seim·

269 2694 415 2724 armos
445 2682 723 2735 conscripta:
755 2682 896 2725 Nunc
921 2683 1123 2737 primum
1155 2682 1278 2726 edita
1310 2697 1339 2724 a
1371 2684 1536 2726 Iacobo
1571 2682 1843 2735 Gothofredo
1874 2681 1948 2725 10.

268 2739 473 2794 notisque
515 2739 667 2782 illustw
668 2745 760 2782 ata
825 2741 1162 2786 MDGXXXI
1167 2742 1215 2784 V
1278 2740 1497 2796 Repetita
1531 2743 1600 2783 est
1631 2742 1700 2784 ita
1731 2743 1784 2784 ut
1815 2742 1981 2784 notae»

269 2798 419 2840 textui
450 2811 543 2841 11011
575 2798 839 2853 succedant,
873 2800 953 2842 sed
979 2800 1215 2843 subiectae
1241 2799 1347 2854 sint
1382 2800 1545 2843 eodem
1578 2813 1698 2842 anno
1724 2800 1772 2842 in
1796 2795 1953 2846 Iacchi

271 2855 547 2900 Gothofredi
590 2858 816 2912 opusculis
858 2859 1082 2902 historicis
1113 2859 1324 2903 iuridicis
1356 2859 1560 2914 politices
1590 2873 1720 2903 noves
1757 2856 1951 2914 quinque

271 2914 501 2971 (Genavac
528 2918 659 2971 1634)
691 2931 735 2972 p.
757 2921 839 2958 1—
845 2921 898 2959 72
932 2920 979 2960 et
1010 2917 1059 2960 in
1083 2917 1292 2973 operibus
1315 2917 1526 2962 iuyidieis
1549 2918 1801 2962 minoribus
1831 2917 1971 2974 Lug-
