1992 3094
458 109 686 154 LIBANII
718 109 943 154 ORATIO
974 110 1058 153 AD
1090 109 1344 154 ICARIUM
1709 113 1774 164 15

199 248 284 300 27.
341 247 562 299 Τούτων
600 245 703 314 μὲν
741 241 846 298 οὗν
884 246 956 314 μὴ
997 246 1216 316 σφόδρα
1255 249 1464 315 φαίνου
1503 248 1776 317 προνοού-

87 356 251 404 μενος
295 334 433 404 μηδὲ
472 335 710 403 νομίζων
750 333 970 402 ἀγαθὸν
1014 335 1169 387 πόλει
1215 339 1544 403 τηλικοῦτον
1590 337 1776 403 κακόν,

87 432 187 478 τοῦ
227 420 288 478 δὲ
326 424 398 493 μὴ
437 427 815 492 προστεθῆναι
854 430 928 494 τῷ
963 422 1217 495 παρέδρῳ
1258 425 1539 491 πάρεδρον
1574 423 1775 493 μελέτω

89 527 191 566 σοι.
267 512 356 564 καὶ
405 513 507 582 γὰρ
547 509 804 581 ᾐσθόμην
842 521 1013 564 τινῶν
1051 519 1216 565 τοῦτο
1264 511 1670 582 μηχανωμένων
1710 513 1776 566 οὐ

87 604 277 655 πόνων
316 600 763 669 ἐπιθυμούντων,
806 599 922 653 ἀλλ’
956 601 1101 663 ὅπως
1140 599 1202 654 ἐν
1240 602 1473 670 δυνάμει
1511 609 1611 654 τοῦ
1650 621 1778 670 χρη·
1825 623 1844 654 5

88 692 407 760 ματίζεσθαι
460 688 727 758 γένοιντο.
805 688 921 742 ἀλλ’
962 690 1014 742 οἱ
1061 690 1162 757 μὲν
1209 688 1539 757 ἐθελόντων,
1594 692 1664 742 σὺ
1718 687 1779 743 δὲ

87 780 147 832 τὸ
193 781 362 832 πλείω
409 783 776 847 ταλαιπωρεῖν
822 785 921 831 τοῦ
969 786 1197 831 τοιαῦτα
1243 779 1596 832 κινδυνεύειν
1635 780 1779 848 αἱρε-

87 870 326 938 τώτερον
358 869 513 937 ἡγοῦ.
561 869 623 920 τό
655 887 712 920 τε
752 867 857 936 γὰρ
899 864 1140 936 ἀσφαλὲς
1179 870 1279 936 ἔνι,
1319 867 1410 919 καὶ
1450 868 1647 931 κάλλος
1686 868 1779 938 ἀρ-

89 964 185 1027 χῆς
223 957 290 1010 οὐ
329 957 527 1027 μικρὸν
566 957 750 1027 ἄρχων
789 957 868 1019 εἰς
905 954 1072 1025 μέσας
1111 957 1313 1019 νύκτας
1344 957 1436 1009 διὰ
1468 966 1579 1010 τῶν
1611 976 1779 1027 γραμ-

88 1045 274 1113 μάτων
306 1043 599 1115 ἐρχόμενος
622 1044 728 1098 κάν
750 1053 865 1108 τοῖς
890 1044 1187 1099 ἀπειποῦσι
1219 1046 1497 1108 διακόνοις
1518 1047 1780 1116 κρείττων
1806 1067 1847 1099 10

90 1134 167 1187 ὢν
204 1133 237 1203 ἢ
279 1133 545 1187 ἀπειπεῖν.
624 1125 744 1188 ’ὅσοι
784 1131 845 1186 δὲ
883 1138 1110 1197 πολλοῖς
1144 1131 1247 1202 μὲν
1278 1134 1611 1204 ὀφθαλμοῖς,
1649 1139 1780 1187 πολ-

92 1229 209 1286 λαῖς
256 1223 317 1276 δὲ
370 1221 524 1293 χερσὶ
578 1230 749 1276 ταῦτα
804 1221 1036 1292 ἀφέντες
1090 1223 1320 1294 εὕροντο
1378 1204 1451 1276 δι’
1483 1223 1666 1276 αὐτῶν
1715 1225 1776 1277 τὸ

88 1320 410 1382 περιπατεῖν
446 1331 503 1365 τε
542 1310 634 1365 καὶ
672 1312 810 1382 πρὸς
849 1313 909 1364 τὸ
951 1311 1168 1381 εἰσρέον
1207 1316 1412 1379 λαλεῖν,
1453 1314 1680 1379 ἄμεινον
1720 1313 1780 1365 δὲ

90 1402 265 1454 εἰπεῖν
311 1405 599 1470 φλυαρεῖν,
665 1402 671 1471 Ι
736 1399 1027 1470 ἐξήλεγξαν
1077 1399 1308 1464 ἑαυτοὺς
1357 1400 1615 1464 ἐλάττους
1660 1413 1867 1458 R11105

90 1491 252 1552 ὄντας
289 1497 388 1543 τοῦ
428 1490 743 1558 πράγματος
781 1487 872 1542 καὶ
913 1499 1103 1558 σαφῶς
1140 1491 1242 1558 τὴν
1273 1489 1426 1554 τάξιν
1456 1487 1659 1544 ἔλιπον
1685 1511 1779 1558 μο-
1806 1511 1846 1544 15

91 1577 319 1648 νονουχὶ
358 1581 620 1647 βοῶντες,
660 1579 732 1641 ὡς
771 1573 857 1632 ὧν
898 1579 1013 1631 οὐκ
1054 1577 1534 1648 ἐφικνούμεθα,
1581 1587 1781 1632 ταῦτα

92 1665 500 1736 ἐζητήσαμεν.

56 1780 61 1781 ff
204 1756 288 1809 28.
333 1758 616 1823 Βούλομαι
656 1758 724 1825 δή
764 1777 817 1810 τι
856 1755 947 1810 καὶ
986 1755 1111 1825 περὶ
1150 1764 1250 1810 τοῦ
1291 1758 1474 1825 φόβου
1516 1758 1780 1826 διελθεῖν,

91 1843 160 1899 ὃν
197 1847 336 1914 ἔχεις
373 1843 498 1914 περὶ
536 1854 648 1899 τῶν
680 1845 888 1900 ἀδίκων
919 1845 1230 1917 λημμάτων.
1301 1846 1435 1899 ὅσον
1474 1847 1578 1916 γὰρ
1617 1846 1782 1909 αὐτὸς

91 1934 304 1987 τούτων
335 1933 564 2003 ἀπέχεις,
604 1942 874 1988 τοσοῦτον
907 1933 1080 1998 ἀξιοῖς
1114 1933 1206 1987 καὶ
1238 1937 1368 1997 τοὺς
1400 1936 1533 1997 σοὺς
1565 1937 1781 2004 φίλους,
1807 1955 1849 1987 20

93 2017 155 2075 εὖ
202 2031 393 2076 ποιῶν.
471 2024 523 2076 οὶ
571 2019 631 2076 δὲ
681 2031 845 2076 τοῦτο
896 2023 997 2090 μὲν
1045 2030 1323 2092 ποιοῦσιν,
1376 2023 1782 2076 ὑποπτεύονται

95 2110 155 2164 δὲ
186 2110 252 2164 οὐ
284 2120 482 2180 ποιεῖν,
515 2110 631 2164 ἀλλ’
663 2112 733 2181 ἢν
770 2117 994 2182 μνησθῇ
1027 2132 1109 2175 τις
1141 2119 1432 2181 συμφορᾶς
1463 2112 1536 2175 ὡς
1568 2113 1782 2174 δικαίας

97 2199 380 2263 λελύσθαι,
421 2200 565 2270 ρ”ἧμα
604 2209 716 2253 πᾶν
757 2200 817 2253 ἐν
855 2200 1068 2271 ὑποψίᾳ
1113 2201 1204 2253 καὶ
1244 2201 1446 2269 μισθὸς
1483 2201 1587 2269 ἤδη
1628 2199 1781 2253 δέδο-

96 2307 182 2340 ται
230 2289 263 2357 ἢ
310 2289 668 2358 ὡμολόγηται.
745 2283 851 2342 εἷθ’
892 2290 945 2342 oz
983 2286 1110 2358 ’με’ν,
1165 2289 1257 2342 ἵνα
1302 2289 1374 2358 μὴ
1421 2297 1583 2342 τοῦτο
1629 2308 1782 2356 νομι-

98 2381 300 2445 σθῶσι,
363 2387 582 2447 σιγῶσι,
644 2380 968 2445 μεθίσταται
1024 2374 1086 2431 δὲ
1139 2386 1250 2431 τῶν
1312 2387 1489 2441 κακῶς
1542 2376 1782 2447 ἐχόντων
1807 2397 1849 2430 25
1897 2371 1902 2376 ⁸

219 2586 242 2625 1
276 2580 423 2638 φαίνη
450 2582 535 2626 Mo
657 2587 681 2625 2
714 2581 773 2639 μὴ
808 2581 858 2627 δὲ
890 2583 1105 2627 PIMoV
1234 2587 1260 2626 3
1292 2584 1612 2637 προστεθῆναι
1642 2582 1677 2624 Ι
1701 2580 1782 2624 sed

99 2653 150 2683 στ
179 2639 228 2683 in
252 2652 327 2684 ras
349 2641 420 2684 111³
564 2645 618 2685 10
650 2639 903 2700 ἀρχόμενος
927 2642 959 2683 Ι
980 2643 986 2696 Ι
1014 2641 1265 2685 ἀπαιτοῦσι
1297 2642 1382 2686 Mo
1413 2641 1495 2684 sed.
1526 2657 1556 2683 α
1589 2641 1631 2696 (2
1681 2639 1731 2682 in
1763 2654 1783 2683 ε

73 2710 199 2742 ⁴-corr
349 2704 400 2743 11
435 2701 619 2751 πολλοῖς
647 2701 682 2744 Ι
828 2704 882 2743 12
914 2706 1060 2743 ταῦτα
1091 2699 1289 2756 ἀφέντες
1317 2699 1504 2756 reposui
1536 2712 1560 2742 e
1591 2698 1626 2741 li
1661 2698 1723 2741 ris

99 2756 252 2801 πάντα
285 2757 471 2814 ἐφέντες
493 2759 561 2803 Re
588 2761 594 2815 Ι
623 2757 689 2804 δι’
716 2759 871 2803 αὐτῶν
903 2773 977 2802 om
1000 2759 1036 2802 I
1152 2763 1205 2803 13
1238 2755 1284 2804 δ’
1312 2758 1382 2803 Re
1503 2763 1558 2802 14
1591 2757 1784 2806 ἑαυτοὺς

73 2817 284 2873 ‘reposui
316 2830 340 2861 e
371 2818 504 2862 libris
589 2815 635 2863 δ’
664 2818 834 2868 αὑτοὺς
864 2816 931 2860 Re
1078 2821 1131 2861 19
1164 2815 1274 2863 ὅσον
1307 2818 1352 2861 Ρ
1379 2817 1459 2861 sed
1493 2833 1518 2861 ο
1543 2819 1604 2874 (2)
1634 2816 1683 2859 in
1707 2829 1782 2859 ras

99 2918 169 2962 ωδ
289 2923 343 2963 22
377 2893 514 2977 μῧυν
541 2922 548 2977 1
575 2920 617 2964 εἰ
649 2922 692 2965 V
