1992 3094
477 111 703 155 LIBANII
735 110 962 156 ORATIO
994 111 1074 154 DE
1107 108 1443 156 VENEFICIIS
1692 111 1800 163 233

113 249 307 301 ἄλλοτε
331 248 521 310 ἄλλαις
543 254 734 315 συνῆν.
781 248 863 299 12.
888 245 994 314 ἐγὼ
1020 244 1081 300 δὲ
1107 246 1419 316 οὐδέτερον,
1445 245 1563 300 ἀλλ’
1586 240 1803 315 ἔφυγον

111 333 213 404 μὲν
242 337 302 388 τὸ
337 338 529 404 ζητεῖν,
568 336 749 405 ὥσπερ
783 334 811 388 ὁ
845 336 1126 404 πρότερος,
1166 345 1405 404 κρατεῖν,
1441 332 1510 403 ἦν
1542 335 1604 388 δὲ
1635 335 1804 389 οὐδὲν

113 424 302 487 ἐοικὼς
338 430 413 496 τῷ
447 423 687 496 δευτέρῳ
733 425 870 477 κατὰ
907 425 1022 506 τὴν
1047 424 1238 493 φύσιν,
1279 422 1396 477 ἀλλ’
1429 423 1803 506 ἀναμίγνυμαι

111 511 212 582 μὲν
240 512 454 566 ἅπασιν
490 511 552 566 ἐν
583 512 775 566 οὐδενὶ
805 503 1156 566 πλεονεκτεῖν
1187 513 1418 575 οὐδενὸς
1449 511 1635 581 ἀξιῶν,
1675 503 1804 566 ἄλλ’

111 601 184 654 ἀπ
198 600 359 655 ’ἴσου
397 608 497 654 τοῦ
538 603 809 670 σχήματος
840 601 1263 671 συνδιατρίβων.
1333 605 1501 669 γελᾶν
1534 602 1595 654 δὲ
1627 600 1800 665 ἔξεστι

111 691 201 744 καὶ
242 691 512 744 σκώπτειν
550 690 640 743 καὶ
664 678 905 754 παίζειν.
984 690 1073 742 καὶ
1120 690 1261 759 τάμὰ
1299 697 1408 743 νῦν
1446 687 1548 759 μὲν
1594 691 1804 759 ἡγεῖται

111 790 222 834 τῶν
280 778 417 849 παρ’
451 778 704 846 ἐκείνων,
772 786 881 831 νῦν
942 777 991 831 δ’
1032 778 1230 832 ἕπεται.
1322 779 1484 842 νέους
1546 780 1607 832 δὲ
1668 778 1796 847 παρ’

113 869 299 932 αὑτοῖς
352 868 573 921 ἀκούων
620 869 822 936 γύναια
867 867 1094 936 τρέφειν
1147 867 1250 921 οὐκ
1301 867 1531 937 ἐποίησα
1580 869 1642 925 τὸ
1692 877 1805 920 τῶν

111 956 472 1026 ἠδικημένων,
528 955 643 1010 ἀλλ’
686 962 810 1010 ἴσον
864 956 1103 1026 ἀπέσχον
1157 964 1256 1010 τοῦ
1310 976 1367 1010 τε
1430 957 1804 1025 ἀγανακτησαι

111 1045 200 1099 καὶ
239 1052 339 1099 τοῦ
370 1054 746 1115 προσαιτήσαι.
801 1047 903 1115 τὴν
937 1049 943 1111 Ι
980 1046 1041 1099 δὲ
1072 1055 1183 1126 τῶν
1214 1044 1485 1118 πατρῴων
1517 1053 1654 1115 πρᾶ-
1686 1058 1728 1101 R
1747 1057 1790 1101 II
1807 1063 1892 1102 314

112 1149 202 1188 σιν
256 1134 323 1188 οὐ
377 1130 727 1205 θεραπεύσας
781 1133 938 1206 ἑτέρα
998 1137 1208 1204 κτήσει,
1270 1138 1574 1197 πλουσίους
1629 1135 1689 1188 δε
1744 1133 1803 1187 ἐκ

113 1227 363 1293 πενήτων
400 1225 556 1286 τινὰς
594 1222 823 1277 ἐκείνων
869 1223 1017 1293 ὁρῶν
1063 1232 1178 1286 τοῖς
1222 1224 1325 1291 μὲν
1372 1226 1665 1292 συνήσθην
1710 1232 1804 1293 τῆς

114 1313 294 1382 τύχης,
334 1311 549 1385 ἐμαυτῷ
583 1309 644 1365 δὲ
678 1312 745 1366 οὐ
779 1312 1191 1382 συνηχθέσθην.
1243 1312 1326 1365 13.
1352 1310 1469 1365 ἀλλ’
1502 1312 1634 1365 οὐδὲ
1664 1318 1804 1380 θρα-

113 1400 435 1470 συνομένων
484 1411 654 1455 τινῶν
703 1400 794 1454 καὶ
845 1410 909 1472 τῇ
961 1411 1072 1454 τῶν
1119 1401 1405 1471 ἀρχόντων
1455 1403 1614 1472 φιλίᾳ
1666 1402 1805 1470 πρὸς

117 1490 424 1559 ὑπεροψίαν
463 1489 763 1560 χρωμένων
801 1495 991 1558 θυμοῦ
1030 1509 1086 1542 τε
1127 1489 1478 1559 ἐνεπλήσθην
1516 1489 1606 1543 καὶ
1641 1511 1803 1557 τιμω-

113 1580 239 1646 ρίαν
270 1577 514 1648 ἑζήτησα,
557 1577 674 1632 ἀλλ’
699 1580 772 1642 ὡς
803 1576 905 1649 μὲν
937 1579 1005 1632 οὐ
1039 1579 1225 1632 δίκαια
1255 1587 1444 1646 ταῦτα,
1476 1580 1803 1648 ἠπισταμην,

112 1666 304 1748 φέρειν
366 1665 429 1751 δὲ
489 1668 634 1737 ὅμως
688 1666 895 1737 ἠξίουν.
963 1669 1149 1721 ἄλλων
1210 1668 1271 1721 δὲ
1334 1669 1521 1730 ἄλλοις
1580 1683 1803 1737 προστι-

111 1749 364 1824 θεμένων
408 1755 536 1826 παρ’
567 1756 776 1826 ἡμέραν
821 1758 996 1824 νόμον
1041 1760 1297 1825 κείμενον
1343 1758 1804 1826 παραβαινόντων

113 1842 267 1915 ᾔδειν
305 1842 406 1915 μὲν
444 1847 544 1914 τὴν
580 1845 684 1898 ἀπὸ
717 1853 816 1899 τοῦ
848 1846 1102 1912 πλήθους
1134 1846 1329 1914 λύπην,
1370 1845 1444 1908 ὡς
1483 1844 1533 1897 δ’
1564 1844 1634 1898 ἂν
1673 1847 1803 1898 ἄλυ-

112 1951 212 1996 πος
250 1934 386 2003 εἴην,
432 1935 705 2004 ἡσύχαζον
751 1937 888 2005 πρός
933 1954 991 1987 τε
1037 1936 1331 2003 καινότητα
1379 1932 1570 2003 ἑτέραν
1616 1935 1799 2004 ὥσπερ

113 2041 194 2084 τις
231 2023 496 2093 σιδηροῦς
534 2022 881 2093 ἐκαρτέρησα.
951 2024 1042 2076 καὶ
1081 2026 1295 2076 πλειόσι
1334 2023 1437 2092 μὲν
1475 2021 1579 2092 ἔχω
1620 2026 1803 2092 λόγοις

114 2109 399 2187 κάνταῦθα
446 2113 726 2165 δεικνύειν
773 2111 1028 2181 ἐμαυτόν,
1084 2111 1275 2181 ἀρκεῖν
1321 2108 1381 2164 δὲ
1428 2111 1666 2180 ἡγοῦμαι
1712 2113 1802 2165 καὶ

113 2207 295 2254 ταῦτα.
372 2201 515 2254 οὕτω
571 2202 659 2254 καὶ
714 2202 765 2254 εἴ
807 2221 890 2264 τις
940 2202 1153 2264 τούτων
1206 2197 1377 2268 οἶδεν,
1433 2201 1579 2264 ὅπως
1632 2202 1800 2268 δεῦρο

233 2365 287 2404 ιο
320 2360 377 2406 of.
403 2361 636 2417 t.181‚7;
674 2366 825 2415 143,4.
860 2360 952 2405 nn
978 2360 1178 2415 390‚5R
1299 2366 1351 2405 21
1388 2360 1445 2405 of.
1473 2360 1557 2406 od.
1585 2365 1718 2418 {1280

233 2508 729 2577 3κατὰ-.4ἀξιῶν
762 2510 911 2553 omV
1074 2506 1367 2565 6τὰ’μὰΑ
1532 2507 1741 2552 ΊδὲΒε

115 2570 141 2608 8
173 2567 331 2619 αὑτοῖς
361 2568 526 2624 scripsi
558 2571 746 2612 auctore
772 2568 944 2612 Cobeto
971 2567 1195 2611 C011.132
1259 2568 1418 2619 αὐτοῖς
1449 2567 1557 2610 libri
1590 2567 1670 2610 sed
1704 2585 1719 2610 ι
1752 2567 1800 2610 in

46 2681 51 2686 .
115 2637 188 2668 ras
213 2626 298 2680 ΡΞ,
330 2641 384 2669 ex
408 2644 436 2670 υ
469 2641 571 2671 corr
593 2628 663 2681 1²,
697 2628 787 2670 edd
816 2631 821 2683 Ι
850 2627 1020 2684 γύναια
1054 2626 1218 2683 scripsi
1251 2629 1439 2670 auctore
1464 2626 1637 2671 Cobeto
1662 2625 1690 2670 l.
1710 2626 1738 2670 1

116 2682 269 2740 γένεια
301 2684 410 2729 libri
442 2686 532 2729 edd
669 2691 694 2729 9
729 2683 829 2730 ἴσον
855 2687 900 2730 Ρ
929 2686 1052 2758 ⁸‚ed
1082 2686 1128 2728 in
1157 2684 1167 2699 '
1200 2699 1301 2729 corr
1325 2685 1407 2739 ωδ,
1434 2686 1478 2728 Β
1624 2690 1678 2728 10
1710 2701 1800 2728 πα-

115 2743 271 2795 τρώων
297 2745 341 2788 Β
434 2751 515 2788 11
550 2744 722 2799 πρᾶσιν
755 2747 800 2790 Ρ
829 2744 952 2788 sed‘
987 2745 1076 2787 in
1113 2758 1214 2788 corr
1237 2745 1318 2798 ωδ,
1344 2746 1389 2789 Β
1417 2747 1423 2801 Ι
1452 2743 1581 2805 ἑτέρᾳ
1613 2744 1801 2800 reposui

117 2814 141 2843 e
164 2800 298 2845 libris
324 2802 477 2858 (ὑτέρα
502 2805 553 2859 Ι)
614 2803 780 2865 ὑστέρα
807 2805 896 2847 edd
925 2807 930 2857 Ι
958 2803 1004 2847 τὲ
1030 2805 1075 2848 Β
1200 2808 1252 2846 12
1284 2810 1381 2853 τοῖς
1406 2804 1450 2847 Ρ
1479 2790 1594 2846 sed*
1621 2803 1714 2846 add
1732 2803 1803 2845 ω8

178 2865 230 2902 14
276 2867 331 2919 τῇ
365 2875 438 2904 οω
465 2862 595 2919 Bong
779 2868 830 2906 17
880 2859 926 2907 δ’
955 2865 1016 2919 (1)
1050 2863 1116 2906 Re
1302 2868 1353 2905 18
1398 2861 1671 2918 παρημέραν
1706 2863 1748 2906 V

119 2922 172 2960 19
205 2916 264 2963 ἂν
297 2920 369 2963 sl?
491 2926 543 2963 21
580 2920 860 2978 ἐκαρτέρησα
895 2922 940 2965 Ρ
969 2922 1048 2965 sed
1082 2939 1139 2975 αρ
1173 2923 1220 2964 et
1253 2937 1273 2965 ε
1304 2921 1351 2964 in
1378 2934 1451 2964 ras
1475 2922 1544 2964 m⁴

1829 1159 1869 1189 11

1830 1512 1870 1544 15

1826 1957 1869 1988 20
