1992 3094
637 89 978 134 PRAEFATIO
1013 88 1250 135 CRITICA
1695 91 1795 135 LIX

106 235 434 294 θρηνοῦντες,
473 231 690 279 πωλοῦσι
730 226 782 277 δὲ
821 227 1158 293 ἀκολούθους,
1201 227 1423 294 τροφέων
1462 230 1620 293 υἱούς,
1659 228 1792 279 ἀντι-

105 300 506 368 λαμβανομένους
532 309 629 350 τῶν
660 309 747 351 τοῦ
774 306 1057 362 πωλοῦντος
1079 303 1300 369 γονάτων
1325 307 1374 352 et
1396 307 1431 352 t.
1449 305 1526 353 III
1544 306 1790 367 474‚3sq.

108 377 290 426 Contra
328 392 517 424 merum
555 380 814 440 θεραπεῖαι
853 377 971 439 quid
1015 377 1110 425 sibi
1147 378 1291 439 velit,
1339 394 1415 426 me
1463 395 1560 427 non
1599 378 1790 426 intelle-

105 467 219 515 gere
258 450 504 499 confiteor.
581 450 938 500 Herwerdenus
978 452 1036 499 de
1073 453 1327 500 curatione
1361 468 1619 515 aegrorum
1660 455 1790 516 cogi·

103 528 233 574 tasse
271 525 481 586 videtur,
521 541 638 573 nam
676 525 888 573 contulit
925 525 1090 574 locum
1129 541 1197 573 or.
1229 526 1346 573 XXI
1381 543 1427 589 p.
1454 527 1657 587 459‚22
1700 525 1792 575 οὐκ

105 597 291 663 ἔχοντες
323 596 489 664 ἰατρὸν
521 595 799 646 ἀντιθεῖναι
829 603 930 658 τοῖς
961 597 1015 647 ἐκ
1045 606 1131 662 τῆς
1165 599 1501 664 ταλαιπωρίας.
1572 600 1641 647 At
1674 600 1791 662 quid

102 676 218 721 sunt
256 676 515 737 θεραπεῖαι
553 670 606 721 έν
646 671 706 721 οὐ
746 676 982 737 φορητοῖς
1020 672 1289 736 καμάτοιςὶ)

830 804 870 854 Ο
881 824 919 855 r.
958 806 1062 853 XX.

211 910 257 956 p.
290 895 413 954 423,
442 895 472 942 5
524 893 680 963 τούτῳ
732 891 783 943 δὲ
835 892 939 944 ὄντι
988 893 1202 962 τοσούτῳ
1253 892 1312 942 τὰ
1363 893 1445 943 διὰ
1494 902 1590 943 τῶν
1636 894 1790 961 ἔργων

99 965 353 1031 ἐπέθηκαν
399 967 666 1034 δραμόντες
713 966 791 1018 ε’πὶ
839 966 891 1018 σέ
936 986 983 1017 τε
1030 966 1111 1017 καὶ
1162 967 1252 1032 τὴν
1299 973 1510 1034 γυναῖκα
1560 967 1650 1032 τὴν
1697 968 1790 1032 σὴν

100 1039 182 1090 καὶ
219 1039 362 1090 τέκνα
392 1038 545 1106 <καὶ>
575 1042 710 1108 χερσί
744 1061 791 1091 τε
831 1041 914 1091 καὶ
952 1042 1119 1101 κάλοις
1157 1049 1308 1091 ταῦτα
1347 1042 1589 1102 δείξαντες
1627 1044 1788 1108 χαμαί.

100 1116 313 1177 Inserui,
358 1117 412 1164 id
451 1117 583 1179 quod
622 1117 785 1165 nescio
826 1133 890 1164 an
928 1117 1287 1165 Herwerdenus
1329 1119 1379 1166 et
1421 1117 1660 1166 Polakius
1698 1119 1788 1165 im-

98 1189 322 1252 probent,
360 1188 457 1251 καὶ,
495 1193 552 1238 ut
583 1191 766 1239 habeat
797 1191 1039 1250 δείξαντες
1070 1207 1168 1253 quo
1201 1207 1312 1239 cum
1345 1190 1609 1255 δραμόντες
1641 1207 1787 1254 copu-

100 1263 240 1312 letur.
323 1265 454 1312 Nam
508 1282 555 1313 τε
610 1265 674 1313 ad
726 1265 861 1330 χερσί
910 1266 1140 1327 pertinet.
1236 1265 1306 1313 At
1363 1266 1494 1328 quod
1547 1265 1788 1324 δείξαντες

98 1338 389 1385 mutandum
432 1341 644 1400 censent,
683 1340 736 1387 in
776 1339 1010 1404 ῥίψαντες
1040 1339 1414 1400 Herwerdenus,
1454 1340 1506 1387 in
1546 1339 1788 1398 σείσαντες

99 1410 345 1473 Polakius,
384 1429 462 1460 me
496 1413 694 1474 quidem
726 1430 822 1462 non
855 1414 1040 1461 habent
1072 1415 1437 1475 assentientem,
1477 1415 1660 1476 quippe
1701 1414 1786 1475 qui

95 1486 249 1534 sciam
281 1502 430 1548 quam
461 1487 630 1536 crebro
654 1487 861 1536 verbum
890 1486 1143 1535 δεικνύναι
1173 1487 1413 1535 Libanius
1446 1488 1510 1535 ad
1542 1489 1787 1535 actionem

96 1575 440 1622 quamcunque
479 1561 667 1624 aliquid
707 1553 1107 1610 manifestantem
1143 1561 1458 1610 indicandam
1491 1562 1786 1610 adhibuerit.

100 1632 170 1683 Cf.
194 1636 230 1681 t.
253 1634 331 1682 III
356 1636 556 1696 454,12
592 1634 754 1694 δείξας
785 1634 816 1684 ἃ
847 1632 940 1684 κᾶν
972 1634 1264 1700 αἰσχυνθείη
1298 1653 1370 1694 τις
1399 1634 1578 1696 εἰπεῖν;
1620 1637 1784 1696 449,5

97 1706 278 1767 δείξατε
316 1707 463 1757 πάλιν
501 1707 592 1772 τὴν
631 1710 819 1774 βουλὴν
858 1707 1142 1771 ἀνθοῦσαν;
1181 1712 1215 1757 t.
1249 1710 1299 1757 II
1333 1711 1550 1771 428,14.

208 1798 253 1843 p.
280 1783 481 1844 428,17
515 1779 618 1850 ᾥου
655 1782 717 1846 δὴ
758 1783 977 1848 βελτίους
1016 1781 1326 1848 ἀμφοτέρους
1364 1778 1490 1832 εἶναι
1529 1782 1594 1847 μὴ
1635 1797 1784 1848 προσ-

98 1852 275 1915 θέντας
319 1854 378 1904 τὰ
423 1857 821 1922 σκυθρωπότερα.
898 1858 1230 1906 Herwerdeno
1278 1860 1329 1906 et
1366 1858 1519 1906 Asmo
1567 1854 1628 1905 ἂν
1669 1860 1784 1905 ante

95 1925 402 1995 ἀμφοτέρους
438 1932 767 1980 inserentibus
810 1931 1100 1994 adstipulor.

205 2020 252 2066 p,
286 2006 492 2066 429,11
545 2001 570 2053 ὅ
619 2002 670 2054 δὲ
717 2004 802 2055 τὸν
848 2003 1085 2071 ἐγγυτέρω
1133 2004 1517 2070 διακρουόμενος
1563 2004 1784 2053 θάνατον

95 2073 236 2141 ἤγετο
276 2075 457 2127 στένων
495 2078 743 2129 πινόντων
778 2077 831 2128 ἐκ
868 2086 965 2127 τῶν
997 2077 1161 2144 ἀγρῶν
1201 2076 1310 2145 ἄχρι
1349 2077 1510 2142 μέθης
1547 2086 1644 2127 τῶν
1676 2077 1785 2144 περὶ

95 2148 180 2199 τὸν
219 2149 387 2214 λιμένα
425 2151 791 2216 κεκακωμένων.
861 2153 1220 2202 Herwerdenus
1260 2154 1470 2201 coniecit
1508 2151 1649 2218 ἤγετο
1682 2150 1784 2201 στέ-

96 2241 198 2272 νων
248 2223 300 2273 ἐκ
348 2233 445 2275 τῶν
495 2224 660 2292 ἀγρῶν
711 2223 879 2291 <ὑπὸ>
930 2225 1177 2276 πινόντων
1233 2221 1336 2292 (vel
1386 2222 1624 2294 πιόντων)
1676 2224 1784 2290 ἄχρι

97 2294 256 2361 μέθης
291 2302 387 2349 κτλ.
456 2301 526 2348 At
565 2301 683 2363 quid
722 2301 966 2349 medicina
1004 2302 1205 2348 minime
1245 2301 1347 2348 leni
1386 2303 1638 2349 assecutus
1678 2300 1783 2349 est?

97 2367 237 2436 ἤγετο
275 2371 328 2421 ἐκ
366 2381 462 2422 τῶν
501 2372 665 2440 ἀγρῶν
702 2376 850 2437 plane
890 2375 1203 2423 intolerabile
1243 2378 1330 2423 est.
1404 2375 1444 2422 E
1486 2376 1782 2438 quibusnam

97 2446 227 2492 enim
273 2449 404 2511 agris
445 2448 696 2512 Eugenius
743 2447 1001 2497 educitur?
1079 2449 1145 2495 Et
1187 2464 1336 2511 quam
1375 2448 1498 2496 dura
1536 2451 1783 2497 structura

97 2518 355 2568 verborum
400 2519 498 2571 ὑπὸ
544 2522 790 2572 πινόντων
836 2519 946 2587 ἄχρι
993 2519 1154 2585 μέθης
1199 2529 1296 2570 τῶν
1334 2520 1444 2588 περὶ
1490 2521 1575 2571 τὸν
1615 2519 1782 2585 λιμένα

95 2592 466 2656 κεκακωμένωνῐ
535 2597 676 2644 Nihil
711 2597 1016 2644 mutandum.
1086 2594 1227 2660 ἤγετο
1260 2593 1443 2644 στένων
1474 2597 1611 2643 nullo
1644 2595 1780 2643 addi-

96 2666 313 2716 tamento
355 2671 466 2733 eget
504 2670 600 2717 nisi
638 2670 881 2734 genetivis
920 2669 1159 2718 absolutis
1199 2676 1297 2718 τῶν
1335 2667 1445 2735 περὶ
1487 2668 1572 2719 τὸν
1611 2666 1781 2732 λιμένα

95 2739 446 2804 κεκακωμένων
484 2743 730 2793 πινόντων
770 2742 823 2792 ἑκ
860 2750 957 2791 τῶν
996 2740 1160 2808 ἀγρῶν
1198 2737 1292 2809 (=
1324 2745 1442 2791 dum
1473 2746 1556 2803 qui
1585 2744 1639 2790 in
1672 2745 1782 2802 effo-

31 2860 34 2862 ,
96 2812 267 2861 diendo
297 2820 446 2875 portu
484 2815 773 2866 Seleuciensi
820 2819 1080 2864 excruciati
1120 2821 1279 2867 erant,
1329 2832 1385 2864 ex
1430 2819 1564 2877 ayris
1608 2819 1640 2864 i.
1681 2831 1717 2864 e.
1758 2830 1782 2863 e

96 2886 223 2934 villis
253 2890 578 2948 ayricolarum
608 2906 758 2951 usque
789 2891 855 2938 ad
886 2891 1141 2950 crapulam
1177 2892 1341 2938 vinum
1373 2891 1576 2954 bibunt).
1638 2887 1784 2954 ἀγροί
