1992 3094
338 153 564 198 LIBANII
597 153 823 199 ORATIO
854 155 921 199 IN
950 155 1345 200 EUSTATHIUM
1377 157 1583 203 CAREM
1693 159 1800 213 355

110 308 267 357 τερος
298 288 540 358 ἐφεστὼς
573 292 878 358 δυνάμεσιν
917 291 1166 361 ἠγάπησέ
1200 312 1256 346 τε
1296 293 1466 346 αὐτὸν
1495 291 1585 347 καὶ
1627 303 1802 348 κατεῖ-

111 379 209 431 δεν
240 377 480 448 ἀκριβῶς
506 381 598 433 καὶ
631 381 778 444 ὅπως
800 382 1141 452 καρπώσεται
1173 383 1302 444 τοὺς
1330 383 1547 450 λόγους,
1580 381 1800 451 ἐποίησε

108 466 387 536 πρέποντα
424 474 499 541 τῷ
532 469 682 538 γένει
722 471 886 541 δρῶν.
956 473 1207 523 Μουσῶν
1245 471 1349 539 γὰρ
1384 474 1634 539 Περσεὺς
1673 470 1801 540 ὁμο-

108 556 338 625 πάτριος
376 556 632 627 ἀδελφός,
672 556 727 622 ἐξ
768 554 938 629 οὗπερ
979 554 1149 612 οὗτοι.

219 644 267 698 5.
331 646 440 699 Τὸν
471 649 634 716 Κᾶρα
666 644 725 700 δὲ
766 649 851 701 δεῖ
887 649 1171 701 πιστεύειν
1209 648 1298 700 καὶ
1337 647 1478 716 ὑμᾶς
1514 645 1596 700 ἐπ’
1627 648 1798 717 ἄκρον
1846 669 1866 701 5

107 732 370 804 ἔρχεσθαι
408 743 503 804 τῆς
540 735 750 805 τέχνης,
791 738 840 789 εἰ
878 735 969 789 καὶ
1009 739 1167 805 μήπω
1206 732 1500 804 τυγχάνετε
1541 735 1800 804 λέγοντος

107 823 412 892 ἀκηκοότες.
501 823 561 878 ἐκ
606 826 711 894 γὰρ
759 827 827 894 δὴ
879 834 975 894 τῆς
1020 825 1330 894 ἀκροάσεως
1377 824 1647 894 ἑωράκατε
1700 826 1798 878 τὸν

14 975 22 982 ¹
107 912 326 983 ῥήτορα.
419 913 564 966 οὕτω
619 922 731 967 πᾶν
784 915 846 967 τὸ
906 916 1206 983 λεγόμενον
1265 921 1363 967 τοῦ
1424 915 1798 982 προσήκοντος

104 1000 278 1070 ἠξίου.
340 1003 485 1065 εἰκὸς
507 1005 703 1056 τοίνυν
735 1004 908 1057 αὐτὸν
934 1003 1024 1056 καὶ
1059 1004 1263 1057 ὁπόταν
1294 1002 1579 1071 ἐργάζηται
1613 1004 1797 1070 λόγον,

104 1098 205 1144 τοῦ
258 1093 654 1160 προσήκοντος,
685 1094 982 1162 τυγχάνειν
1037 1092 1318 1163 φεύγοντά
1368 1110 1426 1143 τε
1474 1090 1506 1143 ἃ
1552 1092 1654 1160 χρὴ
1707 1092 1794 1143 καὶ
1824 1113 1864 1143 ιο

106 1180 380 1233 διώκοντα
433 1179 467 1232 ἃ
520 1166 798 1251 προσήκει.
891 1185 1073 1250 λόγων
1134 1182 1195 1234 δὲ
1256 1181 1498 1249 δύναμιν
1559 1178 1799 1248 ἐσχηκὼς

105 1265 368 1339 ἐπιεικείᾳ
405 1272 702 1340 κεκόσμηκε
744 1272 847 1340 τὴν
884 1273 1069 1341 ψυχὴν
1108 1270 1274 1340 ὀργῆς
1312 1289 1368 1321 τε
1416 1268 1499 1321 ὅτι
1538 1273 1798 1322 πλεῖστον

27 1399 30 1402 .
106 1356 322 1427 ἀπέχων
371 1357 539 1428 ὀργὰς
585 1358 656 1412 ἂν
702 1359 905 1430 ἑτέρων
961 1359 1175 1428 ἐνέγκαι
1223 1354 1284 1411 εὗ
1338 1357 1481 1424 μάλα
1535 1360 1694 1426 φωνή
1739 1376 1796 1410 τε

105 1446 251 1519 αὐτῷ
284 1446 560 1517 πρᾳοτέρα
598 1451 661 1502 τό
700 1469 758 1502 τε
796 1452 1096 1520 πρόσωπον
1135 1447 1195 1501 ἐν
1233 1447 1586 1516 μειδιάματος
1619 1444 1795 1517 μέτρῳ

0 1539 32 1566 ’·
107 1538 401 1589 συνουσίαι
454 1555 514 1589 τε
568 1538 624 1590 αἱ
670 1548 883 1607 πρῶται
935 1539 1123 1607 φιλίας
1169 1536 1613 1605 ἀπεργαζόμεναι.
1689 1534 1794 1604 ὅτῳ
1820 1553 1862 1585 15

105 1625 208 1693 γὰρ
248 1623 415 1694 ἐγγύς
453 1645 512 1678 τε
549 1623 710 1680 ἔλθοι
749 1628 840 1680 καὶ
882 1627 1178 1693 κατασταίη
1218 1626 1455 1692 πλησίον
1493 1621 1582 1675 καὶ
1629 1623 1797 1691 μικρὰ

36 1712 40 1715 ἢ
106 1713 441 1783 διαλεχθείη,
479 1723 682 1769 τοῦτον
721 1716 896 1779 εὐθὺς
933 1714 1099 1783 ἔλαβέ
1133 1734 1189 1767 τε
1228 1713 1318 1766 καὶ
1357 1710 1480 1781 ἔχει.

222 1880 251 1918 4
281 1874 345 1919 Io.
371 1874 481 1919 Mal.
507 1875 551 1919 11
580 1891 626 1932 p.
653 1881 724 1931 37,
746 1881 798 1919 17
817 1875 871 1920 D.
997 1881 1052 1919 14
1084 1875 1198 1920 Xen.
1226 1874 1362 1919 Conv.
1390 1878 1430 1925 8,
1450 1876 1474 1913 3

224 2027 250 2066 2
274 2025 570 2079 καρπώσεται
594 2024 762 2081 scripsi
821 2024 1121 2081 καρπώσηται
1144 2023 1254 2067 libri
1279 2021 1370 2066 edd
1477 2023 1502 2062 6
1527 2019 1607 2062 καὶ
1632 2018 1673 2091 εἰ
1699 2019 1741 2062 V

107 2085 130 2124 7
164 2081 223 2138 δὴ
248 2096 324 2126 om
348 2085 460 2127 ΒΜ
479 2083 612 2141 Bong
734 2088 788 2126 13
822 2082 1027 2139 φωνή-
1050 2088 1103 2127 14
1128 2081 1273 2140 μέτρῳ
1297 2080 1552 2138 praemisso
1580 2093 1793 2134 κειμενον

104 2140 154 2184 in
185 2155 320 2198 marg
349 2141 408 2185 1²
545 2147 600 2185 14
630 2142 867 2203 πρᾳοτέρα
899 2143 1064 2200 scripsi
1124 2139 1298 2196 πατρία
1328 2139 1439 2183 libri
1470 2136 1561 2182 edd
1621 2143 1791 2203 πραεῖα

106 2198 252 2245 Cobeiz
289 2199 404 2246 0011.
438 2205 523 2245 135
681 2206 734 2245 15
776 2199 889 2246 ὅταν
924 2203 968 2246 V
1020 2200 1139 2246 οὕτω
1179 2200 1313 2257 Bong
1350 2199 1432 2243 sed
1471 2196 1558 2254 ὅτῳ
1600 2208 1701 2267 cogn

107 2262 161 2302 16
195 2259 310 2316 ἔλθη
341 2262 391 2304 et
419 2267 623 2316 καταστῇ
655 2263 704 2305 et
737 2265 788 2303 17
822 2262 1048 2319 διαλεχθῆ
1084 2261 1127 2304 V
1306 2263 1358 2302 17
1390 2258 1507 2313 πρὸς
1537 2255 1794 2299 εὐσταθιον

104 2317 186 2362 τὸν
216 2318 342 2375 κάρα
373 2321 512 2376 (κᾶρα
543 2322 594 2378 Ι)
629 2319 789 2364 subscr
819 2321 899 2364 ΡΙ

1434 3038 1520 3081 23‘
