1992 3094
197 93 266 145 88
708 91 935 135 LIBANII
967 88 1191 134 ORATIO
1223 88 1350 132 XXX

197 248 320 295 κας,
371 226 788 295 ἐνθυμούμενος
828 225 914 294 δέ,
965 226 1038 288 ὡς
1078 225 1178 278 οὐκ
1218 226 1362 287 εἰκὸς
1411 225 1483 293 μὴ
1532 225 1750 294 σφόδρα
1786 224 1889 278 τὸν

196 313 257 369 εὗ
290 318 541 369 παθόντα
573 320 758 383 φιλεῖν
790 315 888 367 τὸν
919 309 979 367 εὖ
1012 315 1362 381 πεποιηκότα.
1425 311 1572 365 τοῦτ’
1606 313 1738 366 αὐτὸ
1779 314 1886 380 γάρ

198 405 311 458 ἐστι
361 403 451 456 καὶ
502 402 575 456 δι’
605 404 633 457 ὃ
682 403 1086 472 συμβουλεύειν
1140 399 1290 471 οἶμαι
1345 403 1465 454 δεῖν
1515 401 1642 472 περὶ
1690 398 1768 455 ὧν
1814 401 1888 456 ἂν

196 493 406 560 ἡγῶμαι
447 494 683 561 χρηστόν
721 512 772 544 τι
806 491 994 555 λέξειν.
1066 493 1242 553 ἄλλως
1280 487 1382 560 μὲν
1421 491 1525 560 γὰρ
1567 491 1669 544 οὐκ
1709 490 1779 544 ὀὲν
1809 496 1885 562 τῷ
1944 503 1949 571 ’Ἰ

155 602 173 634 5
197 583 412 648 βασιλεῖ
473 581 746 648 δυναίμην
808 579 1117 633 ἀποδοῦναι
1179 580 1424 648 χάριτας,
1488 582 1673 647 λόγοις
1727 578 1779 632 δ’
1817 578 1886 632 ἂν
1948 623 1956 634 ,-

198 676 327 732 ἴσως
365 672 557 738 μόνοις
595 670 684 722 καὶ
724 677 839 731 τοῖς
878 668 983 721 ἀπὸ
1023 677 1136 721 τῶν
1175 670 1367 736 λόγων.

308 758 356 810 2.
394 757 552 821 Δόξω
585 755 687 827 μὲν
711 753 814 811 οὖν
846 758 948 810 οὐκ
979 757 1189 825 ὀλίγοις
1220 757 1490 810 κίνδυνον
1521 759 1700 810 πολὺν
1730 755 1886 827 ἔχου·
1947 772 1949 774 ’

198 862 289 900 σιν
329 845 622 916 ἐπιχειρεῖν
661 843 798 914 ὑπὲρ
842 847 1005 916 ἱερῶν
1043 845 1131 898 σοὶ
1170 846 1261 899 καὶ
1300 853 1400 898 τοῦ
1440 846 1512 914 μὴ
1554 847 1674 899 δεῖν
1711 855 1889 909 κακῶς

199 937 335 988 αὐτὰ
358 937 589 1004 πάσχειν
611 928 749 1005 ᾗπερ
774 943 899 1003 νῦν,
931 934 1146 1004 μέλλων
1171 933 1546 1003 διαλέγεσθαι,
1571 935 1802 988 δοκοῦσι
1826 933 1893 988 δέ
1953 959 1960 999 ‘.
1975 979 1977 982 Α

109 1035 315 1080 RH157
355 1044 448 1090 μοι
500 1027 758 1076 πλεῖστον
812 1023 1144 1091 ἁμαρτάνειν
1197 1031 1292 1092 τῆς
1347 1031 1446 1091 σῆς
1496 1024 1716 1092 φύσεως
1771 1022 1778 1094 l
1834 1024 1894 1076 οἱ
1958 966 1989 1083 ἓ

134 1136 173 1165 11
200 1120 359 1165 τοῦτο
407 1114 467 1165 τὸ
517 1112 640 1174 δέος
694 1115 921 1181 ἔχοντες.
1000 1112 1230 1182 ὀργίλου
1281 1109 1383 1181 μὲν
1433 1113 1538 1180 γὰρ
1594 1109 1746 1179 οἶμαι
1796 1109 1888 1166 καὶ

199 1205 434 1269 χαλεποῦ
482 1201 542 1253 τὸ
591 1206 730 1254 εἴτι
769 1201 982 1270 λέγοιτο
1023 1211 1134 1254 τῶν
1181 1201 1283 1254 οὐκ
1334 1201 1682 1271 ἀρεσκόντων
1721 1201 1889 1273 αὐτῷ,

201 1299 399 1359 χωρεῖν
446 1288 652 1352 εὐθέως
704 1288 790 1342 ἐπὶ
838 1291 938 1358 τὴν
985 1299 1096 1342 τῶν
1144 1289 1447 1360 εἰρημένων
1493 1291 1671 1358 δίκην,
1718 1291 1887 1359 ἠπίου

202 1375 262 1430 δὲ
301 1378 392 1430 καὶ
431 1379 837 1446 φιλανθρώπου
877 1377 968 1431 καὶ
1007 1377 1217 1449 πράου,-
1261 1386 1433 1432 ταῦτα
1473 1380 1540 1448 δὴ
1579 1380 1646 1431 τὰ
1685 1379 1778 1447 σά,
1825 1379 1888 1432 τὸ

137 1487 178 1519 15
203 1467 274 1534 μὴ
316 1465 574 1535 δέχεσθαι
612 1468 786 1535 μόνον
823 1468 926 1535 τὴν
966 1468 1067 1520 οὐκ
1106 1466 1512 1536 ἐπαινουμένην
1557 1466 1654 1537 ὑφ’
1687 1466 1888 1521 ἑαυτοῦ

204 1556 538 1623 συμβουλήν.
616 1550 682 1607 οὗ
723 1556 826 1625 γὰρ
868 1563 968 1608 τοῦ
1007 1558 1310 1624 πεισθῆναί
1352 1576 1410 1609 τε
1449 1555 1541 1609 καὶ
1586 1558 1658 1625 μὴ
1698 1557 1891 1627 κύριος

203 1642 231 1694 ὁ
286 1651 397 1695 τῶν
450 1645 629 1711 λόγων
682 1643 1055 1713 ἀκροώμενος,
1112 1645 1236 1697 οὔτε
1291 1646 1525 1713 φεύγειν
1577 1647 1678 1714 τὴν
1733 1644 1893 1715 ἀκρό-

204 1746 331 1784 ασιν
399 1730 555 1794 ἄξιον
624 1733 725 1785 οὐκ
786 1733 953 1800 οὔσης
1019 1734 1227 1801 βλάβης
1297 1732 1562 1788 ἐντεῦθεν
1632 1734 1892 1801 οὐδεμιᾶς

204 1818 317 1872 οὔτ’
372 1821 422 1872 εί
465 1821 537 1889 μὴ
588 1822 722 1873 κατὰ
773 1828 912 1874 νοῦν
951 1826 1032 1889 εἴη
1080 1823 1147 1874 τὰ
1193 1825 1484 1891 λεγόμενα,
1539 1825 1891 1892 χαλεπαίνειν

138 1928 180 1959 20
205 1926 260 1960 τε
321 1908 412 1960 καὶ
480 1912 746 1978 τιμωρίαν
809 1912 1007 1978 ζητεῖν,
1077 1915 1131 1963 εἴ
1186 1930 1267 1973 τις
1329 1911 1361 1964 ἃ
1423 1910 1677 1980 βέλτιστα
1745 1913 1892 1981 ἔχειν

204 1996 576 2065 ὑπελάμβανε,
623 2005 791 2050 ταῦτα
838 1996 1148 2067 ἐθάρρησεν
1196 2002 1383 2054 εἰπεῖν.
1461 2001 1507 2052 3.
1558 1999 1749 2067 δέομαι
1789 1995 1894 2053 οὖν
1946 2039 1947 2042 ,

207 2085 281 2146 εἰς
323 2083 416 2150 ε’μέ
451 2104 508 2137 τε
546 2088 747 2139 τείνειν
794 2086 892 2138 τὸν
940 2085 1168 2154 λέγοντα
1215 2089 1315 2156 τὴν
1362 2091 1510 2157 ὄψιν,
1558 2085 1600 2142 ὦ
1645 2091 1891 2157 βασιλεῦ,

1952 1091 1984 1189 με
1955 1008 1979 1022 -„
1955 887 1978 923 ”’-
1966 794 1987 836 ι,,,

1949 1797 1954 1802 “
1947 1718 1978 1756 ··.-=
1947 1297 1983 1704 ffl‘im-*Wfflfflz
1956 1195 1984 1278 ''353-

327 2206 380 2244 14
414 2200 468 2243 cf.
495 2205 527 2245 t.
547 2200 587 2244 Π
612 2205 711 2254 393,
731 2206 769 2244 2.
805 2206 1029 2258 428‚9sq.
1948 2174 1970 2260 ξ

290 2273 294 2275 -
326 2308 350 2345 3
399 2273 473 2346 διὸ
507 2305 540 2348 I
573 2304 653 2347 sed
693 2304 739 2346 in
782 2301 847 2349 δι’
870 2302 908 2348 δ’
935 2318 1036 2348 corr
1066 2305 1150 2361 ω’,
1192 2307 1301 2350 ΒΜ
1478 2312 1504 2350 4
1551 2306 1700 2365 λέγειν
1742 2306 1833 2351 Got
1940 2260 1970 2463 ἶ

208 2367 233 2403 5
266 2361 316 2406 δὲ
352 2360 443 2404 Got
621 2367 646 2406 8
680 2364 779 2406 δεῖν
813 2365 857 2407 Β
890 2364 970 2407 sed
1004 2372 1072 2408 εῖν
1104 2364 1152 2407 in
1177 2379 1252 2408 ras
1277 2365 1347 2408 m²
1527 2371 1552 2410 9
1593 2367 1707 2422 ἥπερ
1742 2365 1834 2410 Got

211 2426 260 2463 11
295 2419 345 2463 τὸ
379 2433 452 2463 om
477 2422 572 2465 PU
690 2427 739 2464 11
776 2420 962 2477 ὀργίλου
995 2449 1048 2454 ——
1085 2429 1139 2466 16
1173 2424 1434 2482 συμβουλήν
1474 2425 1592 2469 citat
1621 2424 1892 2482 praemissis
1942 2439 1981 2497 issss

208 2477 357 2522 verbis
400 2486 481 2523 τοῦ
521 2480 636 2534 πρὸς
675 2479 863 2537 βασιλέα
895 2481 1010 2535 ὑπὲρ
1040 2490 1133 2526 τῶν
1165 2490 1343 2538 μιαρῶν
1383 2483 1518 2538 ἱερῶν
1558 2486 1701 2529 αὐτοῦ
1732 2484 1893 2528 Macar
1946 2500 1967 2542 5

207 2537 284 2580 fol.
312 2541 391 2581 89v
515 2544 565 2581 11
601 2537 686 2595 γὰρ
720 2553 792 2582 om
817 2539 976 2583 Macar
1113 2546 1165 2584 12
1199 2542 1250 2585 τὸ
1283 2555 1357 2585 om
1381 2543 1412 2585 Ι
1542 2549 1595 2587 13
1628 2542 1770 2599 ’ἠπίου
1802 2543 1897 2588 AP
1943 2545 1992 2594 11.

270 2601 322 2639 14
355 2595 507 2652 πράου
532 2598 716 2642 ΡΙΒΜ
737 2597 828 2641 Got
855 2601 860 2652 Ι
888 2606 1034 2642 ταῦτα
1066 2626 1121 2631 -
1156 2600 1213 2643 σά
1239 2615 1314 2644 om
1339 2601 1497 2644 Macar
1525 2606 1529 2656 ι
1557 2603 1609 2646 τὸ
1642 2617 1717 2646 om
1742 2601 1834 2645 Got
1886 2651 1887 2655 Ἰ
1945 2594 1963 2694 ξ
1989 2602 1992 2645 2

211 2660 264 2698 15
297 2652 383 2710 ὑφ’
410 2655 479 2700 Re
541 2653 619 2711 ἐφ’
654 2655 762 2699 libri
796 2660 988 2713 excepto
1021 2659 1065 2702 U
1090 2659 1170 2713 qui
1203 2673 1293 2713 om,
1326 2659 1485 2703 Macar
1510 2660 1602 2705 Got
1724 2666 1776 2704 16
1808 2666 1892 2704 τοῦ
1947 2667 1962 2715 „i

209 2715 236 2756 1
274 2714 354 2758 sed
387 2721 415 2757 ῦ
455 2714 502 2757 in
535 2727 609 2757 ras
642 2715 711 2757 m⁸
750 2717 797 2758 et
823 2714 832 2729 ¹
889 2730 1028 2772 supra,
1061 2733 1085 2761 ο
1126 2730 1226 2761 eras
1410 2724 1462 2763 18
1507 2720 1617 2763 οὐδὲ
1650 2726 1758 2776 μιᾶς
1787 2721 1834 2763 Α
1939 2716 1966 2807 Ξ

212 2776 264 2815 19
298 2770 402 2816 οὐδ’
433 2771 523 2816 9οῢ
680 2777 735 2816 20
767 2773 824 2817 τὰ
858 2773 948 2818 Got
1114 2781 1166 2819 21
1210 2776 1532 2835 ὑπελάμβανεν
1564 2780 1656 2823 AP
1702 2781 1708 2836 Ι
1757 2774 1890 2822 ταῦτ’
1932 2791 1961 2834 're

222 2831 262 2873 V
409 2836 463 2874 22
511 2846 560 2875 σε
601 2831 802 2875 Sintenis
854 2838 858 2885 1
907 2841 1055 2877 τεῖναι
1089 2835 1130 2878 V
1183 2838 1188 2891 Ι
1238 2835 1322 2892 τὴν
1363 2836 1477 2892 ὄψιν
1518 2833 1551 2880 ὦ
1592 2837 1892 2895 βασιλεῦ’τὸν
1927 2835 1960 2889 ‘3³

211 2891 401 2945 λέγοντα
428 2891 469 2933 V
