1992 3094
230 75 341 127 260
696 73 923 116 LIBANII
955 73 1178 117 ORATIO
1211 74 1445 117 XXXVIII

230 218 326 278 τῆς
363 217 461 262 τοῦ
501 210 705 277 πατρὸς
749 210 1053 279 πρᾳότητος
1101 210 1179 272 εἰς
1224 211 1325 278 τὴν
1372 210 1543 263 αὐτοῦ
1595 229 1655 277 γε
1704 209 1917 265 ἐκείνου

231 301 526 367 παροινίαν
580 297 968 360 ἀπολελαυκὼς
1023 299 1271 360 εἰπόντος
1326 293 1404 351 ὧν
1462 301 1698 367 ἔπασχεν
1752 299 1918 352 οὐδὲν

231 390 369 457 πρὸς
407 386 611 440 οὐδένα
651 386 984 455 ἀνθρώπων,
1039 382 1201 449 οὗτος
1249 382 1353 439 οὖν
1398 388 1591 456 παρὼν
1635 388 1725 440 καὶ
1773 387 1920 456 ὁρῶν

232 476 472 544 ἐγγύθεν
520 475 759 543 ἀκριβῶς
811 476 913 543 τὴν
960 477 1258 544 συμφορὰν
1312 475 1413 528 οὐκ
1459 474 1762 542 ἐστέναξεν,
1819 477 1918 529 οὐκ

187 586 206 618 5
231 564 464 638 ᾤμωξεν,
505 561 674 617 οὐδὲν
712 559 792 616 ὧν
831 562 892 616 ἐν
923 565 1195 626 τοιούτοις
1235 564 1433 633 δρᾶσαι
1464 573 1741 632 προσῆκεν
1772 563 1919 617 ἐποί-

231 669 364 723 ησεν
414 654 714 721 ἄνθρωπος
761 651 822 706 ἐν
871 651 1018 724 μέσῳ
1071 653 1355 705 τοσούτων
1410 654 1682 722 δακρύων,
1738 653 1920 715 οὐδεὶς

232 743 335 811 γὰρ
376 739 446 811 ἦν
487 742 547 804 ὃς
587 741 653 794 οὐ
693 749 858 794 τοῦτο
900 744 1098 810 ἔπασχε
1129 744 1230 810 τήν
1260 761 1317 794 τε
1349 741 1549 811 ἀρετὴν
1581 741 1790 794 ἐννοῶν
1821 749 1918 794 τοῦ

230 830 484 898 κειμένου
524 829 613 882 καὶ
654 831 714 883 τὸ
754 831 853 883 τὸν
890 837 1147 883 τοιοῦτον
1193 830 1368 892 οὕτως
1408 829 1643 898 ἀπιέναι,
1693 828 1782 882 καὶ
1822 831 1920 898 μά-

232 923 389 972 λιστα
436 920 503 986 δὴ
551 920 650 972 τὸν
704 923 923 987 θρῆνον
970 917 1292 988 ἐγειρούσης
1341 927 1436 987 τῆς
1486 921 1679 988 χειρός.
1760 918 1841 971 16.
1891 917 1919 971 6

168 1029 209 1062 10
234 1004 294 1060 δὲ
334 1004 466 1060 οὐδὲ
514 1007 829 1076 ἐμιμήσατο,
880 1015 1150 1060 τοσοῦτον
1188 1006 1387 1076 ἀπέσχε
1433 1015 1532 1061 τοῦ
1579 1008 1719 1074 πρὸς
1757 1007 1920 1073 ὀδυρ-

233 1097 338 1165 μὸν
378 1095 597 1166 ἑτέρους
636 1094 1034 1164 παρακαλέσαι,
1089 1095 1226 1148 ἀλλά
1271 1116 1365 1162 μοι
1413 1097 1615 1163 δοκεῖν,
1663 1094 1753 1149 καὶ
1792 1098 1921 1158 τοὺς

234 1185 591 1252 ἀθυμοῦντας
645 1183 816 1251 ἐμίσει
868 1182 960 1236 καὶ
1015 1187 1145 1247 τοὺς
1195 1184 1260 1236 οὐ
1315 1187 1749 1252 καταβαίνοντας
1802 1183 1922 1238 ἐνο-

234 1278 385 1344 χλεῖν
424 1271 636 1342 ἐνόμιζε
674 1272 766 1325 καὶ
805 1281 899 1341 τῆς
929 1281 1124 1342 ψυχῆς,
1164 1273 1236 1335 ὡς
1267 1274 1411 1336 εἰκός
1443 1293 1522 1341 γε,
1561 1276 1921 1341 κατεγίνωσκε

233 1365 561 1432 βραδυτῆτα.
633 1355 741 1414 εἷθ’
773 1361 802 1414 6
841 1358 943 1428 μὲν
983 1360 1270 1430 ἐτέθαπτο,
1309 1362 1338 1415 ὁ
1372 1359 1437 1415 δὲ
1473 1360 1790 1430 ἐνεφορεῖτο
1828 1370 1922 1430 τῆς

167 1473 209 1505 15
233 1455 487 1519 τελευτῆς
526 1449 616 1503 καὶ
659 1447 730 1518 ἧν
772 1451 1007 1519 φαιδρὸς
1045 1450 1252 1518 ἀηδοῦς
1293 1452 1469 1514 ὅψεως
1508 1450 1922 1519 ἀπηλλαγμένος

233 1548 327 1608 τῆς
364 1547 464 1593 τοῦ
504 1541 710 1609 πατρὸς
748 1539 839 1591 καὶ
880 1539 1231 1592 διδασκάλου.

348 1629 429 1681 17.
465 1627 614 1681 ’Ἑδει
652 1628 756 1695 μὲν
794 1623 899 1681 οὖν
935 1630 1066 1690 τοὺς
1107 1627 1294 1699 ἐκείνῳ
1334 1648 1391 1681 τε
1430 1627 1521 1681 καὶ
1561 1627 1679 1695 ἐμοὶ
1721 1629 1922 1696 φίλους

233 1719 466 1786 μάλιστα
519 1715 620 1784 μὲν
679 1715 771 1769 καὶ
828 1718 984 1778 δίκας
1037 1719 1214 1784 ζητεῖν
1267 1727 1378 1770 τῶν
1430 1715 1784 1786 ἠσεβημένων
1846 1717 1922 1779 εἰς

235 1806 580 1876 ἀμφοτέρους
619 1807 774 1876 ἡμᾶς,
815 1807 863 1858 εἰ
903 1802 963 1858 δὲ
1002 1808 1093 1874 μή,
1131 1807 1293 1873 μήτοι
1333 1825 1394 1874 γε
1428 1802 1489 1858 εὖ
1521 1814 1717 1858 ποιεῖν.
1776 1806 1827 1858 οἱ
1861 1803 1921 1858 δὲ

166 1917 211 1948 20
234 1899 501 1948 καλοῦσιν
540 1895 774 1962 ἀπόντα,
826 1893 1078 1963 δέχονται
1116 1896 1442 1964 προσιόντα,
1489 1896 1691 1962 κλητόν
1736 1912 1794 1947 τε
1832 1894 1921 1947 καὶ

235 1985 471 2052 ἄκλητον
521 1983 793 2050 ἑστιῶσιν,
847 1982 1020 2051 ἡδέως
1067 1982 1289 2052 ὁρῶσιν,
1343 1982 1517 2051 ἡδέως
1566 1982 1868 2049 ὁμιλοῦσιν.
1911 1980 1915 2051 Ι

145 2084 250 2128 RII
267 2089 351 2128 350
393 2072 421 2124 6
462 2073 562 2139 μὲν
608 2073 699 2124 καὶ
747 2073 1019 2141 χρήμασιν
1066 2068 1127 2124 εὖ
1173 2079 1320 2124 ποιεῖ
1358 2072 1455 2123 τὸν
1501 2076 1657 2132 θεοῖς
1700 2070 1919 2139 ἐχθρόν,

236 2159 264 2212 ὁ
308 2161 369 2213 δὲ
415 2163 545 2223 τοὺς
592 2160 831 2230 ἐχθροὺς
877 2159 1092 2213 ἐκείνου
1139 2158 1228 2212 καὶ
1277 2158 1474 2212 ἑαυτοῦ
1515 2161 1734 2226 νομίζει.
1811 2160 1920 2211 τὸν

237 2250 354 2317 γὰρ
419 2250 844 2316 διδάσκαλον,
907 2252 1096 2317 φασίν,
1166 2247 1234 2300 ἐν
1295 2249 1555 2309 τούτοις
1624 2257 1919 2316 τιμῶμεν.

364 2428 409 2465 12
445 2423 528 2466 Od.
555 2433 592 2478 ψ
619 2428 717 2466 252.
768 2423 905 2479 Soph.
932 2424 1038 2466 Ant.
1066 2428 1164 2465 822.
1214 2422 1318 2465 Eur.
1347 2421 1504 2478 Suppl.
1533 2426 1615 2464 797

358 2591 379 2629 1
413 2585 675 2642 πραότητος
706 2587 779 2629 1Β
931 2591 950 2628 1
988 2583 1168 2629 ἐκείνου
1195 2611 1250 2617 —-
1276 2589 1301 2627 3
1335 2583 1508 2628 οὐδένα
1539 2584 1793 2640 praemisso
1827 2579 1917 2627 κεί-

237 2661 378 2701 μενον
409 2645 458 2688 in
482 2658 616 2702 marg
641 2645 712 2687 Ρ3
848 2650 872 2687 5
907 2643 1016 2688 οὐδὲ
1047 2646 1122 2688 Ρα
1149 2647 1155 2700 Ι
1182 2651 1277 2693 τοῖς
1308 2644 1535 2694 τοιούτοις
1564 2645 1598 2686 Ι
1616 2643 1747 2699 Bong
1775 2647 1780 2697 Ι
1808 2640 1917 2695 δρά-

238 2718 317 2747 σαι
347 2706 383 2748 I
525 2708 550 2746 6
582 2710 804 2747 τοσοῦτον
837 2705 867 2746 Ι
1011 2707 1034 2745 7
1067 2700 1192 2747 τοῦτ’
1232 2703 1275 2747 V
1426 2707 1452 2746 8
1483 2702 1565 2746 τὸν
1595 2702 1646 2746 τὸ
1677 2703 1712 2745 Ι
1730 2702 1861 2758 Bong
1991 2701 1992 2710 ¹

242 2767 294 2805 13
327 2779 376 2819 γε
407 2762 582 2806 inserui
614 2776 640 2806 e
675 2763 717 2806 V
783 2776 858 2805 om
888 2761 1059 2817 reliqui
1090 2762 1199 2805 libri
1231 2761 1318 2805 edd
1444 2766 1497 2803 14
1531 2760 1760 2805 ἐθάπτετο
1792 2760 1860 2802 Re

241 2826 293 2864 17
327 2822 410 2877 μὲν
442 2835 517 2865 om
542 2822 587 2864 B
741 2825 792 2863 19
825 2821 931 2877 μήτι
962 2822 1091 2865 PaV
1234 2825 1289 2862 24
1322 2818 1468 2875 φασίν
1500 2820 1568 2863 Re
1637 2820 1778 2875 φησὶν
1809 2815 1918 2861 libri

238 2880 371 2937 Bong
