1992 3094
486 94 715 138 LIBANII
746 93 970 138 ORATIO
1002 94 1084 138 AD
1117 93 1480 138 EUMOLPIUM
1720 95 1824 147 281

141 233 345 303 σχυνόμ
354 251 477 294 ενος
500 232 561 284 τὸ
586 238 700 283 τῶν
722 238 940 300 πετρῶν
963 228 1054 283 καὶ
1085 230 1147 283 τὸ
1180 237 1275 298 τῆς
1299 229 1583 299 θαλάσσης
1606 229 1832 299 γένηταί

137 340 252 385 πως
281 322 643 389 μετριώτερος
679 318 770 372 καὶ
802 321 1056 390 βοηθήσῃ
1089 327 1204 382 τοῖς
1235 318 1516 388 ἀτυχοῦσι.
1569 317 1661 372 καὶ
1693 320 1829 387 δῆτα

138 408 228 463 καὶ
282 409 540 478 ἐποίησεν
603 408 774 461 αὐτὸν
827 407 1047 476 ἀμείνω.
1126 409 1173 461 εἰ
1227 408 1332 477 γὰρ
1386 406 1477 460 καὶ
1531 409 1605 476 μὴ
1666 408 1828 471 αὐτὸς

138 498 335 568 ἀνέστη
373 498 512 566 μηδὲ
549 499 616 549 τὰ
655 497 797 550 ὅπλα
825 495 1116 565 περιέθετο
1148 493 1285 565 μηδὲ
1320 497 1327 564 Ι
1363 495 1683 565 ἐμαχέσατο,
1708 510 1750 553 R
1771 509 1918 554 Π366

138 588 274 641 ἀλλὰ
305 585 397 640 καὶ
428 588 741 655 καθήμενος
772 584 997 654 ἐβοήθει
1029 591 1103 657 τῷ
1136 584 1512 657 καθαψαμένω
1544 586 1828 655 παραδοὺς
1875 607 1894 640 5

137 678 239 745 τὴν
278 677 519 743 δύναμιν
556 673 648 728 καὶ
689 676 782 728 διὰ
811 683 908 743 τῆς
946 682 1146 743 σκευῆς
1180 677 1309 737 τοὺς
1341 672 1627 737 ἐναντίους
1656 693 1826 742 παρα-

138 766 530 835 κρουσάμενος,
570 764 643 827 ὡς
683 764 751 833 δὴ
792 751 1114 833 στρατηγῶν
1153 764 1331 826 αὐτός.

250 853 297 907 5.
354 856 478 906 Τίνι
517 854 585 922 δὴ
625 862 738 906 τῶν
777 862 892 906 σῶν
937 852 1241 922 μέμφομαι;
1293 851 1544 921 ἐλυμήνω
1592 872 1685 919 μοι
1731 854 1829 906 τὸν

136 945 352 1013 θρόνον
388 942 478 995 καὶ
516 951 635 1005 ταῖς
673 941 780 994 ἀπὸ
819 949 920 994 τοῦ
959 949 1155 1010 καιροῦ
1202 942 1434 1009 βλάβαις
1479 940 1830 1011 προσέθηκας

137 1031 225 1085 καὶ
273 1032 375 1100 τὴν
405 1029 641 1084 Ἑλλάδα
688 1032 886 1101 φωνὴν
930 1029 1022 1083 καὶ
1068 1031 1244 1093 ἄλλως
1285 1030 1829 1100 προπηλακιζομένην
1854 1053 1897 1085 ιο

138 1123 215 1184 εἰς
266 1123 426 1189 μείζω
481 1122 818 1188 κατήνεγκας
873 1119 1096 1189 ἀτιμίαν
1156 1118 1246 1173 καὶ
1303 1121 1450 1182 ὅπως
1503 1119 1564 1172 ἐν
1619 1119 1835 1190 ὀλίγοις

137 1211 373 1277 πονοίην
413 1208 673 1277 ἐποίησας
711 1210 888 1278 μόνον
920 1208 987 1261 οὐ
1020 1207 1258 1277 κηρύξας
1296 1212 1516 1280 λαμπρᾷ
1555 1217 1617 1279 τῇ
1651 1218 1828 1280 φωνῇ,

138 1299 222 1352 ὅτι
255 1295 296 1351 ὦ
329 1298 589 1351 πάντων
620 1297 1047 1366 ἀνοητότατοι
1080 1296 1375 1367 πατέρες,
1408 1298 1682 1367 φεύγετε
1713 1295 1829 1367 μὲν

137 1387 406 1440 ταυτασὶ
475 1388 587 1450 τὰς
654 1385 913 1455 πέτρας,
984 1385 1132 1455 περὶ
1195 1385 1264 1449 ἃς
1325 1386 1648 1440 ἀπόλλυτε
1713 1389 1829 1455 τὴν

138 1476 411 1544 σποράν,
466 1475 745 1545 πέμπετε
799 1472 867 1528 δὲ
922 1477 1075 1537 τοὺς
1130 1474 1193 1538 ἐξ
1248 1475 1425 1542 ὑμῶν
1476 1475 1689 1528 αὐτῶν
1736 1477 1827 1539 εἰς
1853 1496 1895 1529 15

137 1566 254 1633 τὴν
291 1566 556 1635 πίειραν
588 1562 850 1633 Ῥώμην,
903 1560 977 1617 οὗ
1017 1573 1280 1632 καρπῶν
1318 1566 1417 1617 ἔνι
1456 1573 1680 1633 τυχεῖν
1720 1584 1827 1633 φε-

139 1655 389 1720 ρόντων
428 1654 878 1723 εὐδαιμονίαν.

249 1743 297 1796 6.
352 1746 485 1805 Πῶς
531 1744 600 1811 δὴ
645 1750 811 1795 τοῦτο
859 1741 1111 1810 γέγονεν;
1165 1740 1519 1812 Ἀλέξανδρος
1556 1741 1585 1795 ὁ
1625 1751 1689 1813 τῇ
1728 1751 1827 1796 τοῦ

140 1831 440 1895 Πλάτωνος
479 1831 616 1901 ἀρχῇ
656 1832 1068 1900 πεπολεμηκώς,
1110 1836 1223 1884 ι”στε
1262 1831 1324 1884 δὲ
1361 1831 1562 1894 πάντες
1601 1830 1630 1884 ὃ
1671 1831 1828 1900 λέγω,

140 1923 337 1974 πλοῖον
386 1921 814 1989 μισθωσάμενος
851 1920 1201 1982 καταπτύσας
1246 1928 1357 1972 τῶν
1396 1919 1672 1990 ἡμετέρων
1711 1921 1828 1974 ὃια-
1853 1941 1898 1973 20

140 2010 344 2077 τριβῶν
392 2011 525 2072 δοὺς
571 2011 804 2079 χρυσίον
849 2011 993 2062 πολὺ
1039 2017 1155 2071 τοῖς
1201 2008 1371 2075 υἱέσι,
1425 2006 1515 2061 καὶ
1566 2010 1671 2078 γὰρ
1720 2011 1828 2078 ἔχει

137 2099 314 2167 πόρον
369 2097 606 2167 ὀκνήσας
660 2098 886 2165 οὐδένα,
948 2098 1209 2166 μεγάλαις
1264 2093 1367 2149 οὗν
1425 2096 1430 2167 Ι
1488 2097 1659 2151 αὑτὸν
1707 2110 1749 2153 R
1772 2110 1918 2153 Π367

258 2308 284 2346 6
307 2303 358 2348 11.
377 2320 411 2347 π
428 2307 513 2347 278
525 2318 590 2359 sq.
701 2306 755 2345 10
781 2302 949 2346 cf.t.11
966 2307 1066 2355 421,
1080 2306 1133 2345 13
1152 2317 1217 2357 sq.
1236 2302 1278 2345 R
1393 2307 1446 2345 22
1474 2302 1530 2345 cf.
1549 2317 1592 2358 p.
1611 2306 1826 2356 284‚9sq.

261 2502 279 2537 1
308 2495 551 2552 θαλάσσης
575 2495 740 2552 scripsi
765 2508 821 2538 ex
837 2495 1056 2538 APPaV
1109 2492 1347 2549 θαλάττης
1365 2494 1431 2539 01
1451 2494 1542 2538 edd
1665 2499 1690 2536 2
1719 2495 1827 2552 βοη-

139 2553 276 2608 θήσει
303 2554 340 2599 G
498 2560 525 2598 4
558 2553 618 2612 μὴ
651 2554 701 2599 δὲ
734 2554 841 2610 (bis)
874 2554 1073 2610 APIVl
1101 2553 1215 2610 μηδὲ
1250 2555 1311 2610 (1)
1342 2553 1423 2597 καὶ
1455 2554 1529 2597 Ρα
1555 2555 1561 2607 Ι
1589 2552 1650 2608 μὴ
1682 2553 1733 2598 δὲ
1765 2555 1828 2609 (2)

150 2613 192 2655 V
217 2613 298 2656 sed
331 2613 350 2657 ὲ
383 2613 431 2656 in
459 2611 472 2628 '
509 2627 611 2657 corr
633 2612 704 2656 m’
846 2617 885 2655 9*
906 2618 1040 2668 „post
1072 2611 1266 2670 βλάβαις
1295 2613 1474 2656 videtur
1504 2611 1587 2662 τὰς
1617 2611 1711 2656 ἀπὸ
1744 2619 1828 2655 σοῦ

141 2671 314 2716 deesse“
344 2672 412 2716 Re
549 2678 603 2715 12
637 2673 840 2728 μονονοὺ
876 2672 955 2716 CA
979 2671 1048 2715 Re
1187 2675 1239 2714 13
1273 2669 1571 2727 ἀνοητότεροι
1606 2670 1714 2714 CPa
1746 2672 1828 2714 sed

142 2730 190 2772 in
220 2729 308 2774 hoc
347 2730 649 2787 ἀνοητότατοι
680 2732 729 2774 in
762 2744 896 2787 marg
1078 2735 1131 2773 19
1178 2730 1431 2781 Πλάτωνος
1462 2729 1627 2786 scripsi
1658 2743 1684 2773 e
1719 2731 1762 2774 V

141 2789 405 2841 πλούτωνος
434 2789 604 2847 reliqui
635 2790 745 2833 libri
777 2790 867 2834 edd
989 2793 1044 2832 20
1077 2792 1239 2833 πλοῖον
1272 2788 1626 2846 μισθωσάμενος
1657 2802 1731 2832 om
1756 2791 1829 2834 Pa

149 2847 153 2903 Ι
188 2848 540 2905 μισθωσάμενος
563 2850 596 2892 Ι
623 2850 704 2892 sed
733 2865 782 2904 μι
815 2848 862 2891 in
879 2862 955 2891 ras
970 2847 1041 2890 m²
1161 2853 1216 2891 2-2
1247 2846 1395 2902 πόρον
1420 2850 1463 2892 Α
1498 2847 1578 2892 sed
1611 2865 1665 2904 γρ
1682 2847 1829 2892 πόνον

142 2905 190 2948 in
214 2919 361 2963 marg,
394 2909 439 2951 P
468 2908 548 2951 sed
581 2925 608 2951 ν
640 2921 780 2964 supra
812 2925 836 2962 ρ
869 2907 939 2950 m²
999 2905 1147 2951 πόνον
1171 2908 1326 2965 PaV}
1354 2907 1496 2951 αὐτὸν
1523 2908 1591 2952 CI
