1992 3094
506 892 748 954 ΚΑΤΑ
790 892 1151 955 IKAPIOT
1240 894 1310 953 B.

172 1042 218 1094 1.
274 1041 458 1093 Πάλαι
496 1041 598 1107 μὲν
639 1045 769 1103 ἴσως
815 1041 927 1093 ἔδει
972 1038 1065 1093 καὶ
1112 1036 1206 1109 ἐμὲ
1251 1048 1581 1110 κατηγορεῖν
1630 1052 1842 1097 RH134

55 1128 147 1183 καὶ
194 1126 254 1182 σὲ
299 1131 621 1199 καθήμενον
648 1129 909 1198 ἀκούειν,
957 1125 998 1182 ὦ
1037 1131 1286 1198 βασιλεῦ,
1331 1129 1457 1199 περὶ
1503 1124 1584 1182 ὧν
1614 1127 1752 1182 Ἰκά-

57 1238 176 1289 ριος
215 1216 405 1272 οὑτοσὶ
443 1219 540 1281 τὰς
571 1219 777 1287 βουλὰς
808 1219 1142 1287 λελύμανται
1175 1218 1457 1271 διδάσκων
1489 1210 1574 1280 οἷς
1602 1227 1752 1271 ποιεῖ

0 1335 1 1368 ᾗ
55 1308 262 1370 πάντας
299 1306 659 1378 ἀνθρώπους,
707 1307 791 1360 ὅτι
839 1305 1111 1376 φευκτέον
1156 1307 1345 1369 αὐτάς·
1401 1305 1517 1360 ἐπεὶ
1566 1303 1627 1360 δὲ
1666 1305 1751 1360 ἐλ-
1798 1327 1820 1360 5

14 1387 21 1395 ’
54 1396 175 1450 πίδι
206 1404 306 1450 τοῦ
338 1398 674 1465 γενήσεσθαι
704 1397 903 1464 βελτίω
934 1396 1035 1449 τὸν
1057 1397 1363 1465 ἄνθρωπον
1387 1395 1556 1449 οὐδὲν
1581 1396 1752 1448 εἰπὼν

53 1485 322 1556 πρότερον
358 1483 598 1552 μένοντα
637 1485 809 1538 αὐτὸν
848 1484 911 1538 ἐν
948 1494 1064 1547 τοῖς
1103 1485 1293 1547 αὐτοῖς
1328 1490 1555 1553 καθορῶ
1595 1487 1647 1554 ἤ,
1686 1486 1749 1537 τό

53 1592 118 1644 γε
155 1572 548 1643 ἀληθέστερον,
587 1574 970 1644 χαλεπώτερον
1009 1575 1358 1642 γιγνόμενον,
1404 1577 1411 1638 Ι
1458 1569 1591 1626 οὐδὲ
1630 1585 1842 1630 RH135

56 1662 106 1716 εἰ
158 1663 378 1732 σφόδρα
438 1663 511 1732 μὴ
565 1665 874 1732 βουλοίμην
928 1671 1273 1732 κατηγορεῖν,
1337 1663 1612 1731 δυναίμην
1666 1664 1751 1715 ἄν.

56 1749 274 1822 αἰτιῷτο
315 1749 365 1804 δ’
395 1750 466 1804 ἂν
497 1750 717 1814 εἰκότως
756 1749 886 1804 ἀνθ’
917 1752 1073 1820 ἡμῶν
1105 1749 1321 1819 ἑαυτόν,
1361 1744 1403 1823 ᾧ
1431 1760 1750 1820 σωφρονεῖν
1775 1774 1820 1805 ιο

54 1835 179 1902 ἐξὸν
210 1839 312 1892 οὐκ
343 1838 640 1909 ἐβουλήθη.
703 1840 751 1892 2.
783 1839 975 1907 δέομαι
1007 1838 1084 1908 δέ,
1124 1835 1166 1892 ὦ
1199 1841 1447 1908 βασιλεῦ,
1478 1840 1751 1910 μηδεμίαν

178 2000 216 2044 C
279 2023 334 2036 =
369 2000 515 2044 codex
547 1999 794 2044 Chisianus

172 2062 219 2104 A
279 2081 335 2096 =
368 2059 661 2103 Monacensis
693 2075 759 2117 gr.
786 2064 874 2104 483
905 2060 1243 2118 (Augustanus)

179 2119 226 2162 P
281 2141 337 2155 =
368 2118 614 2163 Palatinus
646 2134 714 2177 gr.
741 2123 826 2163 282

174 2178 211 2222 Ι
281 2199 336 2214 =
369 2177 635 2222 Marcianus
668 2178 869 2235 append.
901 2177 1002 2222 XCI
1034 2184 1059 2222 2

176 2237 223 2281 B
284 2259 340 2275 =
371 2237 654 2282 Barberinus
684 2237 728 2281 H
745 2243 799 2281 41

173 2296 231 2340 N
284 2318 341 2333 =
371 2295 715 2353 Neapolitanus
744 2297 840 2340 HE
861 2301 914 2341 17

186 2354 255 2399 Va
283 2376 340 2392 =
371 2355 630 2400 Vaticanus
662 2371 727 2413 gr.
756 2360 810 2400 81

185 2413 230 2457 V
283 2436 338 2451 =
370 2414 747 2460 Vindobonensis
778 2415 893 2472 phil.
919 2430 985 2472 gr.
1011 2414 1155 2459 XCIII

179 2566 202 2604 1
235 2569 317 2605 τοῦ
349 2563 494 2607 αὐτοῦ
528 2565 637 2607 ante
668 2562 788 2607 κατὰ
822 2564 866 2607 V
942 2566 1008 2606 κθ
1041 2564 1149 2606 ante
1182 2561 1301 2606 κατὰ
1332 2563 1391 2615 A,
1422 2564 1530 2618 post
1561 2558 1750 2616 ἰκαρίου

26 2637 29 2647 ·
66 2618 115 2674 G,
144 2622 252 2676 post
282 2621 496 2676 δεύτερος
528 2623 598 2667 Va
639 2624 645 2679 Ι
687 2622 806 2676 πρὸς
835 2622 917 2667 τὸν
948 2629 1210 2676 κρατοῦντα
1246 2623 1353 2678 post
1393 2618 1578 2675 ἰκαρίου
1610 2621 1749 2664 Patm

55 2677 111 2722 tt
138 2677 263 2722 inser
296 2680 354 2724 0·
381 2682 388 2736 Ι
414 2682 472 2739 Β]
498 2681 713 2736 δεύτερος
740 2682 868 2725 BVa
928 2695 1004 2724 om
1031 2680 1166 2725 ΟΑΝ
1174 2681 1217 2724 V
1271 2678 1405 2736 λόγος
1436 2679 1508 2736 κη’
1540 2679 1588 2722 in
1614 2692 1751 2735 marg

56 2732 96 2796 J
101 2734 134 2792 ⁸,
192 2737 327 2796 λόγος
353 2738 393 2782 λ’
416 2740 480 2794 Ν,
541 2738 677 2798 λόγος
701 2739 905 2793 εἰκοστός
930 2740 974 2784 V
998 2739 1123 2793 rubr,
1186 2735 1259 2795 μδ’
1286 2740 1331 2783 Β
1355 2739 1466 2782 rubr
1587 2742 1612 2781 3
1645 2737 1747 2781 ἱκά-

55 2803 79 2842 ,’
110 2810 162 2846 ος
184 2796 231 2840 Β
394 2801 420 2841 8
452 2797 698 2856 γινόμενον
724 2800 768 2843 V
928 2802 981 2841 10
1015 2795 1063 2842 δ’
1092 2795 1152 2842 ἂν
1184 2797 1349 2855 scripsi
1381 2811 1406 2841 e
1438 2797 1556 2841 VVa
1586 2796 1669 2840 sed
1699 2796 1749 2839 in

52 2898 65 2906 .,
93 2860 150 2912 ’90
181 2852 241 2898 ἂν
270 2855 402 2900 inser
425 2857 497 2900 m²
571 2855 619 2903 δ’
653 2859 710 2902 Ν
787 2857 838 2903 δὲ
869 2856 1038 2912 reliqui
1070 2856 1179 2901 libri
1362 2861 1412 2900 11
1449 2856 1552 2909 ἐξὸν
1585 2856 1640 2899 Ν
1666 2855 1750 2898 sed

119 2910 170 2956 in
198 2926 275 2957 ras
306 2914 447 2971 paulo
479 2915 655 2960 maiore
685 2915 756 2959 m²
823 2916 870 2969 ἐξ
903 2912 966 2959 ὦν
990 2917 1037 2959 P
1075 2919 1081 2972 ι
1125 2912 1173 2959 δ’
1201 2916 1268 2959 Re
1297 2918 1303 2972 Ι
1331 2915 1390 2972 μὴ
1423 2914 1475 2959 δὲ
1507 2912 1620 2971 μίαν
1643 2916 1689 2958 A

52 2997 68 3027 ‘p

46 3029 81 3094 Ξ,
