1992 3094
403 88 631 132 LIBANII
662 87 886 133 ORATIO
919 87 1165 133 CONTRA
1194 87 1593 134 FLORENTIUM
1696 82 1705 86 ’
1736 89 1842 142 387

265 224 348 276 17.
403 222 544 277 Ἀλλ’
593 223 839 278 ἐνταῦθα
893 221 996 294 μὲν
1048 224 1320 294 χλαμύδες
1373 222 1465 277 καὶ
1520 222 1846 295 ἀναξυρίδες

149 314 241 367 καὶ
288 314 463 380 ὄνομα
507 315 809 382 πολεμίων,
857 314 904 366 εἰ
951 312 1043 365 καὶ
1088 314 1161 382 μὴ
1208 314 1489 366 κινδύνων
1528 315 1688 384 ἔρως,
1735 324 1846 367 τῶν

150 399 210 455 δὲ
250 404 519 471 κηφήνων
557 402 774 455 τούτων
811 404 895 465 τίς
933 400 1002 454 ἂν
1042 401 1259 470 ἐνέγκαι
1299 403 1394 464 τὰς
1433 401 1697 472 γαστέρας
1734 412 1846 456 τῶν

149 489 211 543 ἐν
258 488 423 560 ἀργίᾳ
473 491 575 558 τὴν
623 488 824 558 ἑτέρων
877 492 1253 557 ταλαιπωρίαν
1306 489 1638 555 ἐσθιόντων;
1692 493 1847 554 τίνας

150 580 217 648 δὴ
264 578 404 647 λέγω
451 579 705 647 τούτους;
757 572 842 642 οἷς
888 581 1054 649 ἔργον
1100 579 1162 631 ἓν
1207 586 1372 632 τοῦτο
1420 580 1515 642 τὰς
1559 589 1672 632 τῶν
1716 599 1846 649 κρα-
1892 601 1912 632 5

148 668 399 720 τούντων
445 666 627 735 λέγειν
674 665 735 720 ἐν
788 675 903 730 τοῖς
955 669 1215 738 θεάτροις
1262 667 1549 737 εὐφημίας.
1626 667 1687 721 ἐν
1740 670 1844 737 γὰρ

150 757 218 825 δὴ
265 764 382 818 τοῖς
434 756 693 826 θεάτροις
742 758 931 826 ἔχουσι
985 757 1086 825 τὴν
1142 758 1303 826 ἰσχὺν
1359 757 1682 810 δεσποτείαν
1733 766 1846 809 τῶν

150 844 430 915 ἀγοραίων
484 846 700 914 ἔχοντες
747 845 840 898 διὰ
885 846 987 914 τὴν
1040 843 1103 898 ἐν
1151 855 1268 908 ταῖς
1316 854 1528 915 φωναῖς
1574 843 1845 908 ἐξουσίαν.

150 932 239 986 καὶ
280 934 341 987 τὸ
383 935 551 996 ἔθνος
589 941 753 987 τοῦτο
794 936 1070 1002 σκηπτοὺς
1110 933 1307 1002 ἀφιᾶσι
1345 932 1474 987 καθ’
1505 929 1583 987 ὧν
1614 933 1685 987 ἂν
1722 932 1845 987 ἐθέ-

151 1026 304 1076 λοιεν
343 1022 432 1075 καὶ
473 1020 711 1090 ἐβόησαν
748 1021 839 1074 καὶ
879 1025 1126 1090 ἔπεισαν,
1167 1024 1219 1076 οἱ
1259 1021 1324 1075 δέ
1363 1023 1506 1076 εἰσιν
1545 1022 1605 1075 ἐν
1642 1032 1843 1086 κακοῖς.
1869 1046 1912 1077 10

148 1109 239 1164 καὶ
289 1112 350 1164 τὸ
397 1120 576 1173 κακῶς
625 1112 656 1179 Ι
684 1111 859 1179 ῥηθὲν
904 1111 1188 1164 πέπαυται.
1266 1112 1353 1164 δεῖ
1403 1112 1470 1180 δὴ
1517 1125 1686 1181 προσ·
1724 1124 1933 1170 RII473

148 1208 342 1254 κυνεῖν
386 1200 619 1262 τούτους
665 1199 697 1268 ἢ
740 1199 1097 1253 ἀπολωλέναι.
1177 1200 1260 1252 18.
1307 1200 1368 1253 τὸ
1409 1196 1469 1252 δὲ
1508 1210 1845 1270 προσκυνεῖν

149 1290 205 1342 τί
241 1287 414 1353 ἐστιν;
453 1290 644 1356 αἰτεῖν,
691 1289 1014 1358 λαμβάνειν·
1059 1290 1229 1342 πάλιν
1268 1293 1466 1356 αἰτεῖν,
1505 1289 1674 1341 πάλιν
1713 1294 1845 1358 λαμ-

149 1377 342 1446 βάνειν
387 1376 420 1446 ἢ
460 1376 774 1447 πέμποντας
820 1380 950 1440 τοὺς
989 1385 1152 1431 τοῦτο
1199 1380 1529 1446 ποιήσοντας
1567 1376 1600 1446 ἢ
1641 1377 1844 1441 αὐτοὺς

149 1468 495 1535 προσιόντας.
564 1465 668 1520 κᾶν
702 1466 941 1535 ἀπορίαν
974 1467 1282 1534 αἰτιάσηταί
1310 1486 1409 1534 τις,
1442 1467 1525 1520 ὅτι
1556 1467 1629 1535 μὴ
1651 1467 1843 1539 ,δανεί-
1868 1489 1909 1522 15

151 1557 310 1623 ζεται,
343 1559 526 1608 λυπεῖ·
557 1564 673 1618 τοῖς
706 1552 766 1608 δὲ
800 1555 1080 1608 ἀνιαθεῖσι
1111 1555 1327 1617 τούτοις
1355 1553 1416 1608 ἐν
1447 1563 1561 1618 τοῖς
1584 1555 1843 1625 θεάτροις

150 1642 183 1711 ἡ
229 1645 475 1713 τιμωρία.
554 1643 735 1697 ἐκεῖνα
791 1640 851 1696 δὲ
901 1648 1126 1706 πολλοῖς
1173 1643 1466 1711 ἀνοίγεται.
1543 1641 1634 1696 καὶ
1682 1657 1843 1713 στρα-

149 1741 336 1785 τιῶται
377 1732 671 1786 διαθέουσι
711 1733 1074 1802 σβεννύοντες
1108 1740 1238 1802 πῦρ,
1278 1731 1413 1796 ξύλα
1453 1733 1842 1802 διαρριπτοῦν-

149 1840 252 1889 τες,
293 1817 462 1874 οὐδὲν
494 1820 690 1884 ἐῶντες
720 1820 926 1890 μένειν,
965 1821 1143 1874 πάντα
1183 1819 1591 1891 ἀνατρέποντες.
1660 1823 1742 1884 τίς
1773 1820 1843 1874 ἂν

150 1909 366 1978 ἐνέγκαι
414 1912 801 1980 τετρακοσίους
847 1911 1074 1974 λύκους;
1128 1918 1243 1972 πῶς
1288 1907 1397 1978 ἔνι,
1451 1912 1704 1979 βασιλεῦ,
1749 1909 1839 1963 καὶ
1865 1933 1909 1966 20

148 1999 365 2062 τούτοις
409 1999 704 2069 ὑπηρετεῖν
750 1997 840 2051 καὶ
888 2008 999 2051 τῶν
1046 2000 1230 2051 ἄλλων
1274 1995 1447 2067 μηδὲν
1492 2008 1841 2069 παρακινεῖν;

150 2085 178 2140 ὁ
225 2089 329 2156 γὰρ
378 2086 547 2151 ἀξιῶν
592 2089 755 2158 ἄμφω
802 2089 1096 2155 γίγνεσθαι
1143 2089 1528 2155 παραπλήσιον
1580 2096 1728 2141 ποιεῖ
1773 2094 1847 2160 τῷ

147 2195 272 2229 τινα
319 2178 581 2245 στερῆσαί
623 2196 682 2229 τε
727 2184 850 2229 τοῖν
894 2176 1095 2229 ποδοῖν
1144 2175 1234 2228 καὶ
1287 2176 1535 2229 κελεύειν
1582 2176 1840 2244 βαδίζειν.

269 2341 294 2379 3
328 2336 385 2381 cf.
418 2352 463 2393 p.
491 2341 590 2392 369,
610 2342 663 2381 21
788 2341 813 2380 6
847 2336 904 2381 cf.
938 2336 999 2380 ad
1028 2351 1074 2393 p.
1101 2340 1202 2391 369,
1223 2340 1277 2379 16
1414 2339 1441 2380 8
1473 2335 1530 2380 cf.
1563 2351 1608 2392 p.
1634 2341 1705 2390 34,
1725 2341 1779 2380 16

150 2399 206 2439 20
239 2395 296 2439 ef.
320 2411 365 2452 p.
385 2401 573 2451 298,24;
606 2400 773 2452 303,10

270 2549 295 2587 2
327 2542 558 2600 πολεμίων
581 2543 746 2601 scripsi
771 2557 795 2588 e
820 2544 863 2587 V
919 2541 1131 2599 πολέμων
1160 2542 1331 2599 reliqui
1362 2541 1472 2585 libri
1501 2542 1591 2586 edd
1714 2546 1739 2586 3
1770 2559 1841 2593 τις

149 2603 218 2646 Re
267 2606 273 2658 Ι
324 2601 505 2660 ἐνέγκοι
535 2603 637 2647 Mor
778 2608 806 2646 4
837 2602 920 2652 τὰς
951 2604 999 2646 et
1028 2600 1342 2657 ταλαιπωρίας
1375 2601 1411 2646 Ο
1552 2606 1577 2644 5
1610 2600 1662 2645 δὲ
1692 2601 1795 2646 Mor
1828 2601 1835 2660 Ι

151 2662 200 2707 ἐν
223 2662 371 2706 τούτω
395 2662 498 2706 Mor
620 2667 671 2706 11
698 2660 996 2707 πεπίστευται
1020 2661 1087 2705 Re
1111 2660 1250 2703 Anim
1369 2665 1422 2703 13
1447 2659 1839 2719 πάλιν-λαμβά-

150 2736 250 2764 νειν
281 2707 496 2794 in‘marg
528 2720 620 2764 add
656 2721 720 2766 0²
842 2725 895 2763 14
928 2718 1213 2774 ποιήσαντας
1243 2718 1345 2762 Mor
1372 2723 1377 2773 Ι
1406 2719 1539 2763 αὐτοὶ
1568 2718 1839 2773 προσιόντες

150 2779 252 2823 Mor
359 2785 412 2823 16
439 2782 468 2824 δ
505 2780 574 2822 Re
681 2785 734 2823 21
761 2779 905 2836 μηδὲν
923 2779 967 2822 Β
984 2779 1053 2823 Re
1113 2781 1277 2835 μηδεῖν
1298 2779 1411 2823 ΟΡΙ
1463 2778 1524 2834 μὴ
1549 2779 1649 2823 δεῖν
1666 2779 1846 2823 AVaV

210 2836 387 2894 μηδένα
411 2838 513 2881 Mor
537 2838 619 2883 sed
643 2855 697 2894 γρ
722 2838 782 2895 μὴ
808 2840 907 2882 δεῖν
931 2838 980 2881 in
1003 2851 1137 2894 marg
1279 2842 1333 2880 22
1367 2834 1585 2894 γίνεσθαι
1608 2839 1654 2881 Β
1677 2837 1780 2881 Mor

150 2895 372 2954 γενέσθαι
401 2897 470 2941 Re
511 2899 518 2954 Ι
558 2897 610 2941 τὸ
642 2899 677 2940 Ι
791 2901 846 2940 23
878 2913 926 2941 τε
958 2911 1030 2941 om
1066 2898 1109 2941 V

1482 2970 1569 3013 25⁸
