<?xml version="1.0" encoding="UTF-8"?>
<!DOCTYPE html PUBLIC "-//W3C//DTD XHTML 1.0 Transitional//EN"
    "http://www.w3.org/TR/xhtml1/DTD/xhtml1-transitional.dtd">
<html xmlns="http://www.w3.org/1999/xhtml" xml:lang="en" lang="en">
 <head>
  <title>
</title>
<meta http-equiv="Content-Type" content="text/html;charset=utf-8" />
  <meta name='ocr-system' content='tesseract 3.04.00' />
  <meta name='ocr-capabilities' content='ocr_page ocr_carea ocr_par ocr_line ocrx_word'/>
</head>
<body>
  <div class='ocr_page' id='page_1' title='image "./operarecensuitri03libauoft_0214.png"; bbox 0 0 1992 3094; ppageno 0'>
   <div class='ocr_carea' id='block_1_1' title="bbox 191 118 1370 174">
    <p class='ocr_par' dir='ltr' id='par_1_1' title="bbox 191 118 1370 174">
     <span class='ocr_line' id='line_1_1' title="bbox 191 118 1370 174; baseline -0.012 0"><span class='ocrx_word' id='word_1_1' title='bbox 191 123 294 174; x_wconf 71' lang='lat'><strong><em>144</em></strong></span> <span class='ocrx_word' id='word_1_2' title='bbox 708 120 935 164; x_wconf 87' lang='lat' dir='ltr'>LIBANII</span> <span class='ocrx_word' id='word_1_3' title='bbox 967 118 1191 162; x_wconf 83' lang='lat' dir='ltr'><strong>ORATIO</strong></span> <span class='ocrx_word' id='word_1_4' title='bbox 1224 119 1370 161; x_wconf 87' lang='lat' dir='ltr'>XXXI</span> 
     </span>
    </p>
   </div>
   <div class='ocr_carea' id='block_1_2' title="bbox 106 253 1893 2014">
    <p class='ocr_par' dir='ltr' id='par_1_2' title="bbox 106 253 1893 2014">
     <span class='ocr_line' id='line_1_2' title="bbox 187 253 1873 326; baseline -0.001 -16"><span class='ocrx_word' id='word_1_5' title='bbox 187 259 291 326; x_wconf 84' lang='grc' dir='ltr'><strong><em>γὰρ</em></strong></span> <span class='ocrx_word' id='word_1_6' title='bbox 348 258 522 325; x_wconf 75' lang='grc' dir='ltr'><strong><em>ἴδοιμι</em></strong></span> <span class='ocrx_word' id='word_1_7' title='bbox 584 257 880 318; x_wconf 80' lang='grc' dir='ltr'><strong><em>παιδευτὰς</em></strong></span> <span class='ocrx_word' id='word_1_8' title='bbox 935 254 1166 308; x_wconf 80' lang='grc' dir='ltr'><strong><em>ἐνθένδε</em></strong></span> <span class='ocrx_word' id='word_1_9' title='bbox 1219 255 1355 324; x_wconf 87' lang='grc' dir='ltr'><strong><em>πρὸς</em></strong></span> <span class='ocrx_word' id='word_1_10' title='bbox 1410 253 1602 322; x_wconf 80' lang='grc' dir='ltr'><em>ἑτέραν</em></span> <span class='ocrx_word' id='word_1_11' title='bbox 1657 253 1873 323; x_wconf 54' lang='grc' dir='ltr'><strong><em>ἀνισταή</em></strong></span> 
     </span>
     <span class='ocr_line' id='line_1_3' title="bbox 187 343 1876 416; baseline -0.002 -17"><span class='ocrx_word' id='word_1_12' title='bbox 187 347 388 416; x_wconf 81' lang='grc' dir='ltr'><strong><em>μένους</em></strong></span> <span class='ocrx_word' id='word_1_13' title='bbox 418 347 582 398; x_wconf 88' lang='grc' dir='ltr'><strong><em>πόλιν</em></strong></span> <span class='ocrx_word' id='word_1_14' title='bbox 620 345 687 398; x_wconf 87' lang='grc' dir='ltr'><strong><em>οὐ</em></strong></span> <span class='ocrx_word' id='word_1_15' title='bbox 728 345 955 413; x_wconf 88' lang='grc' dir='ltr'><strong><em>σεισμὸν</em></strong></span> <span class='ocrx_word' id='word_1_16' title='bbox 994 344 1302 412; x_wconf 89' lang='grc' dir='ltr'><strong><em>φεύγοντας</em></strong></span> <span class='ocrx_word' id='word_1_17' title='bbox 1349 343 1467 396; x_wconf 81' lang='grc' dir='ltr'><strong><em>οὐδ’</em></strong></span> <span class='ocrx_word' id='word_1_18' title='bbox 1500 344 1634 395; x_wconf 80' lang='grc' dir='ltr'><strong><em>ἄλλο</em></strong></span> <span class='ocrx_word' id='word_1_19' title='bbox 1673 363 1726 396; x_wconf 90' lang='grc' dir='ltr'><strong><em>τι</em></strong></span> <span class='ocrx_word' id='word_1_20' title='bbox 1763 351 1876 396; x_wconf 88' lang='grc' dir='ltr'><strong><em>τῶν</em></strong></span> 
     </span>
     <span class='ocr_line' id='line_1_4' title="bbox 191 430 1877 503; baseline -0.002 -16"><span class='ocrx_word' id='word_1_21' title='bbox 191 436 493 503; x_wconf 78' lang='grc' dir='ltr'><strong><em>δαιμονίων</em></strong></span> <span class='ocrx_word' id='word_1_22' title='bbox 546 443 746 500; x_wconf 81' lang='grc' dir='ltr'><strong><em>κακῶν,</em></strong></span> <span class='ocrx_word' id='word_1_23' title='bbox 802 432 917 486; x_wconf 88' lang='grc' dir='ltr'><strong><em>ἀλλ’</em></strong></span> <span class='ocrx_word' id='word_1_24' title='bbox 959 432 1197 502; x_wconf 79' lang='grc' dir='ltr'><strong><em>ἀπορίαν</em></strong></span> <span class='ocrx_word' id='word_1_25' title='bbox 1251 439 1462 501; x_wconf 82' lang='grc' dir='ltr'><strong><em>τροφῆς</em></strong></span> <span class='ocrx_word' id='word_1_26' title='bbox 1515 430 1606 484; x_wconf 86' lang='grc' dir='ltr'><strong><em>καὶ</em></strong></span> <span class='ocrx_word' id='word_1_27' title='bbox 1660 432 1722 484; x_wconf 90' lang='grc' dir='ltr'><strong><em>τὸ</em></strong></span> <span class='ocrx_word' id='word_1_28' title='bbox 1777 433 1877 500; x_wconf 86' lang='grc' dir='ltr'><strong><em>τὴν</em></strong></span> 
     </span>
     <span class='ocr_line' id='line_1_5' title="bbox 190 519 1875 592; baseline -0.002 -16"><span class='ocrx_word' id='word_1_29' title='bbox 190 525 460 592; x_wconf 90' lang='grc' dir='ltr'><strong><em>πρόνοιαν</em></strong></span> <span class='ocrx_word' id='word_1_30' title='bbox 497 523 568 590; x_wconf 81' lang='grc' dir='ltr'><strong><em>ἣν</em></strong></span> <span class='ocrx_word' id='word_1_31' title='bbox 607 527 776 591; x_wconf 73' lang='grc' dir='ltr'><strong><em>εἴχετε</em></strong></span> <span class='ocrx_word' id='word_1_32' title='bbox 813 523 938 591; x_wconf 82' lang='grc' dir='ltr'><strong><em>περὶ</em></strong></span> <span class='ocrx_word' id='word_1_33' title='bbox 977 523 1108 584; x_wconf 87' lang='grc' dir='ltr'><strong><em>τοὺς</em></strong></span> <span class='ocrx_word' id='word_1_34' title='bbox 1146 524 1347 589; x_wconf 77' lang='grc' dir='ltr'><strong><em>λόγους</em></strong></span> <span class='ocrx_word' id='word_1_35' title='bbox 1385 519 1732 574; x_wconf 77' lang='grc' dir='ltr'><strong><em>ἐκλελύσθαι.</em></strong></span> <span class='ocrx_word' id='word_1_36' title='bbox 1786 521 1875 573; x_wconf 79' lang='grc' dir='ltr'><strong><em>οὔ-</em></strong></span> 
     </span>
     <span class='ocr_line' id='line_1_6' title="bbox 148 607 1879 679; baseline -0.003 -13"><span class='ocrx_word' id='word_1_37' title='bbox 148 632 276 667; x_wconf 77' lang='grc' dir='ltr'><strong><em>5τοι</em></strong></span> <span class='ocrx_word' id='word_1_38' title='bbox 323 614 573 679; x_wconf 82' lang='grc' dir='ltr'><strong><em>φορητὸν</em></strong></span> <span class='ocrx_word' id='word_1_39' title='bbox 618 607 750 663; x_wconf 77' lang='grc' dir='ltr'><strong><em>οὐδὲ</em></strong></span> <span class='ocrx_word' id='word_1_40' title='bbox 797 611 1133 679; x_wconf 80' lang='grc' dir='ltr'><strong><em>συγγνώμην</em></strong></span> <span class='ocrx_word' id='word_1_41' title='bbox 1179 612 1306 679; x_wconf 79' lang='grc' dir='ltr'><strong><em>ἔχον</em></strong></span> <span class='ocrx_word' id='word_1_42' title='bbox 1346 608 1674 678; x_wconf 81' lang='grc' dir='ltr'><strong><em>Καισαρέων</em></strong></span> <span class='ocrx_word' id='word_1_43' title='bbox 1717 607 1879 662; x_wconf 78' lang='grc' dir='ltr'><strong><em>Άντι-</em></strong></span> 
     </span>
     <span class='ocr_line' id='line_1_7' title="bbox 192 696 1880 768; baseline -0.002 -15"><span class='ocrx_word' id='word_1_44' title='bbox 192 700 349 768; x_wconf 86' lang='grc' dir='ltr'><strong><em>οχέας</em></strong></span> <span class='ocrx_word' id='word_1_45' title='bbox 386 696 552 768; x_wconf 80' lang='grc' dir='ltr'><strong><em>ἧττον</em></strong></span> <span class='ocrx_word' id='word_1_46' title='bbox 591 696 732 752; x_wconf 82' lang='grc' dir='ltr'><strong><em>εἶναι</em></strong></span> <span class='ocrx_word' id='word_1_47' title='bbox 773 701 1107 766; x_wconf 81' lang='grc' dir='ltr'><strong><em>φιλολόγους</em></strong></span> <span class='ocrx_word' id='word_1_48' title='bbox 1143 698 1312 762; x_wconf 81' lang='grc' dir='ltr'><strong><em>δόξαι.</em></strong></span> <span class='ocrx_word' id='word_1_49' title='bbox 1374 698 1574 751; x_wconf 82' lang='grc' dir='ltr'><strong><em>ἐκεῖνοι</em></strong></span> <span class='ocrx_word' id='word_1_50' title='bbox 1607 699 1880 767; x_wconf 82' lang='grc' dir='ltr'><strong><em>σοφιστὴν</em></strong></span> 
     </span>
     <span class='ocr_line' id='line_1_8' title="bbox 191 786 1882 859; baseline -0.001 -17"><span class='ocrx_word' id='word_1_51' title='bbox 191 789 458 859; x_wconf 85' lang='grc' dir='ltr'><strong><em>ὑμέτερον</em></strong></span> <span class='ocrx_word' id='word_1_52' title='bbox 509 788 849 856; x_wconf 81' lang='grc' dir='ltr'><strong><em>ἐπαγγελιῶν</em></strong></span> <span class='ocrx_word' id='word_1_53' title='bbox 902 787 1125 856; x_wconf 79' lang='grc' dir='ltr'><strong><em>μεγέθει</em></strong></span> <span class='ocrx_word' id='word_1_54' title='bbox 1179 789 1279 855; x_wconf 84' lang='grc' dir='ltr'><strong><em>τὴν</em></strong></span> <span class='ocrx_word' id='word_1_55' title='bbox 1326 786 1528 840; x_wconf 79' lang='grc' dir='ltr'><strong><em>ἐλάττω</em></strong></span> <span class='ocrx_word' id='word_1_56' title='bbox 1575 789 1743 840; x_wconf 88' lang='grc' dir='ltr'><strong><em>πόλιν</em></strong></span> <span class='ocrx_word' id='word_1_57' title='bbox 1787 796 1882 855; x_wconf 79' lang='grc' dir='ltr'><strong><em>τῆς</em></strong></span> 
     </span>
     <span class='ocr_line' id='line_1_9' title="bbox 194 875 1881 947; baseline -0.001 -17"><span class='ocrx_word' id='word_1_58' title='bbox 194 882 439 947; x_wconf 79' lang='grc' dir='ltr'><strong><em>μείζονος</em></strong></span> <span class='ocrx_word' id='word_1_59' title='bbox 479 879 702 930; x_wconf 86' lang='grc' dir='ltr'><strong><em>ἔπεισαν</em></strong></span> <span class='ocrx_word' id='word_1_60' title='bbox 749 876 1114 945; x_wconf 80' lang='grc' dir='ltr'><strong><em>ἀνθελέσθαι,</em></strong></span> <span class='ocrx_word' id='word_1_61' title='bbox 1169 875 1259 929; x_wconf 87' lang='grc' dir='ltr'><strong><em>καὶ</em></strong></span> <span class='ocrx_word' id='word_1_62' title='bbox 1305 884 1414 930; x_wconf 88' lang='grc' dir='ltr'><strong><em>νῦν</em></strong></span> <span class='ocrx_word' id='word_1_63' title='bbox 1460 879 1570 946; x_wconf 80' lang='grc' dir='ltr'><strong><em>ἔχει</em></strong></span> <span class='ocrx_word' id='word_1_64' title='bbox 1615 877 1710 939; x_wconf 83' lang='grc' dir='ltr'><strong><em>τὰς</em></strong></span> <span class='ocrx_word' id='word_1_65' title='bbox 1747 876 1881 928; x_wconf 86' lang='grc' dir='ltr'><strong><em>ὑπο-</em></strong></span> 
     </span>
     <span class='ocr_line' id='line_1_10' title="bbox 194 960 1883 1036; baseline -0.001 -16"><span class='ocrx_word' id='word_1_66' title='bbox 194 966 417 1036; x_wconf 86' lang='grc' dir='ltr'><strong><em>σχέσεις.</em></strong></span> <span class='ocrx_word' id='word_1_67' title='bbox 495 966 581 1018; x_wconf 82' lang='grc'><strong><em>43.</em></strong></span> <span class='ocrx_word' id='word_1_68' title='bbox 621 966 775 1034; x_wconf 78' lang='grc' dir='ltr'><strong><em>ἡμεῖς</em></strong></span> <span class='ocrx_word' id='word_1_69' title='bbox 815 962 875 1018; x_wconf 75' lang='grc' dir='ltr'><strong><em>δὲ</em></strong></span> <span class='ocrx_word' id='word_1_70' title='bbox 915 966 1047 1018; x_wconf 82' lang='grc' dir='ltr'><strong><em>οὐδὲ</em></strong></span> <span class='ocrx_word' id='word_1_71' title='bbox 1085 967 1436 1035; x_wconf 80' lang='grc' dir='ltr'><strong><em>μιμησόμεθα</em></strong></span> <span class='ocrx_word' id='word_1_72' title='bbox 1474 973 1645 1019; x_wconf 88' lang='grc' dir='ltr'><strong><em>ταῦτα</em></strong></span> <span class='ocrx_word' id='word_1_73' title='bbox 1683 960 1763 1018; x_wconf 82' lang='grc' dir='ltr'><strong><em>ὧν</em></strong></span> <span class='ocrx_word' id='word_1_74' title='bbox 1793 966 1883 1018; x_wconf 54' lang='grc' dir='ltr'><strong><em>«δι-</em></strong></span> 
     </span>
     <span class='ocr_line' id='line_1_11' title="bbox 129 1049 1882 1124; baseline -0.002 -14"><span class='ocrx_word' id='word_1_75' title='bbox 129 1079 171 1110; x_wconf 83' lang='grc' dir='ltr'><strong><em>ιο</em></strong></span> <span class='ocrx_word' id='word_1_76' title='bbox 196 1056 506 1117; x_wconf 85' lang='grc' dir='ltr'><strong><em>δασκάλους</em></strong></span> <span class='ocrx_word' id='word_1_77' title='bbox 553 1049 693 1107; x_wconf 85' lang='grc' dir='ltr'><strong><em>εἶναι</em></strong></span> <span class='ocrx_word' id='word_1_78' title='bbox 732 1062 994 1123; x_wconf 75' lang='grc' dir='ltr'><strong><em>προσῆκες</em></strong></span> <span class='ocrx_word' id='word_1_79' title='bbox 1049 1058 1146 1123; x_wconf 84' lang='grc' dir='ltr'><strong><em>μή,</em></strong></span> <span class='ocrx_word' id='word_1_80' title='bbox 1193 1055 1330 1124; x_wconf 89' lang='grc' dir='ltr'><strong><em>πρὸς</em></strong></span> <span class='ocrx_word' id='word_1_81' title='bbox 1374 1062 1472 1108; x_wconf 87' lang='grc' dir='ltr'><strong><em>τοῦ</em></strong></span> <span class='ocrx_word' id='word_1_82' title='bbox 1514 1053 1882 1123; x_wconf 83' lang='grc' dir='ltr'><strong><em>Μουσηγέτου</em></strong></span> 
     </span>
     <span class='ocr_line' id='line_1_12' title="bbox 106 1141 1885 1214; baseline -0.003 -12"><span class='ocrx_word' id='word_1_83' title='bbox 106 1158 207 1202; x_wconf 84' lang='lat' dir='ltr'><strong><em>RII</em></strong></span> <span class='ocrx_word' id='word_1_84' title='bbox 227 1162 309 1200; x_wconf 75' lang='lat'><strong><em>221</em></strong></span> <span class='ocrx_word' id='word_1_85' title='bbox 349 1151 450 1197; x_wconf 86' lang='grc' dir='ltr'><strong><em>τοῦ</em></strong></span> <span class='ocrx_word' id='word_1_86' title='bbox 485 1143 492 1214; x_wconf 87' lang='grc' dir='ltr'>Ι</span> <span class='ocrx_word' id='word_1_87' title='bbox 526 1143 705 1196; x_wconf 87' lang='grc' dir='ltr'><strong><em>πάντα</em></strong></span> <span class='ocrx_word' id='word_1_88' title='bbox 743 1141 1059 1213; x_wconf 81' lang='grc' dir='ltr'><strong><em>ἐφορῶντος</em></strong></span> <span class='ocrx_word' id='word_1_89' title='bbox 1095 1142 1357 1212; x_wconf 81' lang='grc' dir='ltr'><strong><em>ἐγγύθεν,</em></strong></span> <span class='ocrx_word' id='word_1_90' title='bbox 1397 1143 1464 1197; x_wconf 86' lang='grc' dir='ltr'><strong><em>ὃν</em></strong></span> <span class='ocrx_word' id='word_1_91' title='bbox 1502 1145 1603 1212; x_wconf 84' lang='grc' dir='ltr'><strong><em>χρὴ</em></strong></span> <span class='ocrx_word' id='word_1_92' title='bbox 1644 1145 1885 1210; x_wconf 83' lang='grc' dir='ltr'><strong><em>νομίζειν</em></strong></span> 
     </span>
     <span class='ocr_line' id='line_1_13' title="bbox 196 1231 1884 1301; baseline 0.001 -16"><span class='ocrx_word' id='word_1_93' title='bbox 196 1233 261 1285; x_wconf 89' lang='grc' dir='ltr'><strong><em>οὐ</em></strong></span> <span class='ocrx_word' id='word_1_94' title='bbox 296 1234 568 1285; x_wconf 74' lang='grc' dir='ltr'><strong><em>διώκοντα</em></strong></span> <span class='ocrx_word' id='word_1_95' title='bbox 599 1233 827 1300; x_wconf 81' lang='grc' dir='ltr'><strong><em>νύμφην</em></strong></span> <span class='ocrx_word' id='word_1_96' title='bbox 859 1231 1172 1301; x_wconf 79' lang='grc' dir='ltr'><strong><em>ἁμαρτόντα</em></strong></span> <span class='ocrx_word' id='word_1_97' title='bbox 1202 1240 1303 1285; x_wconf 89' lang='grc' dir='ltr'><strong><em>τοῦ</em></strong></span> <span class='ocrx_word' id='word_1_98' title='bbox 1330 1233 1579 1300; x_wconf 89' lang='grc' dir='ltr'><strong><em>σώματος</em></strong></span> <span class='ocrx_word' id='word_1_99' title='bbox 1610 1232 1884 1300; x_wconf 83' lang='grc' dir='ltr'><strong><em>ἀγαπῆσαι</em></strong></span> 
     </span>
     <span class='ocr_line' id='line_1_14' title="bbox 195 1319 1879 1391; baseline 0 -17"><span class='ocrx_word' id='word_1_100' title='bbox 195 1324 293 1374; x_wconf 88' lang='grc' dir='ltr'><strong><em>τὸν</em></strong></span> <span class='ocrx_word' id='word_1_101' title='bbox 347 1330 545 1391; x_wconf 89' lang='grc' dir='ltr'><strong><em>χῶρον,</em></strong></span> <span class='ocrx_word' id='word_1_102' title='bbox 599 1322 815 1374; x_wconf 81' lang='grc' dir='ltr'><strong><em>παίδων</em></strong></span> <span class='ocrx_word' id='word_1_103' title='bbox 870 1321 974 1390; x_wconf 81' lang='grc' dir='ltr'><strong><em>γὰρ</em></strong></span> <span class='ocrx_word' id='word_1_104' title='bbox 1028 1328 1197 1374; x_wconf 89' lang='grc' dir='ltr'><strong><em>ταῦτα</em></strong></span> <span class='ocrx_word' id='word_1_105' title='bbox 1247 1324 1707 1390; x_wconf 78' lang='grc' dir='ltr'><strong><em>μυθολογήματα,</em></strong></span> <span class='ocrx_word' id='word_1_106' title='bbox 1761 1319 1879 1374; x_wconf 87' lang='grc' dir='ltr'><strong><em>ἀλλ’</em></strong></span> 
     </span>
     <span class='ocr_line' id='line_1_15' title="bbox 197 1408 1887 1479; baseline -0.001 -16"><span class='ocrx_word' id='word_1_107' title='bbox 197 1411 340 1472; x_wconf 85' lang='grc' dir='ltr'><strong><em>εἰκὸς</em></strong></span> <span class='ocrx_word' id='word_1_108' title='bbox 378 1411 507 1472; x_wconf 85' lang='grc' dir='ltr'><strong><em>τοὺς</em></strong></span> <span class='ocrx_word' id='word_1_109' title='bbox 547 1408 808 1478; x_wconf 80' lang='grc' dir='ltr'><strong><em>ἀρχαίους</em></strong></span> <span class='ocrx_word' id='word_1_110' title='bbox 848 1411 1138 1479; x_wconf 87' lang='grc' dir='ltr'><strong><em>οἰκήτορας</em></strong></span> <span class='ocrx_word' id='word_1_111' title='bbox 1175 1410 1448 1478; x_wconf 83' lang='grc' dir='ltr'><strong><em>μουσικὴν</em></strong></span> <span class='ocrx_word' id='word_1_112' title='bbox 1479 1408 1887 1478; x_wconf 79' lang='grc' dir='ltr'><strong><em>ἀσπαζομένους</em></strong></span> 
     </span>
     <span class='ocr_line' id='line_1_16' title="bbox 132 1498 1887 1567; baseline 0 -16"><span class='ocrx_word' id='word_1_113' title='bbox 132 1526 173 1559; x_wconf 81' lang='lat'><strong><em>15</em></strong></span> <span class='ocrx_word' id='word_1_114' title='bbox 197 1509 308 1552; x_wconf 86' lang='grc' dir='ltr'><strong><em>τῶν</em></strong></span> <span class='ocrx_word' id='word_1_115' title='bbox 348 1499 530 1551; x_wconf 81' lang='grc' dir='ltr'><strong><em>ἄλλων</em></strong></span> <span class='ocrx_word' id='word_1_116' title='bbox 567 1498 676 1550; x_wconf 86' lang='grc' dir='ltr'><strong><em>ὑπὸ</em></strong></span> <span class='ocrx_word' id='word_1_117' title='bbox 716 1506 815 1551; x_wconf 89' lang='grc' dir='ltr'><strong><em>τοῦ</em></strong></span> <span class='ocrx_word' id='word_1_118' title='bbox 855 1503 997 1550; x_wconf 87' lang='grc' dir='ltr'><strong><em>θεοῦ</em></strong></span> <span class='ocrx_word' id='word_1_119' title='bbox 1037 1501 1452 1567; x_wconf 85' lang='grc' dir='ltr'><strong><em>προκεκρίσθαι.</em></strong></span> <span class='ocrx_word' id='word_1_120' title='bbox 1517 1499 1603 1551; x_wconf 86' lang='grc'><strong><em>44.</em></strong></span> <span class='ocrx_word' id='word_1_121' title='bbox 1645 1502 1887 1567; x_wconf 79' lang='grc' dir='ltr'><strong><em>ζηλῶμεν</em></strong></span> 
     </span>
     <span class='ocr_line' id='line_1_17' title="bbox 199 1583 1887 1657; baseline 0 -17"><span class='ocrx_word' id='word_1_122' title='bbox 199 1588 268 1655; x_wconf 86' lang='grc' dir='ltr'><strong><em>δὴ</em></strong></span> <span class='ocrx_word' id='word_1_123' title='bbox 302 1589 432 1649; x_wconf 86' lang='grc' dir='ltr'><strong><em>τοὺς</em></strong></span> <span class='ocrx_word' id='word_1_124' title='bbox 463 1587 792 1655; x_wconf 89' lang='grc' dir='ltr'><strong><em>προγόνους,</em></strong></span> <span class='ocrx_word' id='word_1_125' title='bbox 831 1583 873 1639; x_wconf 83' lang='grc' dir='ltr'>ὦ</span> <span class='ocrx_word' id='word_1_126' title='bbox 906 1587 1121 1656; x_wconf 77' lang='grc' dir='ltr'><strong><em>ἄνδρες,</em></strong></span> <span class='ocrx_word' id='word_1_127' title='bbox 1160 1586 1251 1639; x_wconf 88' lang='grc' dir='ltr'><strong><em>καὶ</em></strong></span> <span class='ocrx_word' id='word_1_128' title='bbox 1283 1589 1575 1657; x_wconf 86' lang='grc' dir='ltr'><strong><em>μιμώμεθα</em></strong></span> <span class='ocrx_word' id='word_1_129' title='bbox 1614 1586 1704 1640; x_wconf 87' lang='grc' dir='ltr'><strong><em>καὶ</em></strong></span> <span class='ocrx_word' id='word_1_130' title='bbox 1736 1586 1887 1640; x_wconf 83' lang='grc' dir='ltr'><strong><em>κατέ-</em></strong></span> 
     </span>
     <span class='ocr_line' id='line_1_18' title="bbox 199 1674 1888 1747; baseline 0 -19"><span class='ocrx_word' id='word_1_131' title='bbox 199 1694 379 1744; x_wconf 91' lang='grc' dir='ltr'><strong><em>χωμεν</em></strong></span> <span class='ocrx_word' id='word_1_132' title='bbox 425 1676 525 1728; x_wconf 91' lang='grc' dir='ltr'><strong><em>τὸν</em></strong></span> <span class='ocrx_word' id='word_1_133' title='bbox 564 1674 799 1728; x_wconf 79' lang='grc' dir='ltr'><strong><em>Ἀπόλλω</em></strong></span> <span class='ocrx_word' id='word_1_134' title='bbox 847 1683 910 1745; x_wconf 77' lang='grc' dir='ltr'><strong><em>τῇ</em></strong></span> <span class='ocrx_word' id='word_1_135' title='bbox 957 1674 1083 1744; x_wconf 87' lang='grc' dir='ltr'><strong><em>περὶ</em></strong></span> <span class='ocrx_word' id='word_1_136' title='bbox 1132 1678 1331 1744; x_wconf 87' lang='grc' dir='ltr'><strong><em>λόγους</em></strong></span> <span class='ocrx_word' id='word_1_137' title='bbox 1371 1678 1586 1747; x_wconf 78' lang='grc' dir='ltr'><strong><em>σπουδῇ</em></strong></span> <span class='ocrx_word' id='word_1_138' title='bbox 1633 1674 1726 1729; x_wconf 87' lang='grc' dir='ltr'><strong><em>καὶ</em></strong></span> <span class='ocrx_word' id='word_1_139' title='bbox 1763 1676 1888 1730; x_wconf 91' lang='grc' dir='ltr'><strong><em>τού-</em></strong></span> 
     </span>
     <span class='ocr_line' id='line_1_19' title="bbox 198 1759 1887 1834; baseline -0.001 -17"><span class='ocrx_word' id='word_1_140' title='bbox 198 1784 330 1826; x_wconf 87' lang='grc' dir='ltr'><strong><em>τους</em></strong></span> <span class='ocrx_word' id='word_1_141' title='bbox 382 1761 520 1832; x_wconf 76' lang='grc' dir='ltr'><strong><em>ὑπὲρ</em></strong></span> <span class='ocrx_word' id='word_1_142' title='bbox 577 1759 657 1816; x_wconf 82' lang='grc' dir='ltr'><strong><em>ὧν</em></strong></span> <span class='ocrx_word' id='word_1_143' title='bbox 709 1766 1069 1832; x_wconf 83' lang='grc' dir='ltr'><strong><em>παρελήλυθα</em></strong></span> <span class='ocrx_word' id='word_1_144' title='bbox 1123 1766 1468 1834; x_wconf 80' lang='grc' dir='ltr'><strong><em>θεράποντας</em></strong></span> <span class='ocrx_word' id='word_1_145' title='bbox 1523 1763 1739 1818; x_wconf 82' lang='grc' dir='ltr'><strong><em>ἐκείνου</em></strong></span> <span class='ocrx_word' id='word_1_146' title='bbox 1797 1763 1887 1817; x_wconf 87' lang='grc' dir='ltr'><strong><em>καὶ</em></strong></span> 
     </span>
     <span class='ocr_line' id='line_1_20' title="bbox 201 1851 1893 1922; baseline 0 -17"><span class='ocrx_word' id='word_1_147' title='bbox 201 1855 400 1920; x_wconf 86' lang='grc' dir='ltr'><strong><em>φίλους</em></strong></span> <span class='ocrx_word' id='word_1_148' title='bbox 463 1852 564 1905; x_wconf 87' lang='grc' dir='ltr'><strong><em>οὐκ</em></strong></span> <span class='ocrx_word' id='word_1_149' title='bbox 625 1851 980 1922; x_wconf 81' lang='grc' dir='ltr'><strong><em>ἀτιμοτέρους</em></strong></span> <span class='ocrx_word' id='word_1_150' title='bbox 1041 1862 1154 1905; x_wconf 87' lang='grc' dir='ltr'><strong><em>τῶν</em></strong></span> <span class='ocrx_word' id='word_1_151' title='bbox 1206 1854 1426 1907; x_wconf 87' lang='grc' dir='ltr'><strong><em>κύκνων</em></strong></span> <span class='ocrx_word' id='word_1_152' title='bbox 1487 1854 1775 1922; x_wconf 79' lang='grc' dir='ltr'><strong><em>ἡγώμεθα,</em></strong></span> <span class='ocrx_word' id='word_1_153' title='bbox 1836 1855 1893 1906; x_wconf 83' lang='grc' dir='ltr'><strong><em>οἳ</em></strong></span> 
     </span>
     <span class='ocr_line' id='line_1_21' title="bbox 135 1938 1891 2014; baseline 0.001 -20"><span class='ocrx_word' id='word_1_154' title='bbox 135 1968 178 2000; x_wconf 79' lang='lat'><strong><em>20</em></strong></span> <span class='ocrx_word' id='word_1_155' title='bbox 202 1943 386 2010; x_wconf 86' lang='grc' dir='ltr'><strong><em>χώραν</em></strong></span> <span class='ocrx_word' id='word_1_156' title='bbox 439 1938 540 2007; x_wconf 77' lang='grc' dir='ltr'><strong><em>μὲν</em></strong></span> <span class='ocrx_word' id='word_1_157' title='bbox 585 1943 810 2010; x_wconf 81' lang='grc' dir='ltr'><strong><em>ἔχουσιν</em></strong></span> <span class='ocrx_word' id='word_1_158' title='bbox 862 1942 932 2010; x_wconf 76' lang='grc' dir='ltr'><strong><em>ἣν</em></strong></span> <span class='ocrx_word' id='word_1_159' title='bbox 986 1946 1101 1994; x_wconf 76' lang='grc' dir='ltr'><strong><em>ἴστε</em></strong></span> <span class='ocrx_word' id='word_1_160' title='bbox 1147 1943 1237 1994; x_wconf 82' lang='grc' dir='ltr'><strong><em>καὶ</em></strong></span> <span class='ocrx_word' id='word_1_161' title='bbox 1281 1944 1627 2014; x_wconf 78' lang='grc' dir='ltr'><strong><em>προσηγορία</em></strong></span> <span class='ocrx_word' id='word_1_162' title='bbox 1671 1950 1736 2012; x_wconf 81' lang='grc' dir='ltr'><strong><em>τῇ</em></strong></span> <span class='ocrx_word' id='word_1_163' title='bbox 1783 1950 1891 1996; x_wconf 83' lang='grc' dir='ltr'><strong><em>νῦν</em></strong></span> 
     </span>
    </p>
   </div>
   <div class='ocr_carea' id='block_1_3' title="bbox 218 2062 557 2066">
    <p class='ocr_par' dir='ltr' id='par_1_3' title="bbox 218 2062 557 2066">
     <span class='ocr_line' id='line_1_22' title="bbox 218 2062 557 2066; baseline 0 0"><span class='ocrx_word' id='word_1_164' title='bbox 218 2062 557 2066; x_wconf 95' lang='lat' dir='ltr'><strong><em> </em></strong></span> 
     </span>
    </p>
   </div>
   <div class='ocr_carea' id='block_1_4' title="bbox 323 2138 1888 2196">
    <p class='ocr_par' dir='ltr' id='par_1_4' title="bbox 323 2138 1888 2196">
     <span class='ocr_line' id='line_1_23' title="bbox 323 2138 1888 2196; baseline 0 -14"><span class='ocrx_word' id='word_1_165' title='bbox 323 2144 348 2182; x_wconf 99' lang='grc'><strong>6</strong></span> <span class='ocrx_word' id='word_1_166' title='bbox 388 2139 640 2182; x_wconf 77' lang='lat' dir='ltr'>Acacium?</span> <span class='ocrx_word' id='word_1_167' title='bbox 685 2138 742 2182; x_wconf 87' lang='lat' dir='ltr'><strong><em>cf.</em></strong></span> <span class='ocrx_word' id='word_1_168' title='bbox 778 2151 847 2195; x_wconf 87' lang='lat' dir='ltr'><strong><em>ep.</em></strong></span> <span class='ocrx_word' id='word_1_169' title='bbox 876 2143 973 2182; x_wconf 84' lang='lat'>666.</span> <span class='ocrx_word' id='word_1_170' title='bbox 994 2143 1093 2182; x_wconf 82' lang='grc'><strong>277.</strong></span> <span class='ocrx_word' id='word_1_171' title='bbox 1146 2139 1324 2183; x_wconf 83' lang='lat' dir='ltr'>Sievers</span> <span class='ocrx_word' id='word_1_172' title='bbox 1356 2155 1400 2196; x_wconf 88' lang='lat' dir='ltr'><strong><em>p.</em></strong></span> <span class='ocrx_word' id='word_1_173' title='bbox 1427 2144 1511 2183; x_wconf 83' lang='lat'><strong><em>276</em></strong></span> <span class='ocrx_word' id='word_1_174' title='bbox 1553 2139 1634 2195; x_wconf 89' lang='lat' dir='ltr'><strong><em>qui</em></strong></span> <span class='ocrx_word' id='word_1_175' title='bbox 1673 2139 1731 2182; x_wconf 81' lang='lat' dir='ltr'><strong><em>de</em></strong></span> <span class='ocrx_word' id='word_1_176' title='bbox 1768 2139 1888 2183; x_wconf 86' lang='lat' dir='ltr'><strong>Pris-</strong></span> 
     </span>
    </p>
   </div>
   <div class='ocr_carea' id='block_1_5' title="bbox 205 2197 1890 2314">
    <p class='ocr_par' dir='ltr' id='par_1_5' title="bbox 205 2197 1890 2314">
     <span class='ocr_line' id='line_1_24' title="bbox 205 2197 1890 2255; baseline 0.001 -16"><span class='ocrx_word' id='word_1_177' title='bbox 205 2198 336 2242; x_wconf 80' lang='lat' dir='ltr'>cione</span> <span class='ocrx_word' id='word_1_178' title='bbox 376 2198 555 2255; x_wconf 74' lang='lat' dir='ltr'><strong>cogitat</strong></span> <span class='ocrx_word' id='word_1_179' title='bbox 586 2200 647 2254; x_wconf 87' lang='lat' dir='ltr'><strong><em>(p.</em></strong></span> <span class='ocrx_word' id='word_1_180' title='bbox 677 2199 777 2255; x_wconf 82' lang='grc'>199)</span> <span class='ocrx_word' id='word_1_181' title='bbox 818 2197 921 2242; x_wconf 82' lang='lat' dir='ltr'><strong>coll.</strong></span> <span class='ocrx_word' id='word_1_182' title='bbox 948 2212 1052 2254; x_wconf 85' lang='lat' dir='ltr'><strong>epp.</strong></span> <span class='ocrx_word' id='word_1_183' title='bbox 1086 2202 1184 2242; x_wconf 85' lang='grc'><strong>957.</strong></span> <span class='ocrx_word' id='word_1_184' title='bbox 1221 2203 1318 2242; x_wconf 83' lang='lat'>958.</span> <span class='ocrx_word' id='word_1_185' title='bbox 1353 2203 1437 2242; x_wconf 87' lang='grc'><strong><em>973</em></strong></span> <span class='ocrx_word' id='word_1_186' title='bbox 1621 2205 1672 2242; x_wconf 93' lang='grc'><strong><em>11</em></strong></span> <span class='ocrx_word' id='word_1_187' title='bbox 1722 2199 1779 2242; x_wconf 83' lang='lat' dir='ltr'><strong><em>of.</em></strong></span> <span class='ocrx_word' id='word_1_188' title='bbox 1812 2197 1890 2242; x_wconf 78' lang='lat' dir='ltr'><strong><em>t.1</em></strong></span> 
     </span>
     <span class='ocr_line' id='line_1_25' title="bbox 205 2257 1665 2314; baseline 0.002 -15"><span class='ocrx_word' id='word_1_189' title='bbox 205 2262 435 2311; x_wconf 81' lang='lat' dir='ltr'>467‚1sq;</span> <span class='ocrx_word' id='word_1_190' title='bbox 470 2261 569 2312; x_wconf 77' lang='lat'>519,</span> <span class='ocrx_word' id='word_1_191' title='bbox 603 2261 709 2312; x_wconf 83' lang='lat' dir='ltr'><strong>9sq.</strong></span> <span class='ocrx_word' id='word_1_192' title='bbox 832 2262 887 2300; x_wconf 81' lang='lat'><strong><em>20</em></strong></span> <span class='ocrx_word' id='word_1_193' title='bbox 921 2257 976 2300; x_wconf 83' lang='lat' dir='ltr'><strong><em>ef.</em></strong></span> <span class='ocrx_word' id='word_1_194' title='bbox 1003 2257 1454 2314; x_wconf 76' lang='lat' dir='ltr'>t.111446‚18sq.R</span> <span class='ocrx_word' id='word_1_195' title='bbox 1662 2280 1665 2282; x_wconf 58' lang='lat'><strong>&gt;</strong></span> 
     </span>
    </p>
   </div>
   <div class='ocr_carea' id='block_1_6' title="bbox 324 2440 1891 2502">
    <p class='ocr_par' dir='ltr' id='par_1_6' title="bbox 324 2440 1891 2502">
     <span class='ocr_line' id='line_1_26' title="bbox 324 2440 1891 2502; baseline 0 -16"><span class='ocrx_word' id='word_1_196' title='bbox 324 2449 350 2486; x_wconf 89' lang='lat'>4</span> <span class='ocrx_word' id='word_1_197' title='bbox 384 2443 512 2486; x_wconf 76' lang='grc' dir='ltr'><strong><em>οὔτοι</em></strong></span> <span class='ocrx_word' id='word_1_198' title='bbox 538 2470 592 2474; x_wconf 91' lang='grc'><strong>-</strong></span> <span class='ocrx_word' id='word_1_199' title='bbox 619 2448 644 2485; x_wconf 83' lang='lat'>5</span> <span class='ocrx_word' id='word_1_200' title='bbox 679 2443 804 2501; x_wconf 79' lang='grc' dir='ltr'><strong><em>ἔχον]</em></strong></span> <span class='ocrx_word' id='word_1_201' title='bbox 838 2443 1052 2502; x_wconf 84' lang='grc' dir='ltr'><strong><em>ἰαμβικὸς</em></strong></span> <span class='ocrx_word' id='word_1_202' title='bbox 1081 2441 1316 2499; x_wconf 82' lang='grc' dir='ltr'><strong><em>τρίμετρος</em></strong></span> <span class='ocrx_word' id='word_1_203' title='bbox 1348 2440 1482 2493; x_wconf 81' lang='grc' dir='ltr'><strong><em>οὗτος</em></strong></span> <span class='ocrx_word' id='word_1_204' title='bbox 1515 2443 1538 2486; x_wconf 89' lang='grc' dir='ltr'><em>ὁ</em></span> <span class='ocrx_word' id='word_1_205' title='bbox 1565 2441 1715 2500; x_wconf 83' lang='grc' dir='ltr'><strong><em>στίχος</em></strong></span> <span class='ocrx_word' id='word_1_206' title='bbox 1741 2442 1891 2486; x_wconf 80' lang='lat' dir='ltr'><em>C²Mo</em></span> 
     </span>
    </p>
   </div>
   <div class='ocr_carea' id='block_1_7' title="bbox 264 2550 413 2554">
    <p class='ocr_par' dir='ltr' id='par_1_7' title="bbox 264 2550 413 2554">
     <span class='ocr_line' id='line_1_27' title="bbox 264 2550 413 2554; baseline 0 0"><span class='ocrx_word' id='word_1_207' title='bbox 264 2550 413 2554; x_wconf 95' lang='lat' dir='ltr'><strong><em> </em></strong></span> 
     </span>
    </p>
   </div>
   <div class='ocr_carea' id='block_1_8' title="bbox 209 2633 1891 2868">
    <p class='ocr_par' dir='ltr' id='par_1_8' title="bbox 209 2633 1891 2868">
     <span class='ocr_line' id='line_1_28' title="bbox 328 2633 1835 2691; baseline 0 -15"><span class='ocrx_word' id='word_1_208' title='bbox 328 2639 349 2676; x_wconf 92' lang='lat'>1</span> <span class='ocrx_word' id='word_1_209' title='bbox 385 2635 450 2685; x_wconf 84' lang='grc' dir='ltr'><strong><em>εἰς</em></strong></span> <span class='ocrx_word' id='word_1_210' title='bbox 482 2634 626 2678; x_wconf 75' lang='lat' dir='ltr'>Cobet</span> <span class='ocrx_word' id='word_1_211' title='bbox 651 2634 762 2678; x_wconf 91' lang='lat' dir='ltr'>Coll.</span> <span class='ocrx_word' id='word_1_212' title='bbox 785 2640 866 2678; x_wconf 86' lang='lat'><strong><em>129</em></strong></span> <span class='ocrx_word' id='word_1_213' title='bbox 990 2640 1014 2678; x_wconf 83' lang='lat'><strong>2</strong></span> <span class='ocrx_word' id='word_1_214' title='bbox 1049 2635 1156 2679; x_wconf 82' lang='grc' dir='ltr'><strong><em>οὐδὲ</em></strong></span> <span class='ocrx_word' id='word_1_215' title='bbox 1190 2635 1281 2678; x_wconf 82' lang='lat' dir='ltr'><strong><em>edd</em></strong></span> <span class='ocrx_word' id='word_1_216' title='bbox 1403 2640 1429 2677; x_wconf 85' lang='lat'>4</span> <span class='ocrx_word' id='word_1_217' title='bbox 1462 2635 1582 2691; x_wconf 79' lang='grc' dir='ltr'><strong><em>ἔχετε</em></strong></span> <span class='ocrx_word' id='word_1_218' title='bbox 1611 2636 1710 2678; x_wconf 84' lang='lat' dir='ltr'><strong><em>Par</em></strong></span> <span class='ocrx_word' id='word_1_219' title='bbox 1734 2633 1835 2676; x_wconf 80' lang='lat' dir='ltr'><strong><em>Mor</em></strong></span> 
     </span>
     <span class='ocr_line' id='line_1_29' title="bbox 209 2691 1891 2751; baseline -0.001 -15"><span class='ocrx_word' id='word_1_220' title='bbox 209 2699 234 2736; x_wconf 83' lang='lat'>5</span> <span class='ocrx_word' id='word_1_221' title='bbox 268 2693 372 2737; x_wconf 74' lang='grc' dir='ltr'><strong><em>οὔτε</em></strong></span> <span class='ocrx_word' id='word_1_222' title='bbox 405 2693 472 2736; x_wconf 83' lang='lat' dir='ltr'><strong><em>Re</em></strong></span> <span class='ocrx_word' id='word_1_223' title='bbox 501 2695 506 2749; x_wconf 91' lang='grc' dir='ltr'>Ι</span> <span class='ocrx_word' id='word_1_224' title='bbox 535 2696 805 2751; x_wconf 79' lang='grc' dir='ltr'><strong><em>συγγνώμην</em></strong></span> <span class='ocrx_word' id='word_1_225' title='bbox 831 2696 865 2737; x_wconf 92' lang='grc' dir='ltr'><em>Ι</em></span> <span class='ocrx_word' id='word_1_226' title='bbox 890 2694 971 2737; x_wconf 80' lang='lat' dir='ltr'><strong><em>sed</em></strong></span> <span class='ocrx_word' id='word_1_227' title='bbox 1003 2711 1030 2737; x_wconf 88' lang='grc' dir='ltr'><strong><em>ν</em></strong></span> <span class='ocrx_word' id='word_1_228' title='bbox 1063 2696 1124 2751; x_wconf 80' lang='grc'><strong><em>(2)</em></strong></span> <span class='ocrx_word' id='word_1_229' title='bbox 1157 2694 1205 2736; x_wconf 88' lang='lat' dir='ltr'><strong><em>in</em></strong></span> <span class='ocrx_word' id='word_1_230' title='bbox 1228 2707 1303 2737; x_wconf 81' lang='lat' dir='ltr'><strong><em>ras</em></strong></span> <span class='ocrx_word' id='word_1_231' title='bbox 1327 2694 1397 2736; x_wconf 87' lang='lat' dir='ltr'><strong><em>m3</em></strong></span> <span class='ocrx_word' id='word_1_232' title='bbox 1432 2696 1436 2748; x_wconf 91' lang='grc' dir='ltr'>Ι</span> <span class='ocrx_word' id='word_1_233' title='bbox 1472 2691 1715 2750; x_wconf 85' lang='grc' dir='ltr'><strong><em>ἀντιοχέας</em></strong></span> <span class='ocrx_word' id='word_1_234' title='bbox 1738 2693 1783 2736; x_wconf 92' lang='grc' dir='ltr'><strong><em>Ρ</em></strong></span> <span class='ocrx_word' id='word_1_235' title='bbox 1812 2691 1891 2735; x_wconf 81' lang='lat' dir='ltr'><strong><em>sed</em></strong></span> 
     </span>
     <span class='ocr_line' id='line_1_30' title="bbox 209 2749 1891 2807; baseline -0.002 -11"><span class='ocrx_word' id='word_1_236' title='bbox 209 2769 229 2796; x_wconf 90' lang='grc' dir='ltr'><strong><em>ε</em></strong></span> <span class='ocrx_word' id='word_1_237' title='bbox 261 2752 309 2794; x_wconf 90' lang='lat' dir='ltr'><strong><em>in</em></strong></span> <span class='ocrx_word' id='word_1_238' title='bbox 333 2766 406 2795; x_wconf 82' lang='lat' dir='ltr'><strong><em>ras</em></strong></span> <span class='ocrx_word' id='word_1_239' title='bbox 431 2752 502 2794; x_wconf 74' lang='lat'><strong>111²</strong></span> <span class='ocrx_word' id='word_1_240' title='bbox 622 2757 646 2794; x_wconf 90' lang='grc'>9</span> <span class='ocrx_word' id='word_1_241' title='bbox 679 2753 903 2802; x_wconf 68' lang='grc' dir='ltr'><strong><em>τούτουςῖ</em></strong></span> <span class='ocrx_word' id='word_1_242' title='bbox 1027 2759 1078 2796; x_wconf 91' lang='grc'><strong><em>11</em></strong></span> <span class='ocrx_word' id='word_1_243' title='bbox 1114 2753 1386 2807; x_wconf 85' lang='grc' dir='ltr'><strong><em>ἀφορῶντος</em></strong></span> <span class='ocrx_word' id='word_1_244' title='bbox 1416 2754 1499 2796; x_wconf 88' lang='lat' dir='ltr'><strong><em>Mo</em></strong></span> <span class='ocrx_word' id='word_1_245' title='bbox 1622 2757 1675 2794; x_wconf 86' lang='lat'><strong><em>13</em></strong></span> <span class='ocrx_word' id='word_1_246' title='bbox 1708 2749 1891 2796; x_wconf 81' lang='grc' dir='ltr'><strong><em>παίδων</em></strong></span> 
     </span>
     <span class='ocr_line' id='line_1_31' title="bbox 210 2808 1889 2868; baseline -0.002 -13"><span class='ocrx_word' id='word_1_247' title='bbox 210 2837 263 2842; x_wconf 93' lang='grc'><strong>-</strong></span> <span class='ocrx_word' id='word_1_248' title='bbox 297 2810 659 2868; x_wconf 67' lang='grc' dir='ltr'><strong><em>μυθολογήματα</em></strong></span> <span class='ocrx_word' id='word_1_249' title='bbox 704 2812 763 2854; x_wconf 83' lang='lat' dir='ltr'><strong><em>ad</em></strong></span> <span class='ocrx_word' id='word_1_250' title='bbox 809 2826 991 2855; x_wconf 78' lang='lat' dir='ltr'><strong>versum</strong></span> <span class='ocrx_word' id='word_1_251' title='bbox 1034 2811 1302 2856; x_wconf 81' lang='lat' dir='ltr'>comoediae</span> <span class='ocrx_word' id='word_1_252' title='bbox 1344 2812 1531 2854; x_wconf 74' lang='lat' dir='ltr'><strong>Atticae</strong></span> <span class='ocrx_word' id='word_1_253' title='bbox 1578 2808 1763 2854; x_wconf 86' lang='grc' dir='ltr'><strong><em>παίδων</em></strong></span> <span class='ocrx_word' id='word_1_254' title='bbox 1805 2808 1889 2865; x_wconf 80' lang='grc' dir='ltr'><strong><em>γάρ</em></strong></span> 
     </span>
    </p>
   </div>
   <div class='ocr_carea' id='block_1_9' title="bbox 210 2866 1893 2986">
    <p class='ocr_par' dir='ltr' id='par_1_9' title="bbox 210 2866 1893 2986">
     <span class='ocr_line' id='line_1_32' title="bbox 210 2866 1893 2926; baseline -0.001 -15"><span class='ocrx_word' id='word_1_255' title='bbox 210 2868 303 2912; x_wconf 79' lang='grc' dir='ltr'><strong><em>ἐστι</em></strong></span> <span class='ocrx_word' id='word_1_256' title='bbox 352 2877 497 2913; x_wconf 82' lang='grc' dir='ltr'><strong><em>ταῦτα</em></strong></span> <span class='ocrx_word' id='word_1_257' title='bbox 545 2870 907 2926; x_wconf 79' lang='grc' dir='ltr'><strong><em>μυθολογήματα</em></strong></span> <span class='ocrx_word' id='word_1_258' title='bbox 953 2871 1188 2914; x_wconf 67' lang='grc' dir='ltr'><strong><em>τθνοοεινίτ</em></strong></span> <span class='ocrx_word' id='word_1_259' title='bbox 1226 2870 1429 2914; x_wconf 85' lang='lat' dir='ltr'><strong>Kockius</strong></span> <span class='ocrx_word' id='word_1_260' title='bbox 1462 2871 1533 2913; x_wconf 86' lang='lat' dir='ltr'><strong><em>Fr.</em></strong></span> <span class='ocrx_word' id='word_1_261' title='bbox 1563 2869 1684 2912; x_wconf 88' lang='lat' dir='ltr'><strong>Com.</strong></span> <span class='ocrx_word' id='word_1_262' title='bbox 1710 2866 1893 2912; x_wconf 70' lang='lat' dir='ltr'>Att.111</span> 
     </span>
     <span class='ocr_line' id='line_1_33' title="bbox 210 2927 970 2986; baseline 0.005 -16"><span class='ocrx_word' id='word_1_263' title='bbox 210 2943 254 2983; x_wconf 80' lang='lat' dir='ltr'><strong><em>p.</em></strong></span> <span class='ocrx_word' id='word_1_264' title='bbox 274 2932 357 2971; x_wconf 86' lang='lat'><strong><em>501</em></strong></span> <span class='ocrx_word' id='word_1_265' title='bbox 383 2944 426 2971; x_wconf 87' lang='lat' dir='ltr'><strong><em>n.</em></strong></span> <span class='ocrx_word' id='word_1_266' title='bbox 449 2933 533 2971; x_wconf 85' lang='lat'><strong><em>503</em></strong></span> <span class='ocrx_word' id='word_1_267' title='bbox 659 2933 710 2971; x_wconf 87' lang='lat'><strong><em>19</em></strong></span> <span class='ocrx_word' id='word_1_268' title='bbox 745 2929 806 2986; x_wconf 85' lang='grc' dir='ltr'><strong><em>οἳ]</em></strong></span> <span class='ocrx_word' id='word_1_269' title='bbox 834 2927 891 2984; x_wconf 78' lang='grc' dir='ltr'><strong><em>ἣν</em></strong></span> <span class='ocrx_word' id='word_1_270' title='bbox 925 2931 970 2973; x_wconf 86' lang='grc' dir='ltr'><em>Β</em></span> 
     </span>
    </p>
   </div>
   <div class='ocr_carea' id='block_1_10' title="bbox 1956 0 1992 42">
    <p class='ocr_par' dir='ltr' id='par_1_10' title="bbox 1956 0 1992 42">
     <span class='ocr_line' id='line_1_34' title="bbox 1956 0 1992 42; baseline 0 -39"><span class='ocrx_word' id='word_1_271' title='bbox 1956 0 1992 42; x_wconf 49' lang='grc' dir='ltr'>Ἦ</span> 
     </span>
    </p>
   </div>
  </div>
 </body>
</html>
