1992 3094
945 767 1133 820 XLIX.

348 890 580 953 ΠΡΟΣ
627 889 803 951 TON
849 886 1229 949 ΒΑΣΙΛΕΑ
1274 889 1507 949 ’ΥΠΕΡ
1553 890 1733 951 ΤΩΝ

853 991 1232 1054 ΒΟΤΛΩΝ.

107 1125 210 1169 RII
227 1128 311 1168 570
397 1112 441 1163 1.
504 1112 576 1163 Τὸ
617 1107 718 1179 μὲν
758 1111 875 1178 σόν,
915 1105 956 1161 ὦ
995 1111 1243 1177 βασιλεῦ,
1281 1108 1446 1179 μέρος
1485 1109 1574 1162 καὶ
1615 1118 1714 1163 τοῦ
1753 1112 1887 1179 μετὰ

198 1201 257 1254 σὲ
295 1209 409 1262 τοῖς
450 1200 634 1262 ἄλλοις
671 1199 938 1267 ἄρχουσιν
974 1197 1357 1266 ἐφεστηκότος,
1397 1197 1770 1267 ἐπανήκουσιν
1809 1200 1894 1262 εἰς·

150 1311 170 1343 5
195 1290 260 1342 τὰ
298 1291 549 1358 πρόσθεν
588 1289 645 1340 αἱ
684 1286 883 1354 βουλαὶ
924 1288 1014 1340 καὶ
1052 1288 1150 1340 τὸν
1183 1286 1366 1339 αὑτῶν
1399 1285 1643 1355 ἀριθμὸν
1683 1289 1886 1356 ἔχουσι,

193 1378 340 1447 παρὰ
388 1378 448 1430 δὲ
495 1385 607 1429 τῶν
654 1375 715 1429 ἐν
755 1377 900 1448 αὐτῷ
934 1382 1008 1447 τῷ
1050 1376 1342 1444 βουλεύειν
1380 1377 1681 1428 κεκώλυται
1720 1384 1884 1430 τοῦτο

194 1467 333 1535 πρὸς
371 1463 539 1535 ἔργον
578 1463 791 1531 ἐλθεῖν,
839 1466 976 1517 ὥστε
1025 1464 1087 1516 σὲ
1131 1460 1233 1532 μὲν
1281 1465 1504 1526 δικαίως
1543 1462 1613 1517 ἂν
1651 1465 1887 1527 ἅπαντες

194 1553 514 1622 ἐπαινοῖμεν
553 1554 641 1606 καὶ
681 1554 780 1606 τὸν
810 1553 1077 1623 ὕπαρχον,
1118 1553 1364 1615 ἐκείνους
1405 1549 1464 1604 δὲ
1502 1551 1594 1605 καὶ
1633 1562 1887 1622 μισοῖμεν

196 1643 286 1695 καὶ
339 1644 539 1704 κακοὺς
593 1642 866 1710 ἡγοίμεθα
921 1639 1011 1694 καὶ
1067 1642 1326 1704 διδόντας
1381 1642 1542 1709 δίκην
1594 1641 1769 1710 ἡδέως
1818 1639 1888 1694 ἂν

134 1754 176 1787 ιο
202 1732 428 1796 ἴδοιμεν.
506 1732 552 1783 εἰ
592 1732 696 1799 γὰρ
739 1732 806 1799 δὴ
845 1738 1007 1783 τοῦτο
1048 1729 1289 1798 γένοιτο,
1331 1728 1446 1799 τάχ’
1477 1728 1547 1782 ἂν
1587 1730 1617 1798 ἡ
1657 1733 1888 1798 τιμωρία

196 1819 423 1871 παύσειε
461 1820 526 1871 τὰ
565 1827 670 1872 νῦν
710 1818 1115 1887 ἐναντιούμενα
1147 1826 1211 1888 τῇ
1251 1819 1397 1888 παρὰ
1445 1826 1548 1871 σοῦ
1593 1827 1711 1880 ταῖς
1757 1821 1888 1886 βου·
1979 1831 1992 1887 .ss

318 1979 354 2023 G
402 2001 455 2015 =
489 1980 632 2023 codex
665 1978 910 2023 Chisianus

314 2039 359 2083 A
403 2061 457 2076 =
490 2038 783 2082 Monacensis
815 2052 881 2095 gr.
908 2042 993 2081 483
1027 2039 1363 2096 (Augustanus)

317 2099 362 2142 P
405 2120 459 2134 =
491 2097 735 2141 Palatinus
767 2112 834 2155 gr.
860 2101 945 2140 282

317 2158 349 2199 I
404 2179 459 2193 =
492 2156 758 2200 Marcianus
791 2157 990 2212 append.
1016 2155 1158 2200 XCI2

318 2216 362 2258 B
407 2237 462 2251 =
494 2215 775 2259 Barberinus
806 2215 850 2258 Π
872 2219 926 2258 41

319 2274 379 2316 Μ
407 2297 462 2311 --
495 2274 758 2318 Marcianus
791 2289 857 2332 gr.
884 2279 970 2318 437

317 2427 344 2465 4
370 2422 631 2478 cf.p.428‚4
733 2427 758 2465 5
785 2421 1176 2478 cf.p.429‚17sq.;
1195 2426 1362 2477 430‚13
1466 2426 1492 2464 6
1518 2421 1887 2478 cf.p.430‚17sq.

202 2484 228 2523 8
261 2480 510 2524 Tatianum
543 2481 599 2524 cf.
625 2495 669 2536 p.
689 2486 774 2524 425
806 2482 900 2524 not.
922 2486 943 2524 1

323 2633 345 2671 1
379 2619 452 2685 ΠΥ
485 2631 592 2672 ante
624 2628 741 2682 πρὸς
772 2629 858 2672 ΑΟ
887 2629 968 2671 sed
1000 2628 1049 2671 in
1082 2629 1170 2672 hoc
1201 2627 1270 2685 gy‘
1301 2628 1351 2671 in
1381 2641 1515 2685 marg
1545 2628 1594 2670 in
1625 2642 1699 2670 ras
1731 2625 1800 2669 m²

202 2686 318 2741 ὑπὲρ
343 2694 434 2730 τῶν
459 2688 637 2745 βουλῶν
665 2689 726 2730 Μ
746 2687 837 2729 edd
899 2700 974 2730 om
1005 2687 1175 2743 reliqui
1205 2686 1314 2730 libri
1375 2689 1435 2731 κδ
1465 2686 1514 2729 in
1545 2700 1679 2743 marg
1708 2685 1819 2728 rubr
1842 2686 1888 2728 R

204 2749 230 2786 4
265 2744 310 2795 ἐς
341 2747 374 2789 I
510 2750 535 2787 5
567 2753 659 2789 τῶν
694 2746 823 2789 OAP
850 2746 932 2789 sed
963 2746 1008 2788 in
1043 2746 1132 2789 hoo
1163 2754 1197 2790 ῶ
1229 2746 1279 2789 in
1311 2745 1335 2790 ὸ
1369 2759 1470 2789 corr
1499 2745 1570 2788 m²
1612 2747 1616 2802 Ι
1661 2745 1814 2788 αὐτῶν
1845 2745 1891 2788 Ρ

205 2803 286 2845 sed
312 2801 323 2818 ²
355 2817 379 2846 e
400 2801 413 2818 '
442 2818 542 2848 corr
565 2803 634 2847 ω’
696 2804 839 2848 αὐτὸν
863 2805 954 2847 ΙΜ
975 2805 1108 2861 Bong
1131 2805 1135 2862 1
1157 2805 1375 2861 ἀριθμῶν
1410 2805 1446 2849 0
1560 2808 1586 2847 8
1619 2804 1888 2859 ἐπαινοῖμεν

204 2861 322 2905 citat
351 2862 467 2905 Plan
499 2862 576 2906 fol.
607 2866 709 2905 104r
