1992 3094
183 139 295 193 164
693 137 922 181 LIBANII
954 137 1178 182 ORATIO
1210 137 1402 181 XXXIII

301 282 345 327 7.
399 279 731 326 Vaticanus
783 294 862 340 gr.
897 278 962 325 81
1014 271 1109 343 (=
1143 270 1243 340 Va)
1299 293 1422 327 saec.
1463 278 1555 325 XV
1601 279 1687 326 fol.
1730 281 1874 328 224*.

187 353 316 402 Vide
347 356 385 402 t.
408 353 433 399 I
471 370 518 414 p.
553 354 656 401 209
673 367 745 414 sq.
825 350 1036 400 Contuli.

301 429 347 475 8.
386 425 874 474 Vindobonensis
911 425 1053 488 phil.
1086 442 1165 488 gr.
1190 424 1355 473 XCIII
1394 419 1489 492 (=
1514 419 1583 492 V)
1624 441 1748 475 saec.
1779 427 1876 475 ΧΠ

188 502 271 549 fol.
301 502 420 548 183.
499 499 624 547 Vide
662 502 698 547 t.
722 498 749 546 I
787 517 834 562 p.
868 501 935 547 35
957 514 1026 561 sq.
1106 497 1319 547 Contuli.

299 574 445 623 Prior
491 574 716 622 codicum
762 573 957 621 familia
1005 573 1252 622 codicibus
1302 572 1578 621 OAPIBN
1582 575 1670 634 Va,
1717 574 1876 622 altera.

185 649 353 698 codice
395 648 440 696 V
474 648 767 696 continetur.
844 647 954 694 BN
958 647 1032 695 Va
1069 647 1150 694 hic
1191 663 1384 709 quoque
1424 664 1449 695 e
1489 649 1738 695 communi
1774 664 1875 696 ma·
1960 696 1962 698 ,

191 724 436 771 naverunt
467 722 747 783 exemplari.
803 720 928 768 Vide
959 738 1006 782 p.
1035 722 1117 768 21.
1162 721 1311 768 Ratio
1353 737 1480 782 quae
1518 723 1651 769 inter
1689 721 1877 771 codices
1959 729 1963 731 “

189 796 454 845 intercedit
491 795 773 843 illustratur
812 797 1070 842 stemmate
1109 812 1156 857 p.
1183 796 1251 843 45
1293 795 1562 857 proposito.
1642 793 1804 844 Codex
1838 795 1881 845 G

186 874 245 918 ut
283 871 462 918 aetatis
501 869 811 932 posterioris,
849 870 924 916 ita
961 870 1112 930 paulo
1152 865 1494 933 neglegentius
1535 872 1764 918 exaratus
1805 871 1880 918 est
1930 859 1981 1187 ἲ

189 944 531 1006 imprimiSque
570 943 833 991 nonnullas
873 943 1072 990 voculas
1113 942 1292 991 omisit.
1669 988 1672 990 .
1974 987 1981 991 .

196 1007 198 1009 ’
299 1018 409 1065 Duo
451 1019 649 1064 tantum
694 1016 790 1065 loci
837 1032 868 1064 a
905 1016 1168 1064 Macario
1211 1011 1749 1084 Chrysocepha101)
1801 1033 1878 1075 exf
1973 1009 1982 1043 ⁷

193 1093 349 1155 cerpti
386 1093 514 1139 sunt.
1837 1135 1840 1136 γ
1872 1143 1874 1145 ,
1981 1086 1992 1096 ’

301 1164 526 1213 Primum
557 1165 716 1213 oratio
749 1180 779 1212 a
809 1164 1060 1213 Morello
1098 1166 1134 1212 t.
1159 1164 1212 1212 II
1242 1182 1290 1227 p.
1316 1165 1608 1212 442—454
1642 1165 1776 1213 edita.
1807 1167 1882 1214 est
1948 1186 1974 1250 Ξ

188 1239 418 1287 mendose
467 1254 741 1301 parumque
779 1239 984 1302 integre.
1061 1238 1193 1287 Nam
1230 1238 1342 1286 finis
1388 1238 1502 1286 inde
1551 1239 1612 1286 ab
1660 1237 1800 1302 ἰδεῖν,
1838 1237 1883 1288 εἰ
1944 1225 1992 1316 '5³

190 1310 243 1362 δὲ
279 1330 327 1376 p.
357 1314 525 1374 184,3
567 1312 718 1360 deest.
790 1311 1149 1376 Apographum
1196 1312 1377 1361 codicis
1412 1312 1647 1360 Vaticani
1698 1314 1881 1376 gr.,815

193 1387 327 1449 quod
366 1387 410 1433 ei
448 1403 538 1448 pro
577 1387 715 1434 fonte
754 1386 905 1434 fuisse
917 1379 958 1451 2)
998 1387 1235 1434 vitiorum
1273 1386 1416 1434 docet
1447 1402 1724 1448 consensus,
1764 1387 1880 1436 stilo
1973 1401 1985 1437 ᾳ

193 1463 250 1508 ut
288 1460 488 1508 videtur
524 1460 675 1522 paulo
715 1461 1087 1522 properantiore
1119 1462 1306 1508 factum
1344 1460 1595 1508 nonnullis
1635 1462 1756 1509 locis
1794 1476 1881 1523 pa·
1971 1480 1977 1510 ·,

189 1551 300 1583 rum
344 1537 476 1582 recte
522 1534 666 1597 legit,
714 1534 940 1595 plurimis
988 1534 1246 1582 emendare
1293 1536 1475 1582 omisit.
1550 1535 1724 1594 Finem
1763 1536 1883 1596 eius,
1940 1551 1944 1554 ’

191 1610 250 1656 ut
292 1608 427 1655 haud
480 1608 651 1669 semel,
707 1608 839 1669 apud
884 1608 1147 1657 Morellum
1196 1608 1359 1670 ipsum
1389 1602 1618 1671 ⁴periisse
1670 1601 1744 1657 est
1797 1625 1883 1656 cur
1967 1638 1969 1641 .

192 1683 400 1731 statuas.
417 1675 437 1707 3
1939 1719 1941 1721 .
1988 1719 1992 1731 .

305 1676 465 1803 Multg.
495 1756 641 1803 huius
675 1754 904 1803 editionis
935 1755 1060 1803 vitia
1083 1755 1361 1804 Reiskius
1385 1755 1883 1805 Animadversionum
1931 1766 1962 1775 ⁴*
1988 1768 1992 1811 ς

192 1830 444 1878 volumine
500 1830 675 1891 quinto
721 1846 768 1891 p.
797 1829 1084 1877 272-285
1143 1829 1409 1877 divinando
1465 1830 1683 1891 sanavit,
1736 1831 1883 1892 plura
1935 1822 1992 1894 ςῖ

194 1919 287 1965 ope
326 1903 506 1951 codicis
544 1903 829 1966 Augustani
866 1904 918 1949 'm
959 1902 1174 1951 editione
1214 1919 1364 1965 quam
1401 1919 1525 1952 uxor
1562 1904 1714 1965 prelis
1753 1919 1881 1952 com·
1935 1900 1958 1954 ἔξ
1988 1928 1992 1970 !

194 1977 330 2024 misit
363 1977 413 2024 ³0.
447 1976 499 2023 Π
535 1994 581 2039 p.
619 1976 923 2024 239-265.
1000 1976 1060 2023 In
1111 1977 1239 2027 hane
1294 1979 1445 2024 etiam
1497 1978 1715 2039 plurima
1767 1993 1883 2040 pars
1927 1948 1992 2076 3}

1928 2079 1949 2143 Ξ·-

1925 2155 1941 2199 ³3-

197 2052 427 2098 notarum
466 2050 962 2098 Animadversionum
999 2047 1218 2098 transiit.

309 2124 451 2171 Hanc
496 2124 746 2172 nonnullis
790 2125 913 2172 locis
964 2124 1275 2171 emendatam
1325 2127 1374 2172 et
1423 2126 1647 2173 versione
1701 2126 1884 2189 gallica
1940 2134 1942 2137 '

198 2197 428 2260 eleganti,
469 2199 694 2259 quamvis
726 2199 876 2260 paulo
907 2198 1151 2258 liberiore,
1187 2201 1413 2247 ornatam
1452 2199 1687 2261 repetivit
1723 2200 1881 2246 Mon·
1924 2218 1939 2257 ,ζ

196 2271 401 2319 nerius
442 2271 656 2320 editione
687 2273 822 2333 typis
854 2272 1053 2333 quidem
1083 2273 1320 2320 mandata
1351 2272 1435 2321 sed
1466 2289 1719 2335 nunquam
1750 2275 1882 2333 foras

197 2338 402 2410 missa4)
435 2361 480 2406 p.
502 2346 807 2393 290—333.
873 2344 1022 2393 Cuius
1053 2347 1151 2392 nisi
1183 2362 1212 2394 a
1240 2346 1440 2394 Reiskio
1473 2346 1710 2407 discessit,
1749 2363 1890 2393 men--
1918 2348 1931 2413 ³,

199 2418 386 2466 tionem
424 2419 615 2466 nullam
653 2419 762 2466 feci.
1928 2435 1930 2438 ’

309 2492 475 2540 Pauca
513 2494 828 2540 correxerunt
867 2491 1136 2541 Sintenis
1177 2496 1226 2541 et
1266 2492 1535 2542 Cobetus.

322 2619 364 2674 1)
396 2617 515 2662 vide
546 2619 579 2660 t.
605 2617 625 2659 1
655 2633 700 2674 p.
729 2622 826 2661 351.

321 2679 365 2732 2>
398 2675 465 2721 of.
489 2691 534 2733 p.
561 2680 631 2720 82.
840 2676 845 2683 ·

319 2739 362 2792 3)
397 2734 462 2779 Cf.
486 2737 519 2779 t.
538 2735 581 2778 II
603 2751 648 2791 p.
676 2740 760 2779 537
794 2738 840 2779 et
872 2736 1037 2779 Philol.
1065 2736 1164 2779 LIX
1194 2752 1237 2792 p.
1264 2740 1350 2780 400
1365 2752 1430 2793 sq.

319 2797 363 2851 4)
397 2792 462 2837 Cf.
487 2794 559 2838 1;.Ι
590 2809 634 2850 p.
657 2799 724 2837 15.
