1992 3094
149 562 169 591 4

194 139 302 191 344
710 135 937 180 LIBANII
971 134 1193 179 ORATIO
1225 135 1370 179 XLIII

194 273 282 330 καὶ
346 275 594 334 δικαίους
649 273 995 338 δεικνύντας,
1059 271 1132 333 ὡς
1187 271 1253 323 οὐ
1309 271 1479 323 καλὸν
1533 271 1598 323 τὰ
1658 278 1888 324 τοιαῦτα

193 362 475 431 κωμάζειν,
516 359 631 414 ἀλλ’
666 358 718 422 ἐξ
757 359 924 429 ἀρχῆς
962 360 1413 427 βουλευσάμενον
1450 358 1639 428 μένειν
1678 358 1740 412 ἐν
1769 369 1888 422 τοῖς

195 450 432 514 δόξασιν.
512 449 593 501 13.
650 449 731 501 ὅτι
765 449 868 516 γὰρ
903 448 1004 517 οὐχ
1037 448 1109 510 ὡς
1141 446 1227 501 ἐπὶ,
1267 451 1462 516 βελτίω
1494 449 1594 500 τὸν
1625 449 1887 518 δεύτερον

195 541 417 607 ἄγουσι,
465 539 632 590 παντί
675 557 748 608 τῳ
798 538 983 605 δῆλον.
1060 537 1190 598 τούς
1237 555 1294 588 τε
1344 536 1449 606 γὰρ
1496 537 1563 588 τὰ
1609 544 1836 590 τοιαῦτα
1876 535 1880 603 l

105 639 306 682 RII427
349 628 560 688 εἰδότας
613 622 683 694 ἦν
737 623 790 688 ἐξ
847 625 1015 694 ἀρχῆς
1070 624 1302 694 ἐρωτᾶν,
1359 623 1638 692 σφαλέντα
1689 622 1750 678 δὲ
1796 627 1887 678 καὶ

130 1092 171 1123 10

131 1535 171 1565 15

133 1978 175 2008 20

195 714 598 783 ἐξηπατημένον
638 715 812 776 εὐθὺς
851 711 964 766 ἔδει
1003 723 1187 767 ποιεῖν
1225 715 1286 766 τὸ
1328 715 1602 782 δεύτερον.
1680 722 1788 766 νῦν
1827 715 1890 767 δὲ

195 803 463 857 ἐνιαυτῶν
524 805 842 873 παριόντων
903 801 994 854 καὶ
1052 811 1163 855 τῶν
1218 803 1378 871 ὡρῶν
1440 804 1540 856 τὸν
1601 801 1726 871 περὶ
1788 811 1890 856 τοῦ

194 898 402 959 μισθοῦ
458 893 624 959 λόγον
686 892 765 954 εἰς
826 890 997 958 μέσον
1052 891 1310 958 ἀγουσῶν
1371 893 1491 944 τότε
1552 892 1653 960 τὴν
1716 891 1893 961 ἀχλὺν

195 979 589 1049 ἀφαιρεθέντες
644 982 873 1049 διορῶσι
927 982 988 1033 τό
1043 999 1100 1032 τε
1154 979 1374 1047 βέλτιον
1427 981 1517 1033 καὶ
1571 981 1632 1034 τὸ
1688 989 1890 1050 χεῖρον.
1976 1040 1977 1043 ¹

195 1071 287 1122 καί
335 1083 508 1138 φασιν
559 1068 932 1137 ἀπενεχθῆναι
983 1069 1085 1137 τὴν
1139 1068 1312 1137 ἀρχὴν
1361 1076 1461 1121 τοῦ
1514 1068 1738 1132 δέοντος
1788 1070 1889 1122 οὐκ

196 1160 327 1210 ἄλλο
367 1178 419 1210 τι
457 1161 771 1224 νομίζοντες
811 1157 1101 1226 εὑρηκέναι
1139 1157 1394 1225 κάλλιον,
1435 1156 1552 1210 ἀλλ’
1584 1158 1730 1220 ὅπως
1767 1156 1894 1227 μετ’

197 1247 520 1315 εὐπρεπείας
567 1245 944 1315 ἄγνωμονοῖεν
983 1245 1072 1299 καὶ
1122 1247 1364 1299 δοκῶσιν
1403 1245 1537 1316 ἐρᾶν
1575 1254 1675 1300 τοῦ
1715 1249 1890 1316 κρείτ-

195 1355 370 1398 τονος.
463 1345 691 1404 σημεῖον
745 1335 831 1404 δέ,
889 1336 1083 1388 πολλοὶ
1137 1336 1308 1388 πάλιν
1362 1334 1451 1388 ἐπὶ
1503 1339 1636 1398 τοὺς
1689 1335 1894 1398 αὐτοὺς

197 1424 469 1492 ἐπανῆκον
523 1424 596 1486 ὡς
654 1423 912 1491 ἀμείνους
971 1419 1050 1476 ὧν
1104 1424 1415 1493 ἀπέστησαν
1477 1425 1550 1486 ὡς
1611 1425 1892 1494 χειρόνων.

197 1515 373 1566 καίτοι
419 1523 533 1576 πῶς
579 1515 662 1566 ἔνι
709 1514 807 1566 τὸν
854 1513 1027 1567 αὐτὸν
1072 1515 1283 1581 βελτίω·
1307 1532 1365 1566 τε
1411 1514 1502 1566 καὶ
1545 1515 1894 1582 φαυλότερον

199 1598 363 1665 εἷναι;
419 1602 521 1654 οὐκ
566 1599 732 1655 ἔστιν.
822 1600 938 1655 ἀλλ’
978 1600 1121 1671 ἔτος,
1178 1599 1354 1671 οἶμαι,
1408 1603 1577 1655 πάλιν
1626 1603 1773 1671 παρὰ
1823 1608 1900 1674 τῷ

199 1689 436 1762 δευτέρῳ
471 1691 702 1744 διελθὸν
737 1689 828 1743 καὶ
869 1692 925 1743 αἱ
967 1686 1103 1760 ὧραι
1141 1692 1310 1744 πάλιν
1341 1692 1432 1744 καὶ
1463 1696 1673 1759 μισθοῦ
1705 1691 1894 1761 καιρὸς

199 1781 299 1846 τὴν
339 1778 505 1842 δόξαν
548 1778 823 1847 ἐκίνησαν.

313 1868 393 1919 14.
458 1866 667 1935 Ἀλλά,
729 1870 804 1937 νὴ
858 1870 1011 1937 Δία,
1067 1875 1148 1939 τῷ
1204 1874 1487 1938 θαρρεῖν
1540 1865 1714 1938 ἔχειν
1769 1866 1892 1921 ἀπὸ

199 1965 324 2008 τῶν
387 1962 740 2025 συνθηκῶν
803 1955 1080 2026 δόξομεν
1145 1956 1565 2026 νωθροτέρας
1628 1959 1893 2026 ποιήσε-

200 2050 356 2097 σθαι
418 2052 531 2098 τοῦ
597 2049 832 2099 λοιποῦ
894 2047 1005 2108 τὰς
1067 2047 1429 2108 συνουσίας
1491 2046 1571 2108 ὡς
1639 2045 1756 2098 οὐκ
1818 2046 1894 2098 ὂν

201 2131 471 2202 ἑτέρωσε
525 2136 1082 2203 μεθορμίσασθαι.
1166 2133 1284 2188 ἀλλ’
1324 2135 1425 2187 οὐκ
1477 2135 1707 2187 εἰδότων
1753 2134 1894 2202 ἡμᾶς
1934 2164 1948 2175 -

200 2222 231 2288 ἤ
287 2241 349 2288 γε
403 2223 625 2291 τοιαύτη
683 2222 825 2286 δόξα.
918 2224 1006 2276 καὶ
1060 2226 1196 2292 πρός
1251 2243 1312 2291 γε
1367 2225 1444 2286 εἰς
1506 2223 1740 2291 διδαχὴν
1798 2229 1895 2290 τῆς

321 2357 344 2394 2
372 2351 548 2396 Choric.
567 2353 770 2410 Philarg.
792 2359 816 2408 ξ
843 2358 896 2397 52
1003 2358 1028 2397 8
1052 2353 1103 2397 Il.
1125 2371 1144 2398 ε
1172 2358 1254 2397 127
1366 2358 1418 2396 12
1445 2353 1502 2397 cf.
1520 2355 1553 2396 t.
1571 2353 1614 2396 Π
1638 2357 1773 2407 536‚1
1793 2353 1835 2395 R

202 2414 256 2452 23
288 2410 407 2454 Plat.
434 2411 547 2467 Rep.
574 2427 617 2468 p.
639 2416 723 2455 328
741 2414 803 2467 A3
829 2418 914 2457 466
932 2413 968 2455 Ε

321 2533 344 2570 2
372 2531 419 2572 et
444 2534 468 2572 5
496 2529 689 2588 ἐξαρχῆς
713 2531 814 2575 BV
899 2536 924 2574 3
949 2529 1112 2584 δόξασι
1137 2531 1189 2588 Il
1213 2531 1360 2588 οὐχὼς
1383 2532 1429 2574 Ρ
1450 2531 1531 2574 sed
1549 2527 1560 2544 ‘
1593 2530 1642 2572 in
1666 2543 1741 2572 ras
1764 2528 1834 2572 m²

202 2592 227 2628 4
258 2592 378 2631 πουὶ)
413 2587 614 2631 Sintenis
641 2591 690 2632 at
715 2589 772 2632 of.
798 2592 831 2634 t.
856 2590 898 2632 ΙΙ
926 2595 1022 2644 164,
1042 2595 1089 2644 ὃς
1122 2590 1228 2633 Her.
1247 2589 1332 2633 VH
1356 2593 1441 2633 210
1565 2594 1588 2632 7
1621 2603 1733 2631 num
1764 2604 1894 2643 περι-

204 2644 369 2689 ιόντων
403 2646 504 2690 (3011.
539 2646 644 2690 Her.
678 2648 721 2691 II
754 2653 852 2703 121,
878 2654 926 2702 33
958 2649 1022 2692 IV
1049 2654 1148 2702 155,
1169 2653 1190 2691 1
1218 2653 1238 2692 Ῥ
1414 2653 1467 2692 11
1502 2646 1688 2691 δίκαιον
1723 2648 1811 2692 CV

206 2709 259 2746 16
293 2704 407 2763 ἔτος]
434 2705 566 2756 εἴτις
588 2706 690 2750 Mor
724 2709 730 2763 Ι
765 2706 927 2766 πάλιν]
953 2707 1163 2757 ἐνιαυτὸς
1188 2707 1292 2751 coni
1316 2707 1418 2751 Mor
1554 2711 1605 2749 17
1640 2706 1841 2750 διελθὼν
1864 2703 1901 2748 I

204 2762 304 2806 Mor
472 2769 524 2808 18
558 2762 737 2822 ἐκίνησε
768 2767 803 2808 Ι
965 2771 1017 2810 19
1049 2767 1102 2810 τὸ
1134 2768 1209 2809 ΙΒ
1379 2770 1435 2809 20
1468 2764 1790 2820 νωθροτέρους
1820 2765 1855 2807 Ι
1882 2763 1887 2822 Ι

203 2821 493 2875 ποιήσασθαι
524 2823 626 2867 Mor
777 2829 830 2868 21
864 2828 1112 2870 τουλοιποῦ
1146 2827 1191 2869 B
1203 2827 1247 2870 V
1402 2829 1456 2867 22
1490 2821 1893 2880 μεθορμίσασθαι;

205 2881 373 2923 PIBV
490 2887 544 2923 22
576 2881 696 2938 ἡμᾶς
728 2884 775 2926 et
806 2887 905 2934 345,
927 2890 948 2926 1
984 2882 1206 2940 ἡμετέρας
1237 2884 1401 2940 scripsi
1434 2896 1458 2926 e
1486 2885 1599 2928 Vnt
1629 2882 1734 2926 coni
1764 2882 1832 2925 Re

205 2938 322 2993 ὑμᾶς
354 2942 400 2982 et
431 2939 650 2996 ὑμετέρας
679 2941 848 2996 reliqui
880 2941 988 2984 libri
1022 2943 1112 2986 edd
