1992 3094
190 90 299 142 480
755 87 983 131 LIBANII
1016 86 1239 131 ORATIO
1271 86 1306 129 L

192 239 374 293 σομεν,
415 223 532 278 οὐδ’
571 226 618 276 εἰ
657 224 917 293 μάχοιντο
958 233 1072 286 τοῖς
1104 224 1294 289 νόμοις
1325 223 1385 275 αἱ
1413 223 1662 291 γνώσεις,
1702 223 1875 275 αἰτια-

192 315 400 380 σόμεθα
455 313 586 365 οὐδὲ
640 311 1002 380 ἐγκαλέσομεν
1056 309 1174 364 οὐδ’
1223 311 1270 364 εἰ
1317 313 1447 374 τοὺς
1492 310 1758 380 ὑστέρους
1803 316 1879 384 τῷ

191 406 419 471 σχήματι
458 402 563 470 πρὸ
604 410 714 453 τῶν
751 399 1036 470 προτέρων
1076 401 1278 467 ἄγοιεν.
1354 400 1415 452 τὸ
1447 400 1550 470 γὰρ
1585 400 1653 468 δὴ
1686 401 1875 468 ἄρχειν

190 491 543 558 ἀκουσόμεθα
580 497 873 558 πανταχοῦ.

147 603 166 634 5
301 579 384 631 20.
444 580 670 640 Φίλοις
718 574 908 630 οὖσιν
954 579 1087 630 ἔδει
1127 598 1185 630 τι
1231 579 1402 647 παρὰ
1445 585 1559 630 τοῦ
1600 582 1875 646 φιλοῦν-

189 688 295 730 τος
334 660 516 720 εἶναι.
587 671 775 729 καλῶς.
849 669 999 719 ἔστιν
1037 667 1280 737 ἄργυρός
1319 680 1409 719 σοι
1447 666 1536 718 καὶ
1579 665 1746 735 ἐσθὴς
1783 664 1874 720 καὶ

190 759 419 826 χρυσίον
465 755 553 808 καὶ
602 756 925 825 ἀνδράποδα
963 753 1054 808 καὶ
1100 757 1417 823 βοσκήματα
1454 755 1546 807 καὶ
1589 762 1672 823 γῆ.
1748 754 1874 808 τού-

189 865 299 898 των
345 850 399 897 st*
437 865 489 896 τι
535 845 750 912 βούλει,
800 845 893 906 δὸς
938 842 1029 896 καὶ
1077 845 1125 896 εἰ
1171 844 1360 910 βούλει
1409 863 1494 911 γε,
1545 843 1737 896 πάντα.
1812 843 1873 895 τὸ

190 935 291 1002 γὰρ
340 934 406 1001 δὴ
454 933 671 985 κωλύον
718 933 820 985 οὐκ
866 934 1030 985 ἔσται.
1107 941 1218 986 τῶν
1265 931 1411 999 ε’μῶν
1458 929 1517 984 δὲ
1566 931 1756 1002 ἕτερον
1801 932 1874 1000 μὴ

125 1043 166 1076 ιο
189 1024 332 1074 ποίει
383 1022 665 1088 δεσπότην.
755 1020 870 1073 ἀλλ’
918 1021 1052 1074 ὅταν
1101 1040 1183 1083 τις
1233 1019 1419 1074 ἐλθὼν
1469 1020 1501 1089 ἢ
1552 1021 1874 1089 παρακαθή-

189 1130 352 1179 μενος
390 1109 421 1178 ἢ
455 1108 543 1163 καὶ
583 1110 862 1179 παρεστὼς
893 1110 1210 1180 μνημονεύῃ
1242 1118 1336 1178 τῆς
1367 1111 1624 1178 τοιαύτης
1654 1109 1874 1179 χάριτος

189 1197 277 1251 καὶ
317 1206 416 1267 χοῦ
451 1198 539 1251 καὶ
579 1201 745 1267 ὄνων,
784 1198 967 1266 λέγειν
1005 1200 1143 1268 πρὸς
1181 1198 1367 1266 αὐτόν,
1407 1198 1508 1266 ὅτι,
1549 1195 1590 1251 ὦ
1624 1199 1873 1268 ἄριστε,

190 1286 307 1355 ἐγώ
357 1302 423 1340 σε
474 1288 641 1340 πάνυ
689 1288 804 1356 μὲν
852 1291 1017 1356 φιλῶ
1068 1286 1172 1340 καὶ
1224 1289 1593 1355 βουλοίμην
1644 1288 1719 1340 ἄν
1769 1300 1873 1340 σοι

189 1379 453 1444 πολλήν
503 1396 570 1428 τε
619 1377 730 1429 καὶ
782 1378 1002 1445 καλὴν
1051 1375 1391 1444 γενέσθαι
1438 1377 1561 1444 τὴν
1607 1376 1873 1443 οἰκίαν,

125 1464 223 1518 1ῡᾶ
279 1465 349 1517 δὲ
401 1465 476 1517 οὐ
531 1466 745 1518 καλὸν
800 1467 1080 1534 δοῦναι,
1133 1462 1227 1534 μὴ
1274 1467 1527 1517 δοῦναι
1581 1466 1812 1518 καλόν.
1862 1461 1870 1536 Ι

101 1565 303 1609 RH563
337 1553 419 1605 21.
484 1554 657 1606 οὔπω
708 1553 823 1622 μέν
873 1574 969 1617 τις
1017 1564 1143 1608 τῶν
1193 1562 1387 1607 τοῦτο
1438 1554 1873 1606 πεπονθότων

190 1640 298 1694 ἐπὶ
345 1643 460 1704 τὰς
506 1652 637 1695 τῶν
683 1644 1137 1711 κρατούντων
1177 1643 1457 1705 εἰκόνας
1494 1641 1872 1710 κατέφυγε,

191 1731 420 1782 δεῖσαι
469 1727 539 1783 δὲ
587 1732 785 1795 ἄξιον
831 1733 914 1800 μὴ
963 1731 1267 1800 γένηται.
1343 1732 1411 1784 τί
1454 1726 1580 1784 οὖν
1627 1731 1752 1799 χρή
1801 1743 1872 1782 σε

189 1827 426 1883 ποιεῖν;
467 1820 566 1872 σοὶ
606 1820 720 1888 μὲν
761 1823 896 1873 ἔστι
935 1822 1236 1890 χρυσίον,
1276 1821 1473 1882 ὄνους
1512 1816 1580 1872 δὲ
1621 1818 1872 1888 ὁρῶμεν

124 1928 166 1960 20
190 1907 650 1976 πωλουμένους
696 1908 798 1962 καὶ
850 1911 1172 1979 πρίασθαι
1219 1908 1465 1980 ῥᾴδιον.
1554 1907 1717 1961 οὕτω
1768 1920 1872 1959 σοι

189 1994 449 2061 βέλτιον
485 1998 1002 2064 οἰκοδομεῖσθαι.
1073 1998 1140 2050 τὸ
1174 1994 1242 2050 δὲ
1274 1999 1395 2050 σὺν
1428 1996 1638 2065 ἀραῖς,
1676 2002 1870 2048 τοῦτο

190 2084 264 2151 δὴ
303 2085 370 2136 τὸ
411 2092 555 2151 νῦν,
601 2096 894 2154 παραινῶ
935 2100 1039 2139 σοι
1079 2094 1331 2154 φυγεῖν.
1410 2085 1584 2147 οὕτως
1622 2083 1694 2137 ἂν
1729 2078 1872 2151 ἦσαν

189 2172 446 2240 ἄρχοντες
485 2173 556 2235 ὡς
595 2174 834 2243 ἀληθῶς,
872 2177 1003 2236 τοὺς
1032 2172 1134 2242 μὲν
1173 2175 1274 2228 οὐκ
1313 2174 1702 2243 ἐπιτρίβοντες,
1740 2174 1871 2235 τοὺς

189 2259 250 2312 δὲ
303 2267 701 2325 νουθετοῦντες
753 2262 843 2316 καὶ
901 2266 1031 2326 τοὺς
1084 2264 1185 2332 μὲν
1238 2271 1338 2316 τοῦ
1392 2271 1570 2324 κακῶς
1622 2261 1870 2330 πάσχειν,

124 2367 165 2400 25
188 2350 317 2410 τοὺς
365 2345 423 2400 δὲ
470 2357 568 2402 τοῦ
615 2359 795 2404 ποιεῖν
842 2351 1115 2419 ῥυόμενοι.
1191 2350 1385 2420 κέρδος
1437 2351 1498 2403 δὲ
1548 2351 1727 2418 δήπου
1778 2347 1869 2402 καὶ

189 2444 350 2488 τοῦτο
389 2438 448 2489 τὸ
488 2442 812 2507 κωλυθῆναι
850 2447 1075 2506 ποιῆσαι
1115 2449 1306 2502 κακῶς.

396 2594 417 2608 ’Ἀ

306 2658 331 2696 8
358 2656 435 2698 καὶ
459 2657 502 2699 Α
625 2661 649 2699 9
676 2659 882 2700 κωλῦονῑ)
914 2657 1197 2714 cf.p.74‚17;
1221 2658 1473 2712 t.1166‚13
1597 2662 1650 2700 10
1674 2653 1743 2707 τίς
1767 2657 1812 2700 Ρ

192 2717 243 2754 15
277 2712 305 2755 ἃ
325 2713 538 2759 -καλόν
571 2715 687 2758 citat
716 2715 875 2759 Macar
903 2716 933 2760 1.
959 2716 988 2759 1.
1053 2715 1082 2759 ἃ
1115 2715 1186 2775 δὲ]
1221 2714 1331 2773 ὅπερ
1362 2717 1523 2760 Macar
1655 2719 1709 2758 18
1741 2713 1866 2772 γεγέ-

190 2787 323 2825 νηται
346 2774 379 2815 Ι
495 2778 548 2815 19
579 2781 731 2818 ποιεῖν
757 2777 802 2818 Ρ
823 2775 904 2818 sed
928 2783 996 2819 εῖν
1020 2774 1069 2818 in
1091 2787 1167 2819 ras
1191 2775 1260 2819 m²
1380 2779 1436 2818 20
1465 2773 1610 2825 οὕτως
1634 2775 1759 2819 ΑΡΙ
1777 2773 1868 2817 Grot

249 2835 302 2871 22
336 2831 526 2888 φεύγειν
561 2832 596 2877 O
743 2838 798 2876 23
816 2848 882 2889 sq.
915 2851 1022 2885 τους
1052 2835 1131 2878 ΡΙ
1271 2838 1325 2877 25
1358 2833 1521 2887 κέρδος
1545 2861 1600 2867 -
1627 2838 1681 2877 26
1714 2840 1869 2884 κακῶς

191 2889 355 2932 omisso
388 2890 437 2934 δὲ
470 2890 586 2934 citat
616 2891 774 2934 Macar
804 2891 833 2935 1.
861 2892 891 2936 l.

1978 315 1992 376 *ἐ

1974 359 1992 406 ›j⁴

1989 425 1992 442 4
