1992 3094
134 629 152 661 5

185 119 289 170 110
689 116 917 160 LIBANII
949 115 1173 160 ORATIO
1205 115 1333 159 XXX

179 252 308 307 ἄνθ’
340 253 527 306 ὅπλων
559 257 800 320 χρῆσθαι
831 254 962 314 τοὺς
991 250 1365 321 Ἀχαιμενίδας
1400 249 1616 304 ἐκείνου
1649 257 1749 303 τοῦ
1782 249 1869 304 δέ-

180 362 278 404 ους
302 342 485 394 αὐτῶν
509 339 1034 408 ἐγκατατεθειμένου
1059 349 1177 402 ταῖς
1201 348 1413 408 ψυχαῖς.
1461 346 1714 401 τοιοῦτος
1736 338 1870 408 ἡμῖν

179 430 207 483 ὁ
248 432 312 482 τὰ
354 431 471 498 ἱερὰ
510 438 625 491 τοῖς
663 434 819 491 θεοῖς
855 428 1096 497 ἀνιστάς,
1136 430 1361 498 κρείττω
1394 425 1496 496 μὲν
1526 426 1662 497 ἔργα
1693 430 1871 496 λήθης

178 518 560 587 ἐργασάμενος,
601 519 862 587 κρείττων
903 517 963 570 δὲ
1004 520 1179 586 λήθης
1219 515 1593 585 γεγενημένος.

287 608 372 659 42.
429 605 569 675 Ἐγὼ
619 604 679 659 δὲ
733 606 927 674 ἠξίουν
981 606 1078 659 τὸν
1132 607 1238 675 πρὸ
1286 606 1452 659 τοῦδε
1497 606 1563 657 τὰ
1609 605 1711 674 μὲν
1756 613 1868 658 τῶν

178 695 445 750 ἐναντίων
490 701 783 765 καθαιρεῖν
836 693 927 746 καὶ
974 695 1373 747 κατασκάπτειν
1422 694 1511 746 καὶ
1559 693 1867 762 κατακάειν,

177 783 466 853 ἐπειδήπερ
500 783 728 852 ἐγνώκει
759 792 870 836 τῶν
893 788 1046 836 θεῶν
1077 791 1466 851 καταφρονεῖν,
1500 784 1551 834 εἰ
1578 781 1669 835 καὶ
1704 783 1867 851 ἱερῶν

100 940 103 942 -
176 892 237 940 γε
269 873 358 925 καὶ
385 872 413 926 ὁ
439 881 550 925 τῶν
582 873 763 925 ὄντων
793 879 909 934 τοῖς
939 873 1220 938 πολεμίοις
1252 872 1581 939 φειδόμενος
1609 869 1867 940 ἀμείνων,

109 1070 151 1102 10

176 963 395 1014 οἰκείων
433 960 621 1027 μέντοι
667 970 820 1013 ναῶν
865 962 1016 1032 πόνῳ
1064 958 1156 1013 καὶ
1195 962 1375 1031 χρόνῳ
1413 958 1505 1012 καὶ
1543 963 1868 1031 πολυχειρίᾳ

175 1048 264 1102 καὶ
317 1053 543 1112 πολλοῖς
589 1049 876 1111 ταλάντοις
929 1048 1449 1118 κατεσκευασμένων
1498 1046 1590 1101 καὶ
1639 1067 1866 1118 προκιν-

86 1150 186 1193 RH
208 1154 291 1194 190
324 1139 582 1191 δυνεύειν
614 1137 783 1201 ἄξιον.
820 1142 826 1202 Ι
863 1139 909 1190 εἰ
949 1139 1054 1207 γὰρ
1092 1139 1446 1207 πανταχόθεν
1484 1133 1587 1206 μὲν
1623 1136 1894 1206 σωστέον,

106 1514 147 1545 15

105 1955 147 1987 20

173 1227 267 1289 τὰς
304 1228 505 1295 πόλεις,
546 1227 821 1295 λάμπουσι
861 1223 920 1279 δὲ
960 1227 1177 1288 τούτοις
1216 1229 1427 1295 μᾶλλον
1466 1226 1646 1295 ἢτοῖς
1677 1227 1866 1289 ἄλλοις

173 1316 233 1366 αἱ
266 1317 453 1377 πόλεις
491 1313 581 1367 καὶ
622 1310 777 1368 οὗτοι
816 1325 929 1368 τῶν
968 1313 1029 1368 ἐν
1069 1316 1258 1377 αὐταῖς
1307 1315 1442 1381 μετά
1487 1334 1550 1383 γε
1588 1316 1655 1367 τὰ
1693 1316 1862 1383 κάλλη

172 1412 283 1455 τῶν
320 1405 615 1471 βασιλείων
661 1404 980 1472 κεφάλαιον,
1031 1412 1146 1466 πῶς
1193 1405 1258 1457 οὐ
1306 1402 1395 1456 καὶ
1443 1405 1661 1466 τούτοις
1705 1423 1864 1473 μετα-

173 1491 365 1544 δοτέον
403 1493 668 1562 προνοίας
713 1493 803 1544 καὶ
850 1493 994 1555 ὅπως
1032 1492 1094 1546 ἐν
1132 1499 1207 1565 τῷ
1252 1493 1460 1561 σώματι
1498 1502 1610 1546 τῶν
1648 1495 1863 1546 πόλεων

173 1575 284 1633 εἶεν
325 1580 725 1646 σπουδαστέον;
772 1582 989 1644 πάντως
1028 1580 1092 1634 δέ
1129 1583 1272 1634 εἰσιν
1311 1582 1721 1650 οἰκοδομήματα
1757 1579 1864 1633 κᾶν

173 1670 220 1720 εἰ
258 1670 330 1736 μὴ
369 1667 474 1741 νεῴ
508 1689 582 1737 γε.
645 1671 729 1722 δεῖ
769 1670 846 1738 δέ,
887 1663 1059 1739 οἶμαι,
1099 1676 1173 1742 τῷ
1209 1671 1364 1741 φόρω
1396 1679 1507 1722 τῶν
1539 1669 1861 1739 δεξομένων.

173 1756 419 1825 δεχέσθω
459 1759 655 1811 τοίνυν
694 1757 885 1827 ἑστώς,
937 1758 1075 1811 ἀλλὰ
1123 1759 1193 1827 μὴ
1238 1758 1646 1828 καταφερέσθω.
1723 1755 1861 1827 μηδὲ

172 1845 231 1897 τὸ
270 1853 423 1915 χεῖρα
469 1846 571 1915 μὲν
617 1847 951 1900 ἀποκόπτειν
999 1846 1304 1916 ἀνθρώπου
1353 1847 1541 1900 δεινὸν
1578 1847 1861 1916 ἡγώμεθα,

170 1935 382 1993 πόλεων
422 1931 482 1986 δὲ
522 1935 854 2004 ὀφθαλμοὺς
885 1934 1199 2005 ἐξορύττειν
1237 1935 1462 2004 μέτριον
1501 1934 1627 2004 μηδ’
1660 1934 1721 1989 ἐν
1755 1932 1860 2002 μὲν

290 2174 311 2210 1
348 2167 404 2211 cf.
430 2168 522 2211 t.11
548 2173 646 2224 219,
668 2174 721 2213 18
844 2174 869 2212 2
903 2169 959 2212 cf.
986 2171 1018 2213 t.
1037 2169 1078 2212 Π
1104 2174 1203 2222 531,
1225 2173 1277 2212 10
1403 2174 1454 2212 17
1490 2169 1547 2212 cf.
1573 2169 1645 2213 13.I
1671 2173 1770 2224 249,
1791 2174 1813 2213 1

291 2394 311 2431 1
345 2395 427 2432 τοῦ
461 2388 596 2440 δέους
619 2391 665 2433 Β
698 2391 779 2433 sed
803 2407 831 2433 v
862 2391 910 2434 in
937 2390 1072 2442 δέους
1096 2405 1196 2435 eras
1258 2390 1309 2434 τὸ
1343 2389 1448 2440 δέος
1471 2389 1538 2434 Re
1556 2391 1695 2434 Anim
1727 2393 1855 2446 (,,τοῦ

170 2446 273 2497 δέος
304 2453 386 2491 aut
415 2448 468 2491 τὸ
501 2447 606 2498 δέος
637 2450 763 2505 ley.“)
805 2452 853 2493 et
884 2449 1029 2494 Cobet
1059 2449 1188 2493 Misc.
1218 2455 1301 2493 164
1392 2457 1474 2494 τοῦ
1507 2449 1612 2501 δέος
1651 2450 1756 2493 coni
1776 2449 1855 2499 vRe

169 2507 215 2547 in
249 2506 347 2549 ediss
526 2512 552 2550 5
585 2507 675 2561 πρὸ
708 2520 732 2551 e
764 2509 880 2562 πρὸς
919 2523 1019 2552 corr
1043 2510 1077 2552 I
1085 2509 1101 2533 ³
1281 2513 1305 2550 6
1346 2506 1619 2553 κατακαίειν
1650 2509 1744 2553 AP
1773 2508 1854 2553 sed

169 2565 214 2606 in
240 2567 436 2619 utroque
469 2582 485 2608 ι
511 2567 571 2621 (1)
597 2579 711 2618 eras,
738 2568 770 2609 I
778 2568 822 2611 U
838 2568 928 2610 edd
1051 2573 1072 2609 7
1109 2568 1149 2611 εἰ
1180 2568 1259 2610 καὶ
1291 2567 1452 2622 scripsi
1485 2581 1589 2610 eum
1613 2567 1853 2611 Monnerio

229 2623 328 2667 ἐπεὶ
359 2623 466 2667 libri
492 2625 582 2667 edd
704 2628 728 2667 8
763 2641 811 2682 γε
836 2639 860 2669 e
885 2643 931 2670 τε
957 2640 1058 2670 corr
1081 2627 1139 2669 1³
1166 2629 1171 2682 Ι
1202 2625 1320 2670 ὁτῶν
1345 2625 1435 2670 Got
1466 2627 1547 2682 qui
1579 2627 1743 2684 βωμῶν
1771 2627 1853 2669 καὶ

169 2683 315 2738 βοτῶν
346 2682 463 2726 vel‘
444 2699 468 2726 ο
492 2690 584 2727 τῶν
617 2684 721 2726 coni
845 2691 894 2728 11
930 2685 1104 2737 ἄξιον
1111 2686 1300 2740 ,mallem
1331 2686 1506 2729 abesse“
1532 2686 1599 2728 Re
1625 2687 1672 2729 et
1696 2684 1852 2728 delen-

169 2740 278 2783 dum
302 2743 458 2785 censet
483 2741 629 2785 Cobet
651 2741 883 2786 Misc.163
946 2742 1109 2799 ἠξίουν
1142 2744 1245 2787 coni
1271 2742 1362 2787 Gob
1483 2749 1534 2786 17
1570 2759 1658 2799 νεῳ
1687 2743 1852 2816 scripsi

168 2813 221 2842 ex
247 2801 291 2842 A
323 2799 425 2843 coll.
452 2815 496 2873 ξ)
524 2805 666 2854 89,17
701 2804 748 2844 et
780 2807 856 2857 213
893 2807 990 2855 111,
1010 2808 1035 2846 3
1097 2803 1184 2847 νεώ
1215 2801 1383 2856 reliqui
1414 2802 1524 2845 libri
1557 2803 1647 2846 edd
1673 2805 1680 2859 Ι
1709 2799 1754 2846 δ’
1782 2801 1852 2846 Re

200 2862 282 2959 ὲ18
314 2858 452 2960 {ot-522·
501 2859 713 2903 Monnier
877 2865 932 2903 20
965 2861 1024 2917 μὴ
1051 2859 1095 2905 δ’
1126 2862 1356 2912 APIBM
1364 2862 1406 2906 V
1425 2861 1516 2904 Got
1591 2860 1707 2918 μηδε
1737 2861 1805 2904 Re
1841 2861 1847 2919 Ι

167 2933 197 2971 μ
223 2933 250 2959 ν
283 2931 356 2959 om
