1992 3094
264 105 493 149 LIBANII
525 103 749 149 ORATIO
782 104 864 148 AD
896 104 1292 150 THEODOSIUM
1322 105 1441 150 PRO
1476 105 1669 151 CURIIS
1731 105 1840 159 455

147 237 318 295 οὐδὲν
354 242 502 310 παρὰ
547 228 659 293 τῶν
699 240 927 309 ὀλίγων,
975 239 1092 294 ἀλλ’
1124 240 1331 310 ἐκλήθη
1371 262 1477 310 τις,
1523 242 1612 294 καὶ
1660 241 1839 311 ῥήτωρ

147 328 316 398 ἐγγὺς
353 330 443 382 καὶ
484 329 695 398 ῥήματα
735 330 802 382 οὐ
840 330 1042 398 πολλά,
1089 331 1180 383 καὶ
1226 330 1255 399 ἡ
1296 332 1490 399 ἄφεσις
1529 331 1708 383 εἵπετο
1748 329 1839 383 καὶ

147 419 267 471 οἵδε
307 419 537 487 ἄφωνοι.
614 418 663 470 5.
719 421 797 470 ἔτι
843 420 1040 472 τοίνυν
1084 421 1327 481 πολλοὺς
1373 416 1475 487 μὲν
1519 419 1625 489 πρὸ
1673 419 1839 472 τοῦδε

146 514 248 560 τοῦ
294 514 491 577 καιροῦ
541 516 812 576 παρεῖσαν
863 507 1429 575 συναγωνιζομένους,
1483 509 1724 570 πολλοὺς
1779 505 1839 561 δὲ

146 597 280 663 μετὰ
323 603 524 649 τοῦτον
562 597 772 663 πόσων,
821 592 861 647 ὦ
901 598 1156 664 βασιλεῦ,
1201 594 1328 666 παρ’
1366 596 1524 665 ὑμῶν
1570 596 1838 665 ἀφικνου-
1886 617 1905 650 5

143 683 330 752 μένων
384 685 717 753 γραμμάτων
772 684 982 747 ἁπάσας
1036 684 1418 753 ἀναιρούντων
1471 693 1586 748 τοῖς
1639 685 1842 748 ἀδίκως

147 773 424 841 φεύγουσι
473 773 481 841 Ι
530 774 626 835 τὰς
678 774 1014 843 καταφυγάς.
1102 775 1168 826 τὰ
1220 773 1322 841 μέν
1376 771 1443 842 γέ
1492 789 1686 842 φησιν·
1722 786 1928 829 RII574

144 858 343 931 ἦρξας
395 860 500 914 καὶ
565 863 671 914 διὰ
733 860 901 915 τοῦτ’
950 863 1066 916 οὐκ
1129 862 1340 926 ἀξιοῖς
1401 866 1839 932 λειτουργεῖν;

146 950 397 1004 οὐκοῦν
435 951 629 1013 αὐτὸς
667 948 783 1017 μὲν
821 951 1133 1019 κάθευδε,
1183 953 1290 1004 διὰ
1337 949 1403 1004 δὲ
1450 959 1565 1004 τοῦ
1608 952 1841 1014 παιδὸς

146 1039 226 1091 τὰ
270 1042 720 1109 προσήκοντα
767 1042 972 1093 ποίει.
1058 1039 1200 1092 ἀλλ’
1247 1039 1371 1092 οὐκ
1426 1036 1487 1093 εἷ
1538 1041 1758 1109 πατὴρ
1806 1039 1908 1107 ἢιο

148 1127 538 1198 θυγατέρων
590 1128 829 1197 μόνων;
893 1130 1098 1198 ἄνδρα
1158 1130 1305 1182 τινὰ
1365 1130 1593 1192 πείσας
1645 1129 1840 1181 ὑπελ-

145 1223 301 1271 θεῖν
332 1218 620 1285 τοῦνομα
651 1216 756 1270 καὶ
788 1218 856 1270 τὸ
890 1220 1087 1287 ἔργον
1109 1218 1308 1271 πάλιν
1338 1219 1530 1281 αὐτὸς
1553 1217 1840 1270 κάθευδε

146 1314 471 1360 τοσοῦτον
508 1308 717 1374 μόνον
754 1315 825 1377 τῇ
866 1308 1050 1359 πόλει
1090 1305 1410 1376 παρέχων,
1454 1306 1838 1359 ἀναλίσκων.

147 1393 299 1448 ταῦτ’
342 1397 493 1448 ἔστιν
539 1394 600 1448 ἐν
644 1398 876 1457 πολλαῖς
921 1395 1228 1457 ἐπιστολαῖς
1275 1393 1365 1447 καὶ
1412 1395 1625 1448 τούτων
1671 1414 1733 1462 γε
1778 1393 1840 1448 ἐν

146 1483 358 1554 ἑτέραις
394 1483 552 1553 ἕτερα
594 1487 798 1537 καλλίω
838 1485 998 1550 μείζω
1045 1484 1147 1551 τὴν
1193 1482 1475 1547 ἀπόδειξιν
1513 1482 1709 1553 ἔχοντα
1747 1490 1842 1550 τῆς
1866 1503 1908 1536 15

148 1574 396 1642 σπουδῆς
439 1567 475 1642 ’ᾖ
521 1574 646 1643 περὶ
694 1575 790 1636 τὰς
843 1573 1048 1640 βουλὰς
1100 1572 1374 1642 κέχρησαι.
1463 1573 1512 1624 6.
1567 1570 1723 1625 ταυτὶ
1780 1571 1842 1624 δὲ

148 1659 295 1730 λέγει
341 1663 416 1727 τίς
470 1663 524 1714 εἰ
572 1661 676 1714 καὶ
726 1662 834 1714 διὰ
879 1664 1139 1714 πολλῶν
1186 1661 1401 1730 ἀρχῶν
1454 1659 1682 1730 ἀφῖξαι
1735 1661 1842 1713 καὶ

146 1752 426 1820 κη’ρυκες
459 1750 747 1819 ἡγοῦντό
788 1765 904 1803 σου
937 1750 1041 1802 καὶ
1083 1750 1442 1818 ῥαβδοῦχοι
1475 1748 1579 1802 καὶ
1615 1764 1842 1816 μαστι-

149 1841 432 1908 γοφόροι
467 1838 572 1892 καὶ
604 1840 1050 1909 ἡμεροδρόμοι
1088 1836 1192 1891 καὶ
1235 1840 1632 1908 στρατιῶταί
1667 1858 1843 1901 τινες

147 1930 260 1980 καί
295 1943 398 1980 σοι
437 1929 645 1998 τροφὴ
687 1926 962 1996 γέγονεν
1008 1925 1078 1980 ἐκ
1115 1934 1229 1979 τοῦ
1269 1925 1589 1993 βασιλέως
1628 1932 1840 1995 οἴκου,
1866 1947 1909 1980 20

148 2015 323 2083 ἥξεις
377 2017 544 2085 ὅμως
600 2008 664 2069 οἶ
716 2034 783 2069 σε
846 2019 1245 2083 καθίστησιν
1298 2014 1327 2068 ὁ
1381 2015 1587 2084 πατὴρ
1647 2014 1752 2068 καὶ
1807 2014 1839 2083 ἡ

148 2106 370 2174 μήτηρ
416 2104 531 2158 καὶ
578 2108 642 2159 οἱ
681 2106 952 2158 τούτων
998 2112 1250 2172 γονεῖς.
1325 2103 1453 2157 κᾶν
1491 2109 1687 2174 εἴπῃς
1725 2105 1843 2166 τὰς

150 2192 372 2263 ἀρχάς,
436 2194 634 2247 οὐδὲν
688 2193 1078 2261 ὠφελοῦσαν
1130 2194 1452 2260 βοήθειαν
1511 2191 1840 2260 κέκληκας.

153 2281 202 2334 7.
247 2281 336 2335 καὶ
377 2283 443 2335 τὰ
481 2280 584 2351 μὲν
621 2280 746 2351 παρ’
778 2281 936 2348 ὑμῶν
974 2288 1218 2347 τοιαῦτα,
1257 2281 1325 2332 τὰ
1363 2276 1424 2332 δὲ
1466 2280 1680 2333 τούτων
1718 2280 1841 2334 ἀντὶ

147 2378 248 2423 τοῦ
296 2369 528 2439 πέμπειν
574 2367 677 2440 μὲν
722 2372 851 2432 τοὺς
898 2370 1354 2438 στεφανώσοντας
1398 2370 1501 2437 τὴν
1546 2368 1689 2421 οὕτω
1729 2378 1842 2422 τῶν
1864 2389 1907 2422 2⁶

148 2460 374 2525 βουλῶν
404 2458 838 2528 ἐπιμελουμένην
867 2460 1132 2527 κεφαλήν,
1172 2455 1400 2526 ἔχεσθαι
1431 2454 1492 2509 δὲ
1525 2457 1699 2519 εὐθὺς
1730 2467 1841 2510 τῶν

272 2624 295 2663 1
328 2616 398 2670 τίς
427 2621 504 2664 IB
663 2624 688 2661 2
723 2617 888 2674 ἄφεσις
921 2619 982 2662 Μ
1009 2618 1091 2662 sed
1124 2617 1279 2674 ἔφεσις
1308 2617 1358 2661 in
1389 2632 1523 2674 marg
1553 2631 1613 2660 m.
1645 2630 1760 2672 τοο,
1791 2617 1841 2660 in

149 2691 226 2722 ras
259 2679 304 2722 B
426 2683 451 2721 3
485 2676 584 2723 οἶδε
617 2679 710 2722 ΑΡ
738 2678 818 2721 sed
850 2677 899 2720 in
931 2676 1019 2720 hoc
1042 2680 1061 2690 ⁴
1095 2677 1144 2719 in
1177 2676 1187 2689 '
1221 2691 1322 2720 corr
1351 2691 1441 2731 rae,
1474 2678 1504 2720 1
1543 2679 1548 2732 Ι
1591 2681 1727 2732 „post
1756 2675 1840 2733 μὲν

147 2743 235 2783 aut
264 2738 631 2782 subaudiendum
661 2742 743 2780 aut
766 2738 925 2811 potius
955 2735 1215 2780 addendum
1238 2735 1444 2790 καιρούςι
1451 2735 1553 2779 Re
1579 2735 1718 2778 Anim
1739 2749 1840 2792 per-

150 2809 314 2852 peram
445 2802 468 2840 7
501 2812 572 2851 γε,
606 2796 771 2852 φησὶν,
802 2790 945 2851 ἦρξας
974 2795 1042 2838 Re
1070 2795 1077 2853 Ι
1105 2791 1311 2840 διατοῦτ’
1349 2794 1535 2838 ΡΙΒΜ
1563 2796 1570 2851 Ι
1603 2800 1740 2838 τοῦτο
1772 2793 1840 2837 Re

214 2859 266 2898 11
300 2853 445 2958 μόνον
477 2856 523 2899 Β
660 2858 714 2898 18
747 2868 820 2898 σοι
852 2855 898 2898 Ρ
925 2854 1006 2897 sed
1038 2868 1064 2897 σ
1095 2867 1151 2897 ex
1182 2870 1207 2898 ο
1239 2867 1341 2897 corr
1371 2854 1419 2898 et
1450 2869 1495 2898 οι
1525 2853 1575 2896 in
1605 2865 1681 2896 ras
1712 2853 1782 2897 m⁴

152 2917 210 2956 25
241 2915 407 2964 τουςθ
436 2920 519 2958 τοῦ
552 2927 653 2958 corr
683 2913 740 2957 1³
861 2917 916 2956 26
949 2910 993 2958 δ’
1023 2913 1090 2956 Re
