1992 3094
222 111 256 163 2
262 111 291 161 2
298 111 330 162 6
718 109 945 152 LIBANII
979 108 1202 153 ORATIO
1235 108 1426 152 XXXVI

337 253 381 297 7.
429 250 870 311 Neapolitanus
910 248 960 296 II
985 249 1026 295 E
1058 251 1120 295 17
1164 264 1286 296 saec.
1318 249 1436 296 XIV
1475 250 1558 297 fol.
1589 250 1707 297 182.
1785 250 1912 299 Vide

222 327 258 371 t.
284 325 306 370 I
339 341 383 386 p.
414 325 514 370 211
534 339 604 384 sq.
638 325 687 370 et
720 323 839 370 392.

337 399 381 444 8.
433 397 763 444 Vaticanus
811 413 888 460 gr.
925 397 990 444 81
1050 391 1143 462 (=
1184 390 1285 462 Va)
1338 412 1461 445 saec.
1501 398 1592 443 XV
1639 397 1723 445 fol.
1766 399 1910 445 250*.

221 471 350 518 Vide
390 474 424 518 t.
450 470 473 517 I
505 488 552 533 p.
581 472 683 519 209
700 486 770 532 sq.
848 470 1066 518 Allatius
1106 470 1157 517 in
1196 471 1417 534 margine
1457 471 1690 519 lectiones
1731 470 1912 520 codicis

222 545 480 593 Barberini
519 546 698 606 posuit.
779 543 990 591 Contuli.

337 621 381 666 9.
422 618 904 666 Vindobonensis
944 618 1087 680 phil.
1122 635 1198 682 gr.
1233 617 1395 666 XCIII
1430 611 1523 684 (=
1548 613 1616 685 V)
1659 634 1782 666 saec.
1815 619 1911 666 XII

223 694 305 741 fol.
335 695 478 741 2O5V.
556 692 682 740 Vide
713 694 748 739 t.
774 692 799 738 Ι
830 710 875 754 p.
905 694 971 739 35
989 707 1060 754 sq.
1141 691 1351 739 Contuli.

338 769 418 814 10.
459 766 772 814 Parisinus
814 765 1016 828 Suppl.
1053 767 1156 813 656
1200 781 1323 813 saec.
1355 766 1446 813 XV
1486 766 1570 814 fol.
1600 768 1718 814 161.
1783 767 1912 814 Vide

222 844 255 888 t.
289 841 312 887 I
351 858 396 902 p.
426 842 545 888 234.
1269 863 1272 866 >

334 914 428 971 Qui
465 914 616 961 iidem
656 916 771 961 sunt
811 917 959 975 atque
992 914 1181 962 codices
1223 914 1399 976 quibus
1442 914 1601 962 oratio
1640 912 1759 978 κατὰ
1788 909 1912 961 Ἰκα-

223 989 332 1053 ρίου
373 989 531 1036 altera
569 982 638 1054 (p.
666 989 735 1035 44
750 981 846 1054 sq.)
877 988 1066 1036 tradita
1098 991 1186 1048 est,
1225 989 1320 1035 nisi
1353 988 1485 1050 quod
1516 986 1742 1036 Patmius
1776 988 1915 1042 deest

222 1064 425 1124 eiusque
463 1064 571 1110 loco
610 1062 865 1110 Parisinus
914 1064 1088 1111 exstat.
1164 1062 1338 1123 Neque
1384 1062 1759 1110 necessitudinis
1805 1063 1910 1110 vin-

222 1137 389 1184 culum
438 1152 534 1198 quo
575 1136 764 1184 codices
803 1138 932 1184 inter
972 1152 1021 1184 se
1061 1136 1310 1184 coniuncti
1349 1138 1478 1197 sunt,
1523 1137 1685 1198 impar
1724 1139 1797 1183 est
1835 1132 1911 1183 illi

224 1211 356 1272 quod
388 1212 645 1258 stemmate
670 1210 732 1257 ad
755 1209 896 1258 illam
921 1211 1195 1259 orationem
1225 1227 1272 1272 p.
1292 1211 1359 1257 45
1387 1210 1634 1258 delineato
1659 1210 1912 1258 illustran-

226 1285 342 1332 dum
384 1284 521 1344 duxi,
569 1284 664 1331 nisi
712 1285 843 1345 quod
882 1284 1160 1332 Parisinum
1210 1300 1266 1331 ex
1314 1283 1484 1332 eodem
1524 1280 1620 1347 quo
1660 1283 1909 1332 Vindobo-

222 1358 386 1406 nensis
426 1359 562 1406 fonte
601 1359 796 1406 fluxisse
837 1357 1114 1406 addendum
1153 1361 1240 1406 est.
1305 1357 1400 1406 Sed
1431 1359 1522 1406 hoc
1558 1357 1722 1406 codice
1756 1357 1910 1405 careri

219 1447 363 1494 posse
405 1449 462 1479 ex
492 1433 555 1480 iis
589 1448 714 1493 quae
754 1432 813 1480 de
851 1434 1012 1494 pretio
1053 1434 1156 1480 eius
1195 1425 1228 1480 t.
1256 1431 1281 1478 I
1310 1449 1356 1493 p.
1386 1433 1490 1479 234
1532 1432 1799 1494 disputavi,
1838 1432 1911 1479 in-

223 1507 439 1570 telleges.
517 1506 654 1553 Idem
692 1506 744 1553 in
783 1506 1174 1568 Neapolitanum
1215 1506 1359 1554 cadit.

333 1580 390 1627 In
431 1581 670 1642 excerptis
710 1581 901 1627 nullum
941 1580 1106 1628 locum
1144 1581 1326 1627 inveni.

335 1652 507 1701 Oratio
554 1654 771 1716 primum
817 1671 842 1701 e
889 1654 1053 1702 codice
1092 1654 1344 1702 Marciano
1393 1653 1453 1701 ab
1500 1654 1719 1702 Antonio
1759 1653 1911 1701 Bon-

222 1728 507 1791 giovanni
556 1721 649 1794 (=
682 1720 847 1794 Bong)
895 1728 1118 1776 Venetiis
1171 1743 1298 1775 anno
1349 1729 1489 1774 1754
1536 1745 1582 1789 p.
1620 1727 1909 1775 166--175

223 1817 329 1849 cum
363 1802 597 1868 ‘plurimis
636 1802 826 1850 mendis
866 1802 999 1850 edita
1038 1804 1125 1862 est,
1165 1817 1376 1864 quorum
1414 1818 1569 1848 unum
1610 1795 1678 1868 (p.
1712 1802 1832 1862 228,
1853 1790 1910 1866 1)

222 1878 394 1937 postea
430 1876 488 1923 de
520 1875 728 1923 lectione
761 1875 984 1923 codicum
1014 1875 1235 1923 Palatini
1267 1878 1316 1922 et
1346 1875 1607 1923 Barberini
1639 1891 1668 1922 a
1699 1875 1908 1928 Nicolao

223 1949 391 1997 Rubeo
446 1950 626 1997 certior
671 1951 832 1998 factus
878 1951 984 2011 ipse
1033 1951 1085 1996 in
1131 1949 1654 1997 Animadversionibus
1703 1948 1910 1996 editioni
1991 2001 1992 2004 Ἴ

223 2022 455 2071 subiectis
494 2041 540 2086 p.
569 2025 689 2084 254,
729 2023 888 2071 multa
919 2023 1200 2072 Reiskius
1231 2022 1731 2071 Animadversionum
1770 2023 1906 2086 volu·
1990 2014 1992 2044 ⁴

225 2098 352 2143 mine
378 2097 423 2143 V
461 2114 507 2158 p.
537 2097 824 2144 559—563
868 2097 1155 2157 divinando,
1197 2098 1347 2144 etiam
1385 2097 1531 2159 plura
1570 2096 1790 2144 adhibito
1831 2111 1908 2143 co-

223 2170 328 2218 dice
360 2170 652 2234 Augustano
690 2172 742 2218 in
781 2171 997 2218 editione
1038 2171 1098 2218 ab
1130 2187 1279 2219 uxore
1319 2172 1469 2232 prelis
1502 2171 1761 2219 commissa
1797 2171 1832 2217 t.
1857 2167 1908 2216 Π

223 2261 269 2305 p.
298 2245 586 2291 307-315
621 2245 836 2293 sustulit.
907 2245 965 2292 In
996 2245 1123 2292 hanc
1155 2244 1305 2292 etiam
1336 2245 1581 2307 plurimae
1614 2247 1759 2292 notae
1787 2243 1907 2290 Ani-

223 2317 616 2365 madversionum
655 2319 970 2367 transierunt.

334 2391 500 2438 Pauca
539 2395 853 2439 correxerunt
893 2389 1159 2440 Sintenis
1200 2395 1347 2454 atque
1390 2391 1656 2440 Cobetus.
