1992 3094
174 119 279 170 172
670 118 898 162 LIBANII
929 117 1153 162 ORATIO
1185 118 1376 162 XXXIII

285 254 365 306 13.
421 252 601 307 Ἀλλὰ
640 255 714 306 τὰ
751 255 912 323 πρὸς
950 255 1067 322 τὴν
1105 255 1354 322 βουλὴν
1393 254 1562 326 αὐτῷ
1595 256 1758 308 καλά
1795 275 1862 308 τε

170 341 274 395 καὶ
329 343 442 395 τὸν
498 344 780 412 ἄρχοντα
834 343 1249 407 δεικνύοντα;
1312 341 1429 396 ἀλλ’
1470 345 1698 413 ἔπραττε
1759 341 1864 413 μὲν

170 429 298 484 οὐδὲ
338 434 610 499 πρότερον
650 427 730 498 εὖ,
768 432 1266 500 προσκατεπόντισε
1314 428 1375 483 δὲ
1415 432 1588 501 αὐτὴν
1627 431 1656 485 ὁ
1695 433 1863 495 κακὸς

170 521 468 589 ἄνθρωπος
514 515 676 582 οὗτος
723 520 756 573 ἃ
802 529 1062 589 παρῶπτο
1109 529 1226 582 τοῖς
1274 520 1542 589 ὑπάρχοις
1593 519 1662 573 δι’
1698 520 1861 574 ἀσθέ-

124 631 144 662 5
169 628 326 662 νειαν
356 616 451 677 τῆς
482 612 704 677 βουλῆς,
736 609 901 671 αὐτὸς
932 607 1244 677 ἀναζητῶν,
1270 610 1718 678 διερευνώμενος,
1760 610 1862 662 οὐκ

171 697 277 750 ἐῶν
308 703 544 766 κεῖσθαι,
584 697 743 768 μέχρι
775 699 1017 767 δραχμῆς
1047 697 1146 750 ’καὶ
1186 695 1394 766 ὀβολοῦ
1436 696 1524 751 καὶ
1566 707 1678 750 τῶν
1718 697 1862 751 οὕτω

169 796 381 857 μικρῶν
413 786 966 856 ἀκριβολογούμενος,
999 788 1187 850 ἄλλοις
1217 783 1319 856 μὲν
1347 786 1611 855 ἐγκαλῶν,
1644 786 1866 854 ἑτέρους

171 872 230 927 δὲ
271 875 623 944 εἰσπράττων.
702 874 921 945 ἑτέρους
968 872 1029 927 δὲ
1077 876 1212 929 ὅταν
1258 881 1410 943 εἴπω,
1457 877 1586 939 τοὺς
1631 877 1860 943 βουλεύ-
1935 907 1963 929 κη

81 976 183 1020 RH
201 981 284 1020 247
326 984 488 1026 οντας
527 963 666 1032 λέγω
710 965 841 1026 τοὺς
880 963 939 1016 ἐκ
977 968 1200 1017 πολλῶν
1233 965 1239 1033 Ι
1276 964 1500 1033 ὀλίγους
1537 965 1866 1018 τεθνεώτων

103 1075 145 1106 10
169 1050 271 1122 μὲν
309 1062 421 1105 τῶν
460 1054 821 1121 ὀφειλόντων,
868 1053 1323 1122 προσαιτούντων
1370 1050 1431 1105 δὲ
1477 1063 1589 1106 τῶν
1636 1052 1861 1105 ἐκείνων

169 1141 336 1195 υἱέων
376 1142 442 1195 οὐ
483 1143 575 1195 διὰ
613 1144 810 1195 κακίαν
847 1151 959 1194 τῶν
996 1141 1263 1211 πατέρων,
1315 1141 1453 1195 ἀλλὰ
1499 1143 1590 1194 διὰ
1629 1143 1760 1204 τοὺς
1796 1142 1865 1194 τὰ

169 1238 396 1284 τοιαῦτα
436 1224 723 1294 ἀξιοῦντας
763 1230 993 1299 ἐσθίειν,
1031 1233 1162 1293 τοὺς
1201 1231 1422 1293 δεινοὺς
1461 1229 1756 1301 ὑπηρέτας,
1808 1233 1870 1283 οἳ

168 1318 259 1372 καὶ
307 1320 650 1388 λαμβάνουσι
696 1318 786 1372 καὶ
834 1329 1098 1387 σιγῶνται
1152 1325 1226 1392 τῷ
1268 1318 1392 1390 παρ’
1427 1317 1639 1372 ἑαυτῶν
1686 1321 1863 1390 φόβῳ.
1943 1347 1956 1375 ν,-

173 1409 255 1460 14.
311 1409 340 1462 ὁ
395 1412 591 1462 τοίνυν
645 1407 736 1461 καὶ
793 1417 1031 1477 στατῆρα
1083 1409 1174 1461 καὶ
1209 1417 1493 1477 ’στατῆρος
1546 1409 1717 1477 ῆμισυ
1770 1408 1863 1460 καὶ
1949 1462 1957 1481 d

102 1517 145 1549 15
170 1499 357 1567 τρίτον
407 1498 484 1560 εἰς
530 1497 700 1566 μέσον
747 1497 922 1551 ἕλκων
968 1492 1130 1559 οὗτος
1175 1493 1261 1566 ἦν,
1309 1496 1342 1549 ἃ
1380 1503 1456 1570 τῷ
1500 1499 1703 1566 πλήθει
1749 1505 1863 1550 τῶν

171 1584 310 1638 ἑτῶν
365 1585 659 1654 ἐκάθευδε,
722 1584 810 1638 καὶ
867 1593 1038 1638 ταῦτα
1092 1583 1375 1655 ἔπραττεν,
1430 1586 1576 1648 ὅπως
1629 1586 1708 1648 εἰς
1761 1585 1863 1654 τὴν
1931 1655 1933 1658 ⁴

169 1675 394 1742 ποίησιν
441 1674 586 1746 αὐτῷ
628 1683 739 1727 τῶν
778 1674 1087 1743 οἰκημάτων
1127 1679 1209 1742 εἴη
1251 1677 1512 1743 χρήματα,
1558 1668 1638 1726 ὧν
1677 1672 1865 1736 οὐδεὶς
1940 1672 1950 1721 ἒ

172 1760 339 1816 οὐδὲν
393 1763 743 1816 οὐδεπώποτε
797 1756 945 1815 εἶδεν
999 1762 1414 1831 ἀχρηστότερον.
1491 1762 1520 1815 ὁ
1569 1759 1630 1815 δὲ
1678 1764 1863 1824 λίθοις
1935 1750 1950 1782 ³⁴

171 1848 272 1920 μὲν
310 1850 468 1919 ἠξίου
506 1852 664 1919 μείζω
704 1852 807 1918 τὴν
844 1853 1013 1904 πόλιν
1050 1860 1248 1919 ποιεῖν,
1286 1852 1353 1903 τὰ
1392 1850 1442 1903 δ’
1476 1853 1554 1913 εἰς
1590 1852 1691 1919 τὴν
1730 1854 1858 1919 βου·
1936 1850 1942 1868 '⁷
1989 1872 1992 1877 ·

104 1961 148 1994 20
172 1941 275 2008 λὴν
314 1940 515 1992 ἐλάττω
555 1940 778 1992 πάντων
823 1940 924 2008 μὲν
974 1941 1280 2008 γελώντων,
1333 1940 1557 1993 πάντων
1604 1936 1665 1992 δὲ
1712 1937 1859 2007 ἐλεγ-

171 2031 385 2098 χόντων
438 2037 532 2097 τῆς
585 2027 710 2099 περὶ
765 2036 927 2082 τοῦτο
985 2029 1230 2098 σπουδῆς
1283 2029 1384 2097 τὴν
1438 2028 1739 2098 ἀχρηστίαν
1772 2034 1868 2101 ’τῷ
1931 2018 1941 2072 ἶ
1990 2016 1992 2042 ³

170 2114 306 2186 μηδὲ
348 2117 440 2170 διὰ
479 2126 591 2170 τῶν
630 2120 848 2186 θηρίων
878 2117 975 2170 τὸν
1007 2110 1659 2187 λειτουργήσοντα-εἶναι.
1714 2115 1795 2170 15.
1828 2116 1858 2170 ὁ

293 2356 317 2393 3
352 2351 408 2396 ef.
434 2353 466 2395 t.
485 2351 527 2393 11
552 2355 803 2407 576‚1vsq.
829 2351 870 2394 R

293 2577 317 2615 3
351 2570 396 2616 δ’
427 2573 492 2616 Re
630 2577 654 2615 6
687 2573 768 2617 τὸν
801 2574 835 2616 Ι
967 2578 1019 2616 15
1053 2568 1124 2629 ἦν,
1157 2572 1204 2630 ἃ]
1240 2571 1381 2629 ἡνίκα
1413 2572 1515 2616 Mor
1542 2574 1547 2627 Ι
1575 2572 1655 2616 καὶ
1687 2573 1794 2615 ante
1825 2569 1858 2614 ἃ

171 2631 295 2674 inser
326 2631 393 2675 Re
425 2632 550 2687 quod
582 2631 782 2687 expunxi
928 2637 981 2675 18
1016 2631 1125 2676 οὐδὲ
1155 2632 1339 2675 πώποτε
1371 2633 1495 2676 API
1501 2632 1545 2676 V
1688 2634 1742 2674 20
1775 2628 1861 2686 μὲν
1920 2636 1922 2638 ’

173 2691 421 2746 γελώντων,
454 2690 641 2734 πάντων
674 2705 748 2733 om
783 2692 826 2735 V
910 2690 992 2747 μὲν
1026 2690 1214 2744 ἐλάττω,
1247 2689 1435 2734 πάντων
1469 2689 1519 2734 δὲ
1549 2690 1717 2745 reliqui
1749 2687 1859 2732 libri

172 2749 274 2792 Mor
313 2749 588 2793 cancellavit
626 2748 692 2792 Re
731 2753 980 2805 postquam
1023 2750 1341 2807 ἐγκαλούντων
1381 2749 1452 2792 vel
1492 2747 1858 2805 ἐναντιουμένων

172 2822 256 2863 pro
290 2807 455 2852 ἐλάττω
490 2809 784 2852 scribendum
814 2810 917 2852 coni
942 2810 1079 2852 Anim
1142 2810 1376 2865 γελώντων
1409 2808 1573 2864 scripsi
1598 2822 1704 2851 cum
1727 2807 1856 2849 Mon·
1911 2827 1913 2829 >

173 2867 299 2909 nei-io
333 2869 379 2910 et
407 2867 586 2910 Sinizeni
709 2873 760 2910 21
796 2868 846 2911 τὸ
872 2869 951 2910 IV
1068 2872 1122 2910 22
1155 2867 1215 2924 μὴ
1248 2866 1300 2911 δὲ
1323 2868 1570 2923 APIBV1
1598 2862 1857 2921 λειτουργή-
1928 2867 1930 2870 ’

174 2939 319 2968 σαντα
354 2927 423 2984 Vl
453 2925 475 2970 ὃ
503 2928 545 2969 A
610 2923 793 2970 51BV
819 2929 865 2969 et
897 2941 951 2970 ex
984 2926 1007 2970 ὁ
1042 2941 1143 2970 corr
1166 2925 1238 2970 ΡΞ
