1992 3094
4 0 100 110 'f'

389 126 616 170 LIBANII
647 125 871 170 ORATIO
904 125 1022 170 PRO
1055 126 1438 171 RHETORIBUS
1661 129 1762 180 127

79 265 231 334 ἥκετε
268 264 720 331 βουλευσόμενοι,
759 258 824 330 ἧς
859 261 1060 331 ὁμοίως
1090 265 1520 332 κεκοινωνήκατε
1551 264 1765 331 πάντες,

82 354 130 407 εἰ
165 350 256 405 καὶ
294 359 414 414 ταῖς
451 352 587 404 κατὰ
624 352 756 413 τοὺς
793 352 995 413 παῖδας
1033 351 1348 420 διεστήκατε
1387 352 1588 421 τύχαις.

194 441 239 494 7.
281 438 380 494 “Ev
420 441 487 508 δὴ
525 442 789 508 προσήκει
828 447 991 492 τοῦτο
1032 449 1277 508 σκοπεῖν,
1317 442 1552 508 πότερον
1601 439 1766 494 Ἀντι-

81 530 229 600 οχείᾳ
274 537 338 599 τῇ
385 532 522 598 καλῇ
576 527 666 581 καὶ
713 528 918 598 μεγάλῃ
967 528 1415 598 λυσιτελέστερον
1469 538 1656 597 τηρεῖν
1706 528 1766 582 έν

79 626 193 681 τοῖς
238 625 479 686 παροῦσι
525 626 714 680 κακοῖς
758 619 890 680 τοὺς
937 618 1306 680 διδασκάλους
1355 628 1464 671 τῶν
1512 620 1694 686 λόγων
1732 617 1810 686 ἦε

80 714 406 777 μεταστῆσαι
444 707 505 759 τὸ
544 713 781 775 πρᾶγμα.
843 706 1069 759 πάντων
1106 703 1209 775 μὲν
1239 707 1341 775 γὰρ
1378 706 1511 775 ὑμῖν
1551 706 1583 760 ἃ
1622 715 1769 759 ποιεῖ

79 796 243 849 πόλιν
296 795 598 864 εὐδαίμονα
650 793 740 848 καὶ
796 795 1052 864 λαμπρὰν
1106 793 1477 864 ἐπιμελητέον,
1538 796 1768 862 μάλιστα

81 880 142 937 δὲ
178 891 278 937 τοῦ
317 885 419 952 τὴν
456 882 725 952 ἡμετέραν
764 884 843 945 εἰς
880 884 982 952 τὴν
1013 891 1303 951 παροῦσαν
1342 883 1495 947 τάξιν
1528 902 1768 953 προαγα-

80 974 288 1041 γόντος.
363 979 528 1025 τοῦτο
569 971 635 1025 δέ
680 970 687 1043 Ι
737 971 905 1040 ἐστιν,
945 973 992 1024 εἰ
1031 973 1104 1041 μὴ
1145 976 1317 1042 ληρῶ,
1357 973 1612 1042 ῥητορεία
1651 984 1754 1027 RII
1771 987 1854 1026 207

80 1061 170 1114 καὶ
207 1061 268 1114 τὸ
306 1062 401 1124 τὰς
439 1069 550 1114 τῶν
588 1060 870 1132 ἀρχόντων
908 1060 1149 1130 ἀλόγους
1186 1060 1357 1131 ὁρμὰς
1395 1061 1502 1115 ὑπὸ
1541 1070 1636 1130 τῆς
1666 1068 1766 1114 τοῦ
1794 1081 1834 1113 10

81 1151 249 1218 λόγου
289 1150 573 1218 δυνάμεως
610 1156 950 1220 κρατεῖσθαι.
1012 1150 1193 1219 ὥσπερ
1228 1145 1331 1203 οὖν
1363 1142 1445 1213 οἷς
1477 1149 1625 1203 ἐστιν
1663 1149 1767 1202 ἀπὸ

32 1240 34 1242 ’
80 1248 191 1292 τῶν
236 1239 423 1292 ὅπλων
467 1239 559 1292 καὶ
605 1246 705 1291 τοῦ
761 1250 924 1292 νικᾶν
972 1238 1032 1292 ἐν
1084 1239 1280 1309 μάχαις
1327 1239 1359 1308 ἡ
1408 1239 1665 1307 δύναμις,
1721 1241 1769 1292 εἰ

80 1328 179 1397 τὴν
229 1336 342 1380 τῶν
403 1328 590 1380 ὅπλων
651 1325 915 1395 ἐργασίαν
974 1327 1391 1396 καταλυομένην
1450 1334 1768 1399 περιορῷεν,

82 1415 346 1470 ἀδικοῖντ’
377 1415 447 1468 ἂν
479 1417 556 1478 εἰς
587 1416 649 1468 τὸ
683 1423 858 1484 κτῆμα
890 1415 981 1469 καὶ
1015 1427 1161 1485 σφᾶς
1192 1417 1398 1479 αὐτοὺς
1422 1415 1769 1480 άπολλύοιεν,

24 1560 39 1578 ,
82 1505 254 1568 οὕτως
293 1505 346 1558 οἱ
381 1511 456 1577 τῷ
491 1503 674 1573 λέγειν
713 1504 918 1558 εἰδέναι
951 1510 1212 1558 πλεῖστον
1252 1503 1659 1572 ε’πιδεδωκότες,
1699 1502 1769 1556 ἂν
1794 1525 1834 1557 15

33 2335 36 2337 Δ
85 2371 129 2415 p.
155 2363 256 2414 594,
273 2364 299 2403 8

35 2952 37 2954 >
50 2941 62 2957 ‘t

81 1594 152 1662 μὴ
193 1594 252 1647 τὸ
292 1601 471 1663 χρῆμα
511 1593 783 1662 συνέχωσι
821 1603 933 1646 τῶν
965 1595 1165 1661 λόγων,
1205 1591 1465 1662 ἐνέχοιντ’
1498 1592 1568 1645 ἂν
1607 1593 1768 1662 αἰτίᾳ.

192 1683 240 1735 8.
298 1681 438 1752 Περὶ
476 1679 578 1749 μὲν
619 1678 724 1735 οὖν
769 1692 881 1736 τῶν
928 1683 1111 1736 ἄλλων
1158 1682 1190 1735 ἃ
1239 1683 1504 1735 διάκειται
1551 1691 1663 1734 τῶν
1709 1680 1770 1734 ἐν

81 1779 194 1833 τοῖς
233 1772 636 1834 διδασκαλείοις
674 1781 875 1840 κακῶς,
923 1772 983 1824 ἐν
1021 1770 1232 1843 ὑστέρῳ
1274 1771 1475 1841 [ζητεῖν
1514 1772 1769 1839 οἰήσομαι

37 1847 48 1921 ⁹5
83 1859 242 1929 δεῖν],
281 1869 396 1923 τοῖς
435 1857 496 1913 δὲ
535 1859 897 1929 καλουμένοις
935 1861 1215 1931 ῥήτορσιν,
1255 1860 1358 1913 εἰσὶ
1396 1856 1457 1912 δὲ
1490 1854 1648 1912 οὗτοί
1674 1878 1768 1927 μοι

37 1932 328 2019 ἑτέτταρες
379 1949 681 2018 ἡγούμενοι
734 1959 850 2013 τοῖς
902 1949 1051 2012 νέοις
1105 1948 1192 2002 ἐπὶ
1242 1950 1344 2017 τὴν
1397 1958 1606 2016 γνῶσιν
1658 1957 1769 2000 τῶν
1794 1969 1836 2001 20

83 2035 341 2106 ἀρχαίων,
388 2039 492 2106 ἤδη
539 2039 664 2091 τινὰ
709 2041 886 2107 ζητεῖν
934 2036 1090 2102 ἄξιον
1145 2037 1484 2103 ἐπικουρίαν.
1559 2031 1639 2089 ὧν
1685 2035 1767 2088 ὅτι

46 2123 60 2190 ,'
82 2125 169 2178 καὶ
209 2127 376 2193 λόγον
414 2125 506 2179 καὶ
545 2129 818 2195 πρόνοιαν
859 2125 1061 2194 ἑκτέον,
1102 2124 1163 2179 ἐν
1201 2124 1428 2195 βραχέσι
1469 2125 1711 2193 δηλώσω.

201 2304 229 2343 4
260 2300 317 2344 cf.
343 2300 433 2344 t.11
457 2305 557 2356 364,
577 2305 630 2343 17
755 2306 808 2345 16
834 2301 891 2345 cf.
917 2301 989 2345 t.1
1014 2305 1114 2356 502,
1133 2306 1158 2344 9
1282 2305 1337 2344 22
1363 2300 1490 2343 Dem.
1518 2313 1555 2342 c.
1574 2298 1766 2342 Androt.

202 2525 229 2565 3
261 2522 311 2567 δὲ
346 2524 431 2567 Mo
582 2527 607 2566 6
639 2523 724 2580 μὲν
754 2523 880 2566 inser
911 2522 967 2566 Ι8
1120 2526 1174 2564 10
1205 2521 1256 2565 τὸ
1289 2536 1363 2565 om
1389 2522 1434 2564 B
1580 2524 1632 2562 14
1664 2518 1767 2562 ἀδι-

87 2578 233 2624 κοῦντ’
268 2580 432 2638 scripsi
493 2581 704 2627 ἀδικοῖεν
735 2579 779 2626 τ’
807 2581 917 2626 libri
949 2581 1030 2624 sed
1062 2597 1083 2625 ε
1115 2593 1217 2624 eras
1242 2582 1283 2633 Ι,
1315 2581 1406 2624 edd
1529 2583 1581 2621 15
1615 2577 1656 2621 εἰ
1685 2579 1768 2621 Mo

147 2643 200 2682 17
232 2638 336 2698 μὲν]
360 2640 448 2697 γὰρ
479 2640 582 2684 Mor
614 2643 622 2696 1
656 2640 887 2685 διάκειται
919 2639 1083 2696 scripsi
1115 2641 1302 2683 auctore
1336 2638 1510 2683 Cobeto
1543 2635 1656 2681 Coll.
1686 2639 1767 2679 127

44 2700 54 2753 ᾗ
89 2697 189 2741 οο11.
222 2713 267 2755 p.
296 2704 439 2753 141,4
471 2701 519 2744 et
550 2700 630 2743 t.1
654 2705 827 2754 249,12
975 2703 1028 2742 18
1060 2701 1210 2754 ζητεῖν
1242 2724 1299 2731 -
1333 2703 1387 2741 19
1420 2699 1519 2741 δεῖν
1550 2697 1674 2739 inser
1698 2693 1769 2739 ΡΞ

50 2765 58 2786 ‚-
84 2754 137 2798 in
158 2770 291 2814 marg
321 2760 368 2802 et
399 2758 457 2802 1⁸
516 2772 592 2802 om
622 2758 793 2814 reliqui
817 2757 927 2801 libri
987 2756 1266 2801 cancellavit.
1288 2757 1370 2810 Re,
1403 2770 1427 2800 e
1458 2757 1590 2799 textu
1621 2767 1768 2797 remo·

46 2813 61 2834 ἔ,

37 2891 60 2924 ...0

38 2969 75 3094 ι

88 2813 155 2858 vit
190 2815 415 2872 Monnier,
505 2817 790 2875 interpolata
830 2819 939 2861 sunt
976 2829 1032 2860 ex
1070 2829 1133 2860 or.
1169 2830 1254 2872 pro
1290 2815 1397 2859 salt.
1422 2818 1454 2859 t.
1474 2814 1535 2856 ΙΠ
1566 2818 1667 2867 351,
1686 2818 1710 2855 2
1729 2813 1766 2855 R

91 2874 161 2929 (=
185 2889 230 2931 p.
258 2879 326 2928 11,
345 2881 399 2919 15
432 2876 504 2920 ed.
529 2877 747 2920 Rostoeh.
775 2878 940 2932 (1878))
979 2889 1099 2932 quae
1137 2875 1186 2918 in
1226 2876 1272 2919 P
1299 2874 1492 2931 legitur,
1531 2873 1579 2915 in
1610 2873 1645 2915 I
1676 2885 1767 2915 non

89 2929 202 2977 item
325 2939 378 2977 19
410 2951 489 2991 μοι
520 2935 569 2979 in
592 2949 727 2994 marg
755 2934 863 2979 Mo²
