1992 3094
928 826 1226 880 XXXVIII.

706 947 945 1008 ΚΑΤΑ
991 946 1449 1009 ΣΙΛΒΑΝΟΤ.

142 1109 183 1152 R
206 1108 348 1151 11342
432 1096 475 1147 1.
532 1091 715 1147 Οὐδὲν
754 1097 1083 1162 θαυμαστὸν
1123 1095 1407 1163 Σιλβανὸν
1445 1095 1543 1148 τὸν
1586 1096 1638 1146 Γ
1631 1096 1923 1148 αυὸεντίου

230 1193 406 1246 κακῶς
445 1203 510 1250 με
547 1183 749 1251 λέγειν·
790 1184 880 1237 καὶ
920 1184 1025 1253 γὰρ
1065 1184 1163 1236 τὸν
1203 1182 1403 1236 ἑαυτοῦ
1443 1183 1647 1253 πατέρα
1683 1185 1735 1235 Γ
1729 1170 1922 1236 αυδέν-

233 1293 365 1326 τιον.
429 1271 644 1325 ἐκεῖνον
677 1271 742 1325 δέ
770 1292 831 1340 γε
863 1273 1002 1341 πρὸς
1031 1278 1106 1343 τῷ
1142 1271 1323 1341 λέγειν
1353 1271 1444 1324 καὶ
1477 1271 1748 1339 ἐποίησεν.
1804 1270 1921 1340 ἐμοὶ

188 1383 206 1415 5
234 1359 291 1413 δὲ
333 1359 624 1432 παρῄνουν
662 1359 764 1429 μέν
795 1380 940 1423 τινες
979 1361 1069 1413 καὶ
1109 1361 1274 1423 αὐτὸς
1314 1357 1374 1412 δὲ
1415 1359 1628 1432 ἐμαυτῷ
1662 1363 1923 1423 πολλάκις

233 1459 530 1518 σιωπῆσαι,
585 1451 823 1518 νομίζων
879 1446 940 1502 δὲ
995 1448 1485 1518 σωφρονεστέρους
1539 1451 1669 1512 τοὺς
1723 1451 1922 1512 ἄλλους
1965 1455 1969 1459 ’

231 1541 484 1606 ποιήσειν
523 1544 597 1611 τῷ
639 1539 761 1607 περὶ
810 1539 1012 1591 τούτου
1053 1540 1196 1610 λόγῳ
1235 1546 1487 1608 κρεῖττον
1524 1538 1812 1607 ἡγησάμην
1851 1539 1922 1605 εζ-

230 1635 356 1679 πεῑν
407 1627 438 1696 ἢ
486 1634 774 1694 σιωπῆσαι.
852 1628 940 1680 καὶ
996 1627 1103 1694 ἅμα
1157 1629 1397 1689 πολλοὺς
1452 1620 1601 1693 οἶμαι
1655 1637 1767 1679 τῶν
1817 1618 1922 1694 νῦν

232 1715 379 1787 αὐτῷ
425 1715 831 1784 διαλεγομένων
871 1718 1083 1769 πείσειν
1130 1717 1360 1784 φεύγειν
1398 1715 1625 1783 ταυτηνὶ
1666 1717 1767 1784 τὴν
1807 1715 1922 1782 ὁμι-

167 1827 209 1858 10
236 1807 360 1856 λιάν
399 1804 472 1866 ὡς
510 1805 746 1874 ἔχουσάν
785 1825 837 1856 τι
877 1805 1101 1871 μύσους.

354 1965 390 2008 0
456 1986 510 2000 =
545 1964 690 2008 codex
723 1963 968 2008 Chisianus

353 2024 426 2066 Pa
458 2045 513 2060 =
546 2023 758 2067 Patmius
790 2028 875 2067 471

545 2082 838 2126 Monacensis
869 2097 935 2140 gr.
962 2087 1050 2127 483
1082 2084 1417 2140 (Augustanus)

543 2141 788 2185 Palatinus
820 2157 887 2200 gr.
915 2146 999 2185 282

546 2200 811 2244 Marcianus
844 2201 1044 2257 append.
1070 2199 1170 2244 XCI
1187 2206 1212 2244 2

457 2281 512 2296 =
544 2258 826 2304 Barbarinus
856 2260 899 2303 ΙΙ
915 2265 968 2303 41

360 2319 428 2361 Va
461 2340 515 2354 =
547 2318 804 2362 Vassicanus
837 2334 903 2376 gr.
931 2324 985 2363 81

361 2377 404 2420 V
459 2399 513 2412 =
546 2376 921 2422 Vindobonensis
953 2377 1067 2435 phil.
1093 2392 1159 2434 gr.
1186 2377 1329 2421 XCIII

352 2529 376 2566 2
412 2524 467 2568 cf.
496 2538 566 2580 ep.
593 2529 691 2568 457.
729 2529 824 2569 174.
862 2530 959 2569 659.
995 2529 1078 2568 332

458 2222 513 2236 ΙΙ
457 2163 511 2177 ΙΙ
456 2105 511 2119 11

350 2086 394 2126 Α

356 2142 399 2184 P

351 2202 385 2243 I

351 2260 395 2302 B

355 2676 376 2714 1
410 2678 493 2715 τοῦ
526 2672 669 2715 αὐτοῦ
701 2672 819 2716 κατὰ
847 2674 889 2716 V
944 2676 975 2727 Ῑι
1006 2674 1114 2715 ante
1147 2671 1265 2715 κατὰ
1290 2674 1348 2725 Α,
1381 2675 1487 2727 post
1519 2673 1738 2729 σιλβανοῦ
1773 2671 1810 2716 G
1837 2669 1916 2727 qui

233 2729 306 2772 va'
339 2730 387 2772 in
411 2743 545 2786 marg
577 2730 720 2774 habet
809 2729 943 2788 λόγος
972 2730 1243 2786 τριακοστὸς
1274 2738 1453 2786 πρῶτος
1495 2732 1601 2787 post
1633 2731 1848 2788 σιλβανοῦ
1881 2729 1924 2772 V

233 2788 359 2842 rubr,
391 2787 526 2845 λόγος
549 2788 625 2832 Μ’
648 2790 723 2833 Ρα
783 2789 918 2847 λόγος
947 2789 1017 2833 λα’
1050 2789 1099 2832 in
1122 2803 1256 2846 marg
1279 2790 1320 2844 I,
1353 2803 1413 2845 μς
1446 2789 1491 2832 Β
1515 2789 1626 2832 rubr
1745 2794 1771 2831 4
1804 2788 1916 2832 ἐκεῖ·

232 2863 315 2890 νον
340 2849 375 2891 Ι
399 2848 480 2891 sed
506 2855 549 2891 εῖ
577 2848 625 2890 in
641 2861 717 2891 ras
734 2847 804 2890 m²
908 2853 932 2891 6
957 2847 1169 2902 ποιήσειν
1194 2849 1301 2898 τοὺς
1325 2847 1488 2898 ἄλλους
1511 2849 1584 2892 Ρα
1683 2851 1708 2890 8
1734 2843 1854 2890 εἶναι
1882 2845 1923 2890 V

293 2910 317 2948 9
352 2905 433 2957 οὓς
464 2903 592 2962 οἶμαι
624 2908 732 2950 ante
766 2905 941 2950 πείσειν
973 2907 1097 2950 inser
1131 2907 1190 2951 V⁸
1328 2911 1381 2950 10
1415 2904 1576 2963 μίσους
1598 2907 1633 2949 Ι
1638 2907 1704 2950 Va
1728 2906 1860 2960 Bong
