1992 3094
132 1045 172 1076 10

191 89 300 141 224
710 87 938 131 LIBANII
968 87 1192 132 ORATIO
1225 89 1394 133 XXXV

304 226 388 278 28.
447 223 687 277 Γένεσθε
728 225 794 292 δὴ
834 224 1061 292 μεγάλοι
1101 222 1191 277 καὶ
1241 223 1457 294 ἰσχυροὶ
1508 224 1598 278 καὶ
1639 227 1879 298 λαμπροὶ

191 316 280 368 καὶ
343 316 472 375 τοὺς
531 312 591 365 έν
652 321 771 375 ταῖς
832 313 1023 375 ἄλλαις
1083 315 1312 366 πόλεσιν
1373 314 1663 382 ἡλικιώτας
1723 315 1881 385 ὑμῶν

194 403 487 470 αἰδέσθητε
536 403 665 464 τούς
703 421 761 454 τε
800 409 908 455 νῦν
947 403 1124 469 λαγὼς
1162 402 1303 469 ὑμᾶς
1342 403 1709 472 ὀνομάζοντας
1747 405 1880 459 ἄλλο

192 513 244 544 τι
294 493 521 543 κάλλιον
574 495 761 543 καλεῖν
817 489 1171 558 ἀναγκάσατε.
1255 490 1345 543 καὶ
1400 492 1535 561 τάχα
1589 491 1648 560 γ’
1680 493 1748 545 ἄν
1800 512 1881 556 τις

193 588 388 650 καιροῦ
443 580 734 648 πρεσβείας
787 580 1018 647 ἥκοντος
1071 578 1169 648 ἐφ’
1199 580 1339 649 ὑμᾶς
1393 583 1553 634 ἔλθοι
1601 584 1732 644 τοὺς
1781 578 1882 652 μὲν

192 667 600 740 πρεσβυτέρους
640 668 821 736 ἀφιεὶς
867 668 941 730 ὡς
987 669 1057 721 ἄν
1102 688 1253 731 τινος
1303 669 1601 736 δεομένους
1639 670 1883 724 ἀναπαύ-

195 772 353 824 σεως,
407 757 564 826 ὑμῶν
618 755 684 810 δέ
732 777 886 820 τινας
942 756 1083 810 ἰέναι
1133 758 1366 827 γράφων
1419 759 1492 822 ὡς
1541 760 1885 823 εἰσοίσοντας

195 847 298 900 ἀπὸ
353 854 448 914 τῆς
509 847 726 915 γνώμης
789 845 966 899 ὁπόσα
1026 846 1096 899 ἂν
1156 846 1372 900 ἐκεῖνοι.
1448 856 1612 901 τοῦτο
1674 853 1885 917 μᾶλλον

196 935 413 1004 ἀγορῶν
453 935 682 988 ἀπασων
727 935 818 988 καὶ
859 945 1039 988 στοῶν
1079 939 1406 1005 κοσμήσειεν
1457 936 1526 989 ἂν
1564 938 1666 1005 τὴν
1703 939 1883 990 πόλιν.

195 1023 368 1077 τοῦθ’
397 1024 539 1093 ὑμᾶς
599 1028 809 1091 μᾶλλον
870 1024 902 1093 ἢ
960 1025 1160 1087 πάντες
1219 1046 1321 1092 μεν
1383 1025 1619 1094 ἀθληται
1680 1025 1884 1095 τέρψει,

196 1108 364 1182 οἶμαι,
403 1114 602 1175 πάντες
641 1109 702 1165 δε
742 1112 1055 1181 κυνηγέται,
1093 1114 1292 1176 πάντες
1333 1111 1391 1166 δε
1435 1114 1664 1184 ἡνίοχοι.
1727 1113 1887 1167 τοῦτ’

197 1202 313 1269 ἐμοὶ
353 1203 448 1264 τὰς
486 1203 692 1264 πολλὰς
730 1202 825 1264 τὰς
865 1210 971 1255 νῦν
1010 1202 1252 1269 ἀθυμίας
1292 1202 1509 1270 ἐκβαλεῖ
1553 1212 1648 1272 τῆς
1693 1211 1885 1272 ψυχῆς.

195 1299 359 1344 τοῦτο
407 1293 582 1360 μόνον
629 1292 699 1343 ἄν
744 1311 839 1360 μοι
886 1290 1102 1359 γένοιτο
1149 1293 1287 1362 πρὸς
1340 1293 1406 1344 τὰ
1450 1295 1698 1362 παρόντα
1745 1293 1885 1361 φάρ-

196 1400 385 1447 μακον.

319 1532 340 1570 1
374 1526 575 1582 λαμπροὶ
607 1526 687 1569 καὶ
719 1539 795 1569 om
819 1527 850 1569 Ι
968 1530 993 1568 3
1025 1525 1151 1584 τούς]
1185 1527 1266 1570 καὶ
1289 1527 1324 1569 Ι
1445 1531 1469 1570 9
1503 1526 1699 1572 ἁπασῶν
1731 1527 1777 1569 Ρ
1805 1526 1886 1570 sed

197 1584 228 1629 ἁ
252 1585 302 1628 in
318 1599 393 1628 ras
410 1585 481 1628 m²
587 1589 641 1628 10
665 1583 840 1641 τέρψει,
866 1581 994 1642 οἶμαι
1011 1585 1079 1629 Re
1140 1585 1417 1643 τερψάμενοι
1440 1585 1551 1629 libri
1667 1591 1718 1629 11
1745 1602 1886 1641 κυνη,

198 1643 340 1701 γέται,
372 1643 543 1696 πάντες
575 1645 625 1688 δὲ
657 1644 707 1687 in
730 1658 864 1700 marg
890 1643 997 1688 Mo²
1178 1650 1232 1688 12
1266 1644 1451 1703 ἐκβαλεῖ
1471 1645 1637 1701 scripsi
1662 1659 1687 1688 e
1713 1646 1757 1689 V
1782 1658 1886 1688 cum

199 1703 372 1747 Cobeto
406 1703 516 1748 Coll.
539 1709 620 1747 131
685 1702 854 1762 ἐκβάλῃ
883 1705 1051 1748 GMoA
1113 1703 1296 1762 ἐκβάλοι
1322 1707 1367 1748 Ρ
1397 1705 1478 1747 sed
1511 1721 1555 1748 οι
1586 1704 1635 1747 in
1658 1718 1733 1748 ras
1758 1704 1829 1747 m³

200 1791 393 1850 ἐκβάλλῃ
426 1794 461 1836 Ι
515 1779 726 1851 ἐκβάλλῆι
750 1794 794 1836 Β
858 1791 1068 1851 ἐκβάλλοι
1094 1795 1156 1837 Μ
1275 1799 1327 1836 14
1364 1791 1490 1844 τέλος
1520 1800 1602 1836 τοῦ
1634 1791 1773 1850 λόγου
1804 1800 1887 1836 τοῦ

198 1851 314 1906 πρὸς
343 1851 452 1902 τοὺς
483 1852 538 1895 οὐ
570 1850 787 1909 λέγοντας
819 1851 979 1895 subscr
1002 1853 1047 1895 A
