1992 3094
474 141 701 187 LIBANII
733 141 958 186 ORATIO
991 142 1071 186 DE
1103 142 1513 189 THRASYDAEO
1731 146 1831 198 151

150 280 352 351 ῥᾳδίως
390 276 480 331 ὑπ’
514 277 788 346 εὐηθείας.
866 278 914 330 εἰ
954 278 1016 331 δὲ
1053 286 1187 342 νοῦς
1227 278 1358 348 ἐνῆν
1395 299 1506 348 μοι,
1553 281 1836 349 διωσάμην

147 368 219 423 ἂν
255 368 356 421 τὸν
397 368 566 435 λόγον
612 365 1041 435 ἀναμιμνήσκων
1080 367 1308 435 αὐτούς,
1339 369 1495 422 ὀἴων
1541 368 1670 422 ἀνθ’
1701 370 1836 423 οἴων

148 460 346 526 ἔτυχον
383 453 475 508 καὶ
514 455 587 518 ὡς
631 464 807 523 τιμῶν
853 455 1189 524 ἠτιμαζόμην
1234 455 1325 509 καὶ
1364 457 1438 519 ὡς
1483 458 1700 511 διώκων
1739 459 1834 511 αὐ-

147 547 278 608 τοὺς
316 545 607 614 ἠνώχλουν
645 543 735 596 καὶ
775 544 848 606 ὡς
880 542 1063 597 οὐκέτι
1094 552 1256 598 τοῦτο
1290 546 1534 614 δρῶντος
1563 547 1833 615 ἥσθησαν.

146 632 266 687 ἀλλ’
298 633 466 687 οὐδὲν
528 631 756 685 ἐκείνων
816 641 928 685 τῶν
989 637 1212 686 πολλῶν
1271 632 1522 698 ἐξετάσας
1574 634 1724 703 ἥξειν
1777 654 1834 690 τε
1881 660 1898 688 5

145 721 290 792 ἔφην
328 723 417 775 καὶ
457 716 652 789 ἦλθον.
730 720 778 774 5.
832 722 1204 775 εἰσελθόντων
1243 719 1304 775 δὲ
1343 723 1498 791 ἡμῶν
1535 725 1631 777 καί
1664 744 1834 778 τινων

146 811 404 881 ῥημάτων
450 808 798 879 γιγνομένων
845 811 923 873 εἰς
968 811 1250 880 πρόφασίν
1294 830 1352 864 τε
1399 809 1629 865 ἑκάστου
1673 832 1832 866 κατα-

145 901 455 970 φεύγοντος
508 898 601 968 ἐμὲ
650 906 751 952 τοῦ
804 899 1119 968 πράγματος
1171 902 1508 968 καταστήσας
1559 902 1757 971 κύριον
1802 902 1832 955 ὁ

143 989 445 1058 στρατηγὸς
483 986 565 1040 ἐπ’
597 987 1082 1056 ἀποδεδειγμένοις
1120 997 1236 1051 τοῖς
1265 988 1695 1058 πορευσομένοις
1726 993 1833 1043 είσ-

143 1081 335 1131 ελθεῖν
373 1073 542 1139 αὖθις
580 1076 799 1136 ἔδωκεν.
870 1074 1188 1145 ἐξήλθομεν.
1265 1075 1326 1129 ἐν
1364 1079 1611 1146 ματαίοις
1649 1080 1834 1146 λόγοις
1860 1102 1898 1133 ιο

144 1167 246 1220 οὐκ
300 1165 493 1234 ὀλίγον
536 1173 633 1235 τῆς
685 1164 890 1234 ἡμέρας
936 1165 1181 1235 διετρίβη
1229 1164 1417 1234 μένειν
1471 1166 1618 1238 αὑτῷ
1665 1183 1833 1236 προσ-

143 1258 298 1324 ήκειν
337 1253 570 1308 ἑκάστου
609 1253 882 1322 λέγοντος,
922 1253 1112 1322 ἕτερον
1152 1254 1213 1308 δὲ
1247 1255 1504 1321 βαδίζειν.
1565 1255 1670 1309 κάν
1706 1257 1833 1309 τού-

141 1363 259 1407 τοις
289 1341 410 1413 ἐμοὶ
441 1340 544 1410 μὲν
575 1343 759 1405 οὐδεὶς
789 1351 1082 1412 προσεῖχεν
1122 1341 1242 1396 οὐδ’
1271 1343 1455 1413 ἠρώτα
1494 1340 1663 1397 οὐδὲν
1700 1345 1832 1398 οὐδὲ

143 1429 336 1502 ἀπῄτει
383 1440 592 1501 ψῆφον,
640 1430 725 1500 ἐφ’
760 1430 981 1501 ἑτέρους
1027 1432 1088 1485 δὲ
1134 1432 1235 1500 τὴν
1272 1433 1458 1500 κρίσιν
1495 1428 1653 1501 ἦγον,
1701 1432 1823 1486 ὥστ’

142 1519 236 1590 ἐμὲ
258 1521 431 1590 μηδὲν
456 1520 745 1590 διαφέρειν
767 1530 879 1573 τῶν
903 1518 1112 1584 ἔξωθεν
1133 1522 1579 1589 περιεστηκότων.
1651 1514 1699 1574 6.
1731 1521 1831 1574 ἀπ-
1859 1543 1896 1575 1⁵

142 1610 313 1664 ειπὼν
375 1605 480 1664 οὖν
540 1613 855 1679 καθήμενος
915 1609 1004 1662 καὶ
1065 1609 1510 1677 καταγελώμενος
1570 1610 1832 1672 πολλάκις

142 1697 384 1768 ὁρμήσας
423 1697 511 1752 ἐπὶ
548 1700 680 1761 τοὺς
719 1697 880 1761 νέους
917 1696 1008 1751 καὶ
1047 1699 1113 1750 τὰ
1149 1696 1374 1767 ’μαυτοῦ
1413 1697 1689 1761 κωλυθεὶς
1721 1699 1829 1752 ὑπό

140 1806 241 1840 του
281 1796 392 1840 τῶν
431 1789 614 1855 φίλων
651 1788 726 1850 ὡς
765 1787 1043 1856 ἀδικήσων
1081 1787 1180 1840 τὸν
1211 1789 1532 1856 στρατηγόν,
1572 1787 1622 1841 εί
1657 1787 1831 1850 οὕτως

141 1874 465 1945 ἀπέλθοιμι,
516 1886 675 1946 χωρῶ
722 1896 780 1929 τε
825 1874 952 1946 παρ’
985 1875 1156 1929 αὐτὸν
1201 1874 1291 1928 καὶ
1331 1876 1500 1928 εἰπὼν
1538 1875 1706 1929 οὐδὲν
1743 1877 1830 1929 δε-

142 1964 423 2033 δυνῆσθαι
462 1972 558 2033 τῆς
596 1963 812 2019 ἐκείνου
850 1965 1035 2034 ῥώμης
1066 1966 1209 2033 ἔφην
1241 1966 1463 2017 δεῖσθαι
1501 1965 1562 2016 τὸ
1594 1972 1829 2032 πρᾶγμα.
1854 1988 1895 2018 80

144 2051 149 2123 1
191 2054 280 2106 καὶ
337 2053 438 2106 οὐκ
492 2053 826 2122 ἐψευδόμην·
880 2051 1173 2116 ὑποδείξας
1227 2053 1329 2122 γὰρ
1385 2052 1552 2121 ὀργῆς
1604 2073 1656 2105 τι
1711 2065 1751 2108 R
1775 2064 1916 2109 1122ss

139 2141 347 2204 πάντας
388 2136 497 2211 εἶχε
536 2141 867 2211 δεχομένους
904 2145 1006 2210 τὴν
1045 2142 1198 2209 ὁδόν,
1238 2140 1515 2210 ἐρομένων
1554 2140 1638 2209 δέ,
1679 2142 1830 2203 ὅστις

139 2239 254 2291 τοῖς
293 2229 520 2284 ἐκείνων
560 2230 677 2284 ἀντ’
708 2230 935 2284 ἐκείνων
974 2229 1213 2300 ἀρκέσει,
1263 2235 1338 2301 τῷ
1379 2226 1481 2298 μὲν
1525 2230 1624 2283 τὸν
1673 2231 1828 2299 κηδε-

141 2319 276 2386 στὴν
314 2315 456 2386 εἷπε,
508 2325 583 2391 τῷ
631 2317 690 2372 δὲ
730 2320 828 2372 τὸν
868 2318 1128 2387 ἀδελφόν,
1173 2319 1504 2389 Θρασυδαίῳ
1544 2317 1605 2371 δὲ
1644 2317 1826 2371 αὑτόν.
1904 2368 1909 2372 ,

206 2499 289 2596 Ῑὸῗ)
321 2494 441 2597 ⁸flat.
475 2495 664 2539 Theaet.
698 2510 742 2551 p.
772 2498 855 2538 168
873 2494 926 2537 A.
982 2493 1095 2538 Xen.
1122 2492 1256 2537 Mem.
1283 2492 1325 2536 II
1349 2497 1390 2547 8,
1409 2498 1449 2536 6.
1496 2492 1559 2536 IV
1583 2498 1624 2547 4,
1643 2498 1711 2536 24.
1768 2493 1823 2536 cf.

140 2566 183 2610 P·
292 2588 303 2607 ⁷

260 2720 283 2759 1
324 2717 510 2768 „malim
542 2716 832 2773 διεωσάμην“
867 2715 934 2759 Re
1116 2719 1140 2757 2
1181 2711 1241 2757 ἂν
1272 2714 1372 2771 τὸν]
1406 2713 1550 2757 αὐτὸν
1582 2713 1713 2770 Bong
1745 2714 1824 2769 qui

139 2773 293 2817 αὐτῶν
324 2774 430 2818 coni
594 2780 618 2818 7
651 2773 908 2832 γινομένων
943 2774 985 2816 V
1132 2778 1183 2816 11
1217 2773 1343 2832 αὐτῷ
1369 2774 1415 2817 P
1442 2769 1565 2815 sed’
1600 2773 1648 2815 in
1725 2786 1826 2816 corr

140 2830 222 2885 111⁶,
238 2833 320 2876 IV
437 2838 489 2877 12
515 2834 596 2878 καὶ
618 2835 662 2878 V
781 2838 832 2877 13
864 2839 1106 2889 προσεῖχεν
1124 2833 1154 2875 I
1174 2833 1254 2875 sed
1279 2849 1307 2876 ν
1315 2819 1424 2874 add
1442 2831 1513 2874 m3
1635 2836 1688 2875 14
1713 2829 1819 2874 ὥστ’

140 2888 216 2946 ἐμὲ
249 2891 413 2948 scripsi
476 2907 587 2936 ωστε
619 2908 672 2949 με
704 2893 812 2936 libri
845 2892 936 2935 edd
1061 2895 1111 2933 17
1144 2892 1382 2946 τάμαυτοῦ
1414 2890 1505 2933 edd
1627 2895 1679 2933 21
1715 2906 1759 2933 τι
1787 2892 1829 2932 P

141 2949 222 2991 sed
255 2966 271 2992 ι
302 2950 350 2993 111
374 2964 449 2994 ras
474 2951 544 2994 1113
664 2958 719 2994 :M
753 2949 882 2995 ,sim
908 2952 948 2993 1
978 2952 985 3005 Ι
1013 2949 1156 2992 αὐτὸν
1185 2951 1226 2992 1
