1992 3094
963 661 1076 732 ιι).

282 769 456 818 Oratio
495 766 640 836 ὑπὲρ
679 777 791 818 τῶν
829 777 1102 837 γεωργῶν
1143 766 1274 834 περὶ
1320 775 1432 816 τῶν
1479 762 1861 835 ἄγγαρειῶνΒ)

170 843 260 892 sub
293 859 479 891 annum
512 844 613 891 fere
641 838 800 909 385³)
828 845 891 893 ad
915 844 1245 893 Theodosium
1271 844 1470 904 scripta,
1504 858 1602 904 qua
1625 841 1863 891 Libanius

171 917 232 966 ab
263 919 562 979 imperatore
593 919 777 979 petivit
807 922 864 966 ut
894 919 1151 982 angariam
1176 918 1207 964 i.
1234 934 1273 966 e.
1298 916 1642 965 necessitatem
1671 916 1864 965 ruderis

171 991 401 1057 egerendi
445 993 632 1040 iniuria
678 993 739 1040 ab
788 994 1020 1057 agricolis
1067 993 1156 1054 qui
1192 991 1510 1040 Antiochiam
1557 990 1866 1039 vehebantur

170 1067 393 1114 exactam
423 1081 522 1113 non
553 1067 714 1131 solum
747 1067 961 1128 tolleret,
993 1083 1166 1115 verum
1199 1067 1352 1114 etiam
1382 1064 1715 1124 ulcisceretur,
1753 1081 1862 1127 per-

168 1141 340 1203 paucis
380 1140 550 1188 arrisit
588 1141 759 1203 itaque
797 1141 918 1189 fines
961 1134 1217 1203 ‘corporis'
1257 1155 1355 1188 non
1395 1153 1590 1203 egressa
1628 1141 1716 1187 est.

282 1212 530 1271 Quattuor
566 1214 726 1278 igitur
763 1218 961 1264 tantum
1000 1213 1248 1263 codicibus
1288 1213 1353 1261 ad
1389 1214 1610 1261 nostram
1649 1214 1863 1261 aetatem

168 1289 408 1351 pervenit.
487 1287 582 1344 Qui
629 1292 746 1337 sunt
790 1290 939 1337 iidem
988 1292 1136 1352 atque
1183 1288 1232 1334 in
1282 1287 1505 1336 oratione
1544 1286 1590 1333 X
1627 1284 1737 1350 περὶ
1775 1293 1867 1336 τοῦ

167 1359 388 1428 πλέθρου
421 1355 480 1429 (t.
511 1361 538 1410 I
567 1380 614 1426 p.
642 1364 747 1411 399
763 1357 930 1429 sq.)4)‚
965 1363 1062 1411 nisi
1093 1361 1226 1425 quod
1258 1361 1714 1409 Cheltenhamensis
1747 1376 1868 1423 apo—

170 1437 415 1499 graphum
452 1436 676 1485 Palatini
714 1437 862 1486 deest.

282 1509 410 1558 Sunt
449 1513 613 1559 autem
655 1511 729 1558 hi:

292 1669 334 1725 1)
383 1665 474 1710 Cur
519 1667 640 1710 hanc
688 1667 947 1711 orationem
998 1645 1294 1712 antecedenti
1346 1666 1591 1711 succedere
1637 1666 1865 1722 iusserim,

171 1738 312 1783 supra
342 1741 388 1783 p.
406 1729 494 1770 450
528 1726 638 1770 dixi.

290 1788 334 1842 2)
367 1784 469 1829 Vox
506 1783 733 1842 ἀγγαρεία
773 1799 923 1841 neque
962 1786 1011 1829 in
1051 1785 1262 1829 oratione
1301 1785 1406 1841 ipsa
1444 1798 1595 1840 neque
1636 1785 1729 1829 alio
1761 1785 1864 1830 loco

171 1844 300 1901 apud
338 1844 588 1888 Libanium
628 1845 718 1888 hac
760 1844 1103 1902 significatione
1145 1844 1389 1901 reperitur.
1458 1845 1624 1899 Itaque
1666 1844 1864 1888 fortasse

169 1903 312 1948 verba
342 1904 450 1959 περὶ
480 1911 572 1948 τῶν
604 1903 866 1961 ἀγγαρειῶν
897 1918 982 1960 pro
1015 1904 1338 1948 additamento
1363 1903 1660 1960 grammatici
1685 1903 1862 1959 Byzan-

169 1963 260 2006 tini
291 1963 366 2019 (cf.
390 1962 519 2006 Suid.
538 1978 572 2006 s,
592 1978 630 2006 v.
649 1961 925 2020 ἀγγαρείαν·
951 1962 1164 2020 ἀνάγκην
1189 1963 1413 2007 ἀκούσιον
1440 1961 1676 2019 λέγομεν
1708 1964 1787 2007 καὶ
1814 1962 1864 2007 ἐκ

171 2019 1159 2137 ἔαὲθζὲΐὲῗῗωῗπῧθῗέέαὲηοξξίώὲἣ
1189 2020 1598 2139 ὃέηξαίῗμέῂῖίἓ·
1618 2021 1864 2137 Ῑέἶῗρθῗὲὲ

171 2137 434 2198 ἀγγαρείων
466 2139 607 2183 scribi
642 2139 754 2184 vult.
789 2139 924 2183 Thes.
957 2140 1089 2197 Ling.
1124 2140 1224 2184 Lat.
1259 2155 1292 2183 s.
1326 2155 1365 2183 v.
1399 2141 1614 2197 anyaria)
1646 2139 1870 2185 habenda

173 2201 294 2243 sunt.

292 2259 336 2314 3)
382 2257 505 2301 Nam
550 2257 669 2316 legis
717 2258 774 2302 de
821 2259 1035 2315 expensis
1081 2259 1298 2302 ludorum
1343 2259 1391 2303 et
1433 2257 1693 2302 officiorum
1734 2258 1864 2315 (Cod.

171 2316 347 2361 Theod.
371 2316 457 2360 XV
482 2319 578 2373 9,1)
614 2330 736 2361 anno
769 2322 854 2361 384
885 2317 1012 2362 latae
1044 2318 1120 2374 (cf.
1145 2334 1188 2375 p.
1210 2322 1293 2361 163
1326 2318 1420 2361 not.
1450 2319 1491 2374 1)
1523 2317 1698 2362 mentio
1729 2317 1784 2361 fit
1813 2318 1864 2361 in

172 2376 383 2421 oratione
414 2391 460 2432 p.
484 2380 652 2430 476‚12
671 2391 735 2432 sq.
799 2376 860 2420 Et
890 2377 1091 2421 Icarium
1123 2377 1339 2420 comitem
1371 2375 1574 2420 Orientis
1615 2376 1726 2420 anni
1762 2381 1885 2434 384s

171 2448 314 2491 quam
353 2435 575 2479 Libanius
615 2435 704 2479 hac
743 2435 954 2480 oratione
993 2436 1123 2493 impu
1193 2438 1243 2494 at
1274 2435 1538 2494 angariam,
1574 2435 1658 2479 ubi
1695 2451 1866 2480 munus

172 2508 307 2538 suum
345 2494 581 2551 ingressus
622 2496 713 2547 est,
752 2495 966 2550 protinus
1006 2496 1137 2539 sustu
1157 2495 1250 2540 isse
1282 2509 1307 2540 e
1345 2494 1499 2552 priore
1541 2495 1702 2539 contra
1739 2495 1864 2540 hunc

172 2553 348 2610 scripta
379 2553 591 2597 oratione
621 2568 666 2609 p.
693 2557 829 2607 30‚15
848 2554 930 2609 sq.'
949 2554 1134 2598 scimus.
1194 2553 1366 2598 Postea
1403 2568 1510 2598 vero
1551 2566 1654 2598 eam
1693 2554 1863 2598 iterum

173 2612 367 2655 admisit
398 2611 473 2669 (cf.
504 2627 549 2668 p.
578 2616 714 2665 30‚20
733 2615 840 2668 sq.)‚
880 2627 1021 2668 quam
1058 2628 1156 2657 rem
1194 2627 1288 2657 non
1321 2613 1442 2657 nihil
1473 2612 1725 2657 contulisse
1755 2627 1863 2669 pro-

170 2671 331 2715 babile
363 2673 455 2725 est‚
495 2673 547 2714 ut
578 2670 801 2715 Libanius
834 2672 1086 2729 scriptione
1120 2673 1179 2716 ad
1210 2672 1539 2729 imperatorem
1571 2673 1685 2716 data
1716 2672 1773 2716 de
1805 2685 1863 2716 ea

173 2732 542 2786 conquereretur.
614 2729 869 2774 Sievcrsius
899 2746 944 2788 p.
969 2735 1054 2775 203
1088 2731 1163 2788 (cf.
1188 2746 1234 2788 p.
1261 2735 1342 2775 16⁷
1375 2735 1470 2775 not.
1490 2733 1563 2787 98)
1603 2731 1861 2776 orationem

172 2791 280 2845 post
312 2802 484 2832 annum
509 2793 594 2832 385
625 2789 936 2846 conscriptam
968 2789 1099 2844 dicit,
1130 2790 1397 2834 Monnerius
1421 2805 1466 2846 p.
1486 2794 1571 2833 256
1605 2804 1725 2834 anno
1759 2793 1859 2836 386.

291 2849 336 2904 4)
381 2847 554 2891 Similis
599 2849 670 2892 est
713 2849 923 2893 condicio
964 2849 1188 2893 orationis
1226 2849 1395 2903 XXXI,
1440 2849 1521 2893 sed
1563 2848 1677 2893 haec
1717 2850 1862 2893 etiam

174 2906 333 2951 codice
363 2906 573 2951 familiae
612 2906 803 2952 alterius
838 2909 881 2952 V
906 2908 1183 2953 continetur.
1246 2907 1312 2952 Cf.
1336 2924 1380 2965 p.
1406 2914 1504 2952 148.
