1992 3094
175 117 282 171 152
623 126 626 130 ’
675 115 902 164 ΜΒΑΝΠ
935 119 1157 164 ORATIO
1167 126 1175 143 -‚
1191 116 1361 163 XXXII
1371 123 1377 131 ’·
1405 120 1410 124 ·

171 255 262 310 καὶ
281 254 363 317 ’ὃς
394 257 827 324 προσεκύνησεν,
855 257 964 325 ὀὐχ
999 254 1071 318 ὡς
1103 257 1172 308 ἄν
1203 275 1286 318 τις
1317 249 1698 324 ἐξομνύμενος,
1738 251 1857 307 ἀλλ”

172 344 247 405 ὡς
298 345 385 396 ἄν
402 364 508 407 τις
557 342 701 414 ἔχων
756 353 1015 398 τοιοῦτον
1067 341 1205 412 ὑπὲρ
1260 345 1533 397 τοιούτων
1577 341 1864 412 ἐγγυητήνι

176 433 459 494 εἰπόντος
474 432 539 485 δέ
570 452 732 496 τινος
771 433 1108 502 Μενέδημον
1152 431 1243 486 καὶ
1291 433 1363 495 ὡς
1407 433 1474 485 τὰ
1518 431 1745 501 μέγιστα
1795 430 1866 484 ἂν

174 520 369 588 ὀνήσαι
400 522 490 574 καὶ
523 523 792 590 φρονήσει
823 523 914 575 καὶ
946 524 1159 592 γλώττῃ
1197 523 1289 574 καὶ
1321 522 1608 591 δάκρυσιν,
1641 516 1709 572 οὗ
1739 521 1864 572 τού-

131 629 306 662 ετων
330 613 544 678 καιρός,
601 611 629 664 ὁ
679 610 981 681 στρατηγὸς
1035 611 1137 664 οὐκ
1184 608 1430 677 ἐδέξατο,
1484 610 1622 677 πρὸς
1667 609 1723 661 τί
1765 627 1867 677 μεν

111 1073 153 1104 10

110 1516 157 1548 -15

119 1959 161 1990 ρο
186 1938 287 1990 οὐκ
326 1936 604 2005 ἐψεύδετο,
644 1940 927 2004 θαυμάσαι
961 1939 1022 1991 δὲ
1054 1937 1225 2006 ἄξιον,
1266 1938 1412 2000 ὅπως
1449 1936 1510 1990 ἐν
1541 1945 1655 1999 τοῖς
1688 1937 1875 1998 ἄλλοις

174 697 409 766 βλέπων,
457 699 559 751 οὐκ
603 693 758 767 οἶδα,
809 700 902 753 και
946 699 1050 768 γὰρ
1093 697 1213 752 οὐδ’
1244 696 1570 767 ἐφθέγξατο,
1625 697 1691 750 οὐ
1738 698 1866 786 μήν’,

177 786 309 855 ὅπερ
360 784 520 855 ἔφην,
576 786 808 850 ἐδέξατο.
889 788 934 840 7.
990 789 1203 841 τούτων
1257 789 1457 839 τοίνυν
1505 782 1867 855 ἐγνωσμένων

177 874 267 927 καὶ
306 878 652 943 πεπηγότων
666 876 944 929 ἀπιόντων
973 877 1129 945 ἡμῶν
1161 875 1295 942 ἐμὸν
1327 877 1494 943 ἔργον
1522 875 1868 943 Θρασύδαιος

178 967 385 1033 ἔφησεν
424 961 567 1017 εἶναι
605 966 666 1017 τὸ
707 973 890 1033 μεῖναι
923 965 1276 1033 Μενέδημον,
1316 962 1406 1016 καὶ
1447 966 1658 1028 παίζειν
1698 962 1869 1016 αὐτὸν

179 1053 481 1122 ἡγούμενος
534 1055 741 1106 πόσου
796 1056 1025 1106 τοίνυν
1077 1053 1410 1121 ἀπεδόμην
1463 1053 1579 1120 τὴν
1633 1054 1870 1120 μονήν,

180 1142 405 1210 ἠρόμην.
478 1141 507 1195 ὁ
549 1139 610 1195 δὲ
648 1150 812 1195 τοῦτο
852 1139 953 1208 μὲν
994 1142 1338 1210 ε”φημικρὸν
1376 1140 1612 1209 ὕστερον
1652 1140 1870 1208 δείξειν,

179 1228 324 1298 ἔχειν
379 1227 439 1282 δὲ
485 1231 546 1283 τὸ
594 1239 816 1300 πρᾶγμα
867 1231 969 1283 οὐκ
1025 1232 1225 1297 ἄλλως,
1283 1228 1398 1282 ἀλλ’
1439 1229 1574 1295 ἐμὸν
1620 1226 1762 1282 εἶναι
1808 1230 1869 1288 τὸ

180 1317 363 1386 ἔργον.
414 1318 505 1372 καὶ
539 1319 641 1372 οὐκ
673 1318 878 1389 ἀπέχρη
918 1327 1105 1387 ταῦτα,
1146 1319 1284 1371 ἀλλὰ
1320 1318 1503 1386 δείλης
1540 1318 1871 1387 προσπεσών

181 1428 288 1474 μου
343 1416 462 1470 ταῖς
514 1409 719 1476 θύραις
773 1406 864 1460 καὶ
918 1406 1044 1477 περὶ
1100 1408 1269 1469 αὐτὰς
1321 1406 1503 1475 εὑρὼν
1555 1407 1725 1459 παῖδα
1775 1406 1873 1458 τὸν

184 1495 316 1564 ἐμὸν
354 1498 692 1564 καθήμενον,
733 1491 800 1549 οὗ
840 1495 982 1564 τάμὰ
1019 1497 1210 1569 γνώμῃ
1248 1494 1515 1562 βασιλέως
1554 1493 1748 1562 γέγονε
1788 1513 1871 1546 κε-

179 1584 479 1645 λεύσαντος
524 1584 879 1654 ὑποχωρῆσαι
926 1586 1025 1637 τὸν
1064 1585 1188 1653 περὶ
1228 1591 1399 1636 ταῦτα
1436 1585 1627 1651 νόμον,
1672 1590 1873 1636 τοῦτον

182 1669 288 1725 οὖν
346 1670 374 1725 ὁ
434 1673 781 1741 Θρασύδαιος
842 1673 1022 1740 εὑρὼν
1076 1674 1330 1725 εἵλκυσεν
1383 1673 1460 1734 εἰς
1521 1673 1874 1741 λειτουργίαν

94 1774 135 1816 R
159 1760 299 1816 H227
341 1763 490 1828 βοῶν
528 1759 618 1813 καὶ
657 1763 834 1827 μόνον
872 1762 939 1814 οὐ
979 1764 1158 1814 παίων
1197 1760 1374 1829 λέγων
1412 1760 1583 1812 αὐτὸν
1632 1760 1638 1829 Ι
1688 1767 1873 1827 κεκτῆ-

187 1854 322 1902 σθαι
377 1857 482 1916 γῆν
536 1849 739 1918 ἀνδρὸς
791 1851 1235 1917 βεβουλευκότος.
1314 1849 1362 1902 8.
1418 1849 1505 1901 καὶ
1557 1856 1721 1901 τοῦτο
1773 1848 1874 1916 μὲν

186 2023 332 2078 τοῦτ’
365 2026 467 2094 οὐχ
522 2024 664 2096 ἑώρα
717 2027 778 2079 τὸ
836 2029 1054 2080 δίκαιον
1108 2027 1391 2079 τοσούτων
1443 2026 1732 2093 κτημάτων
1786 2023 1868 2078 ἐπ’

188 2114 389 2176 ἄλλους
450 2117 900 2184 μετερρυηκότων
960 2116 1051 2168 καὶ
1105 2115 1339 2184 μάλιστα
1393 2115 1460 2182 δὴ
1523 2115 1621 2167 τὸν
1675 2113 1876 2167 ἑαυτοῦ

188 2203 457 2271 κηδεστὴν
499 2206 805 2272 Θεμίσωνα.
876 2203 981 2271 ἐγὼ
1021 2200 1083 2256 δὲ
1122 2204 1182 2255 τὸ
1222 2203 1323 2270 μὲν
1360 2204 1460 2255 τὸν
1501 2205 1728 2269 Κίμωνα
1769 2206 1875 2254 λει-
1946 2221 1965 2283 s-

310 2396 363 2434 13
397 2391 453 2435 cf.
480 2392 551 2435 t.1
580 2396 676 2445 193,
698 2397 749 2435 17
764 2407 828 2447 sq.
1006 2397 1061 2435 14
1094 2392 1343 2436 Cimonem.
1380 2391 1436 2435 of.
1462 2392 1534 2435 t.1
1561 2397 1658 2445 152,
1679 2396 1733 2434 16
1748 2406 1813 2446 sq.

192 2453 245 2492 18
280 2450 336 2494 cf.
364 2463 433 2506 ep.
463 2454 560 2494 958.
597 2456 724 2494 1046.
758 2454 790 2496 b.
810 2452 872 2494 III
898 2457 997 2506 225,
1017 2456 1070 2495 13
1088 2452 1129 2494 R

310 2634 336 2671 4
371 2627 535 2682 ὀνήσαι
559 2628 626 2671 Re
687 2627 854 2681 νοήσαι
877 2628 986 2671 libri
1010 2629 1144 2695 Bpng
1265 2633 1289 2670 9
1315 2625 1499 2679 παίξειν
1519 2629 1563 2671 V
1678 2630 1729 2669 11
1758 2625 1878 2681 ἔφην
1899 2648 1902 2652 ·
1935 2637 1941 2670 ’.

192 2689 224 2729 Ι
359 2691 412 2730 13
444 2687 717 2742 προσπεσών
748 2688 794 2731 Ρ
823 2688 903 2730 sed
937 2702 1019 2742 ροσ
1050 2687 1098 2729 in
1121 2701 1197 2730 ras
1222 2687 1305 2741 111⁶,
1337 2688 1372 2730 Ι
1397 2687 1478 2729 sed
1511 2700 1536 2728 σ
1569 2687 1628 2742 (1)
1659 2685 1786 2727 inser
1807 2682 1878 2726 m·3
1936 2710 1947 2737 ἑ

251 2746 495 2800 προπεσὼν
531 2746 610 2790 CA
733 2750 786 2789 15
818 2746 875 2789 τὰ
896 2743 978 2802 ’μὰ
1002 2747 1046 2789 A
1075 2747 1134 2804 Ιγ
1138 2744 1186 2802 έγ
1191 2761 1297 2789 ονεν
1322 2745 1365 2788 Α
1500 2750 1552 2787 17
1585 2747 1649 2799 θρ
1654 2745 1880 2791 ασυδαῖος
1930 2751 1943 2801 3

194 2805 260 2847 Re
443 2808 497 2847 18
529 2805 729 2860 μονονοὺ
765 2805 924 2849 CAPI
949 2805 1040 2848 edd
1089 2806 1095 2859 Ι
1147 2804 1289 2848 αὐτὸν
1321 2805 1367 2848 P
1395 2804 1476 2847 sed
1509 2820 1563 2847 ον
1594 2804 1643 2846 in
1666 2816 1741 2846 ras
1764 2801 1834 2844 m⁶
1868 2800 1872 2857 1
1917 2803 1958 2850 .ἷῗ.

194 2866 447 2918 κεκτῆσθαι
480 2864 525 2905 Ρ
553 2863 633 2905 sed
666 2879 744 2905 κεκ
777 2863 824 2905 in
856 2877 933 2906 ras
956 2865 1038 2917 m⁶‚
1075 2865 1110 2906 I
1135 2863 1215 2906 sed
1248 2879 1297 2907 κε
1322 2862 1369 2905 in
1393 2876 1468 2905 ras
1492 2862 1562 2905 m3
1652 2861 1878 2916 ἐκτῆσθαι

198 2923 276 2965 CA
398 2926 452 2963 23
485 2920 723 2977 θεμίσωνα
755 2923 786 2964 Ι
814 2923 893 2965 sed
925 2926 985 2966 θε
1017 2923 1065 2964 in
1090 2936 1164 2965 ras
1189 2922 1259 2964 m3
1863 2946 1865 2949 ·
