1992 3094
389 142 617 188 LIBANII
648 141 873 187 ORATIO
908 141 1153 187 CONTRA
1184 141 1441 187 ICARIUM
1471 143 1492 186 I
1731 143 1803 196 43

110 281 152 334 ὢ
199 288 295 348 τῆς
341 278 546 342 ἀνοιάς.
622 281 758 350 βοᾷς
815 278 849 332 ἃ
895 278 1161 348 κρύπτειν
1206 275 1320 331 ἔδει
1371 277 1462 332 καὶ
1507 288 1619 332 τῶν
1667 281 1805 333 κατὰ

110 377 212 424 σοῦ
267 370 332 422 τὰ
387 368 670 436 δυνάμενα
724 371 924 420 λαθεῖν
980 365 1325 437 ἐξαγορεύεις
1379 366 1468 421 καὶ
1525 369 1805 431 διδάσκεις

107 460 272 511 πόλιν
318 457 462 510 οὕτω
510 457 754 525 μεγάλην
799 465 983 523 μισεῖν
1031 470 1105 509 σε.
1182 458 1243 509 τὸ
1290 458 1394 527 γὰρ
1443 458 1576 510 αὐτὸ
1624 458 1803 526 δήπου

107 549 325 615 ποιήσει
371 543 461 598 καὶ
499 545 532 613 ἡ
580 547 752 607 πόλις.
829 546 920 598 καὶ
966 546 1076 614 μὴν
1122 546 1389 615 ἄρχοντος
1434 546 1536 614 μὲν
1573 548 1636 600 τὸ
1675 548 1805 609 τοὺς

28 650 35 655 ·
110 634 449 705 ἀρχομένους
489 630 550 687 εὖ
583 642 783 702 ποιεῖν,
824 633 922 697 οὓς
954 635 1016 687 δὲ
1046 643 1197 703 μισεῖ
1227 654 1324 703 τις,
1365 635 1466 687 οὐκ
1507 631 1567 687 εὖ
1605 644 1803 702 ποιεῖν,
1852 656 1871 687 5

109 723 247 777 ἀλλὰ
299 733 477 786 κακῶς
538 722 766 791 ἀνάγκη.
843 731 1021 785 κακῶς
1083 724 1189 792 ἄρα
1241 733 1419 786 ποιεῖς
1478 733 1589 776 τῶν
1643 724 1804 793 ἀρχο-

108 811 291 881 μένων
327 812 498 880 τινάς,
537 813 598 864 τὸ
639 809 700 864 δὲ
739 812 830 865 καὶ
871 813 1026 874 τίνας
1065 813 1228 875 ὄντας
1268 811 1522 880 ἀφείσθω
1562 820 1751 864 τανῦν.

222 901 309 953 44.
349 899 491 970 Λέγε
529 902 725 954 τοίνυν
763 899 855 953 καὶ
893 901 1032 970 πρὸς
1070 903 1201 963 τοὺς
1237 900 1591 964 ἀπαντῶντας
1621 902 1804 968 ταύτό,

113 990 195 1043 ὅτι
234 993 454 1059 μισοιής
492 1009 550 1043 τε
587 989 822 1043 ἕκαστον
859 988 950 1042 καὶ
990 989 1164 1058 ἡδέως
1203 989 1274 1043 ἂν
1313 989 1531 1043 ἐπύθου
1570 995 1806 1043 τεθνεῶ-

108 1098 203 1142 τας
255 1080 512 1142 ἅπαντας.
597 1080 744 1148 ἔχοις
798 1077 847 1131 δ’
886 1080 972 1147 ἄν,
1028 1080 1074 1132 εἰ
1130 1079 1384 1147 βούλοιο,
1438 1079 1528 1132 καὶ
1582 1094 1806 1147 προστι-
1832 1100 1873 1133 ιο

97 1167 272 1244 ,θέναι
318 1177 435 1232 τοῖς
475 1168 797 1238 ἀνθρώποις
846 1169 936 1221 καὶ
984 1177 1091 1237 γῆν
1136 1166 1227 1221 καὶ
1267 1169 1676 1236 οἰκοδομήματα
1714 1167 1805 1221 καὶ

110 1257 380 1326 ὑποζύγια
432 1256 523 1310 καὶ
578 1258 779 1325 πηγάς,
843 1258 986 1310 οὕτω
1043 1257 1146 1326 γάρ
1196 1271 1285 1310 σοι
1334 1258 1395 1310 τὸ
1445 1265 1606 1326 μῖσος
1652 1254 1803 1310 ἔσται

110 1348 506 1416 λαμπρότερον,
553 1346 561 1415 Ι
610 1347 699 1399 καὶ
738 1348 879 1416 πρός
918 1366 978 1414 γε
1017 1348 1150 1409 τοὺς
1197 1347 1452 1413 οἰκείους,
1500 1346 1634 1399 ὅταν
1683 1358 1724 1401 R
1748 1359 1893 1403 11134

109 1435 297 1488 οἴκαδε
329 1434 656 1506 ἑπανέλθῃς,
688 1437 822 1505 μετὰ
853 1445 964 1488 τῶν
997 1437 1181 1488 ἄλλων
1210 1445 1322 1488 τῶν
1351 1435 1475 1503 περὶ
1508 1443 1603 1504 τῆς
1634 1434 1804 1525 ἀρχῆς

109 1526 289 1592 λόγων
328 1527 465 1578 ἔστω
504 1523 596 1577 καὶ
635 1532 798 1578 τοῦτο
838 1523 929 1577 καὶ
970 1526 1018 1578 εἰ
1058 1526 1248 1592 βούλει
1289 1545 1367 1592 γε,
1406 1533 1642 1592 πρῶτον.
1830 1547 1872 1578 15

231 1689 253 1728 l
287 1686 422 1743 βοᾶις
445 1686 490 1730 A
517 1686 523 1745 Ι
550 1693 642 1729 τῶν
674 1686 776 1729 Mor
808 1685 890 1729 sed
921 1703 975 1743 γρ
1000 1685 1057 1729 τὰ
1088 1686 1138 1729 in
1162 1699 1296 1743 marg
1449 1689 1471 1727 7
1513 1684 1570 1728 τὰ
1603 1692 1688 1729 νῦν
1724 1685 1806 1728 GA

109 1743 211 1787 Mor
241 1745 359 1788 sed
345 1759 395 1787 m
419 1744 508 1789 hoc
539 1762 594 1802 γρ
618 1752 767 1789 τανῦν
791 1744 842 1788 in
865 1759 1000 1801 marg
1122 1750 1147 1788 8
1178 1746 1455 1796 ἀπατῶντας
1478 1745 1521 1788 V
1639 1749 1690 1787 12
1717 1759 1805 1800 πη-

100 1802 230 1904 γάςη
215 1803 317 1847 Mor
347 1804 430 1848 sed
460 1822 516 1861 γρ
534 1803 688 1861 πυγάς
717 1805 767 1847 in
789 1818 924 1862 marg
1047 1809 1100 1848 13
1137 1820 1247 1848 οταν
1279 1801 1328 1848 δ’
1349 1803 1451 1847 Mor
1575 1809 1629 1847 14
1662 1804 1804 1848 ἐπαν-

107 1865 268 1942 ἔλθοις
300 1893 345 1936 V
460 1898 514 1937 15
548 1893 674 1938 ἔσται
698 1894 734 1937 Ι
753 1895 759 1950 Ι
787 1893 922 1937 Κατὰ
955 1890 1140 1948 ἰκαρίου
1174 1901 1204 1936 οἱ
1236 1893 1398 1937 subscr
1422 1894 1453 1936 Ι
