1992 3094
578 156 806 200 LIBANH
837 155 1062 201 ORATIO
1094 157 1174 201 DE
1206 158 1413 203 PACTIS
1731 159 1834 212 341

148 292 460 360 οἰκοδομῶν
506 291 609 344 οὐκ
654 290 791 361 ᾔδει.
867 299 1078 361 μισθοῦ
1125 296 1320 347 τοίνυν
1358 294 1701 363 μεμνημένος
1738 291 1838 363 μὲν

148 382 225 443 εἰς
263 387 492 433 τοιαῦτα
531 379 806 448 ἐμπίπτει,
855 383 1013 453 φόβῳ
1062 379 1123 434 δὲ
1170 383 1383 435 τούτων
1423 392 1646 435 σιωπῶν
1684 382 1839 451 ἀλγεῖ

147 476 222 540 τῷ
261 469 398 538 μηδὲ
431 468 613 537 λέγειν
644 471 806 538 ἔχειν,
839 468 898 523 ἐκ
932 467 991 523 δὲ
1023 472 1237 524 τούτων
1267 469 1535 535 καθέζοιτ’
1567 470 1636 524 ἂν
1667 471 1840 525 αὑτὸν

148 557 371 612 ἐσθίων.
460 556 547 610 ἐπὶ
600 559 825 625 βιβλίον
872 555 932 611 δὲ
983 559 1072 611 καὶ
1124 561 1224 628 τὴν
1274 558 1492 612 ἐκεῖθεν
1541 561 1756 628 τροφὴν
1806 559 1837 627 ἢ

148 647 249 716 οὐχ
286 642 420 715 ἧκεν
458 645 491 714 ἢ
530 647 708 715 μάτην
746 647 849 700 οὐκ
889 650 1030 717 ἔχων
1067 657 1242 700 τεῖναι
1288 649 1387 700 τὸν
1424 656 1566 701 νοῦν
1603 647 1841 716 ἀκριβῶς
1885 668 1905 700 5

149 737 226 798 εἰς
279 736 340 788 τὸ
395 733 603 804 κέρδος.
696 737 940 804 γίγνεται
999 732 1102 790 οὗν
1164 735 1430 790 ἐντεῦθεν
1484 738 1840 806 φαυλότερος.

147 825 293 878 οὕτω
355 825 491 894 πρὸς
543 832 607 893 τῇ
663 832 762 878 τοῦ
818 830 1053 894 μισθοῦ·
1092 827 1338 894 στερήσει
1400 824 1490 878 καὶ
1551 825 1613 878 τὸ
1678 828 1839 894 χείρω

148 915 440 982 γίγνεσθαι
480 913 583 981 τὴν
622 913 880 967 διάνοιαν
918 916 1048 966 ἔστι.

260 1002 308 1054 8.
365 1002 619 1056 Παλαιὸν
655 1000 757 1070 μὲν
796 998 900 1056 οὖν
931 1023 983 1055 τι
1022 1010 1185 1056 τοῦτο
1225 1003 1285 1055 τὸ
1325 1012 1437 1054 τῶν
1468 1002 1840 1067 ἀποστάσεων,

148 1089 265 1144 ἀλλ’
305 1091 441 1144 ὅσον
487 1110 549 1158 γε
591 1099 724 1159 νῦν,
772 1092 1124 1144 οὐδεπώποτε
1172 1092 1404 1160 συμβάν.
1481 1092 1584 1143 δύο
1624 1089 1656 1158 ἢ
1697 1099 1840 1157 τρεῖς
1867 1112 1908 1144 ιο

148 1178 237 1233 ἐπὶ
269 1187 365 1248 τῆς
398 1179 528 1249 ἐμῆς
560 1176 686 1233 οἶδα
718 1181 973 1249 νεότητος
997 1189 1161 1234 τοῦτο
1194 1182 1556 1248 πεποιηκότας
1578 1179 1644 1232 οὐ
1669 1180 1843 1248 καλὴν

149 1268 320 1332 δόξαν
365 1269 423 1321 ἐκ
470 1277 567 1337 τῆς
614 1269 963 1331 ἀποστάσεως
1003 1271 1296 1337 λαβόντας,
1343 1269 1482 1321 ὅθεν
1528 1267 1714 1330 αὐτοῖς
1752 1267 1842 1320 καὶ

149 1357 348 1419 σπάνις
402 1356 728 1427 ἐπιτηδείων
780 1378 840 1411 τε
892 1357 984 1411 καὶ
1040 1361 1234 1425 φίλων.
1325 1357 1353 1410 ὁ
1410 1358 1512 1426 γὰρ
1567 1355 1693 1423 περὶ
1746 1357 1844 1409 τὸν

149 1446 322 1499 αὑτοῦ
363 1447 704 1500 διδάσκαλον
742 1448 976 1500 ἄπιστον
1017 1446 1188 1500 αὑτὸν
1226 1445 1500 1508 ἐπιδείξας
1537 1446 1844 1514 προῦλεγεν

149 1535 371 1602 ἅπασιν,
412 1536 484 1598 ὡς
517 1536 620 1588 οὐκ
653 1532 771 1589 οἶδε
804 1540 1004 1606 φιλεῖν.
1074 1536 1134 1587 τὸ
1175 1536 1342 1587 πάλαι
1378 1531 1479 1603 μὲν
1511 1530 1617 1587 οὖν
1645 1536 1844 1602 μικρόν
1870 1554 1909 1586 15

147 1644 217 1692 τι,
256 1625 317 1676 τὸ
358 1624 419 1677 δὲ
456 1633 566 1678 νῦν
605 1633 768 1678 τοῦτο
808 1626 974 1678 πολύ·
1014 1632 1214 1693 μικροῦ
1252 1625 1354 1691 γὰρ
1397 1622 1686 1691 ἰσάριθμοι
1726 1631 1844 1685 ταῖς

149 1711 375 1783 ἡμέραις
406 1714 463 1766 αὶ
495 1714 837 1777 ἀποστάσεις.
906 1712 998 1766 καὶ
1029 1715 1160 1775 τοὺς
1196 1712 1399 1774 αὐτοὺς
1430 1711 1613 1779 εὕροις
1643 1710 1714 1764 ἂν
1752 1712 1844 1764 διὰ

149 1801 373 1854 πάντων
433 1803 691 1871 ἥκοντας,
754 1802 856 1865 ἕως
919 1799 1098 1871 ἦλθον
1158 1799 1238 1854 ἐπ’
1287 1799 1502 1853 ἐκεῖνον
1570 1796 1663 1867 ἀφ’
1712 1798 1843 1851 ὅτου

150 1899 374 1957 πρῶτον
421 1890 747 1961 ἀπέστησαν.
823 1889 915 1944 καὶ
963 1889 1192 1958 δευτέρα
1239 1890 1495 1957 περιόδος
1538 1886 1628 1940 καὶ
1675 1889 1843 1955 τρίτη.

151 1979 242 2032 καὶ
280 1978 404 2048 περὶ
446 1979 681 2033 ἕκαστον
719 1990 831 2033 τῶν
871 1979 1220 2032 διδασκάλων
1250 1978 1513 2039 πολλάκις
1545 1975 1843 2043 ἀμφότερα,
1870 1997 1912 2029 20

151 2065 181 2119 ὁ
214 2064 317 2136 μὲν
347 2068 420 2131 ὡς
451 2067 642 2137 ἕτερον
673 2069 889 2137 ἀπῆλθε
921 2067 1060 2135 νέος,
1101 2066 1130 2119 ὁ
1172 2065 1221 2119 δ’
1251 2064 1426 2135 ἦλθεν
1462 2066 1631 2117 ἄλλον
1671 2062 1844 2132 ἀφείς.

153 2157 207 2209 02
255 2153 316 2209 δὲ
361 2158 647 2225 μείναντες
698 2158 790 2211 διὰ
835 2157 1029 2219 τέλους
1079 2155 1182 2208 οὐκ
1232 2156 1365 2207 ἄνευ
1416 2161 1515 2206 τοῦ
1566 2154 1668 2222 τὴν
1719 2158 1846 2221 ῖσην

272 2365 297 2404 3
331 2375 402 2418 ep.
429 2366 530 2406 833.
576 2364 609 2406 t.
634 2362 656 2405 I
681 2366 861 2416 396‚14.
910 2362 986 2404 Ar.
1005 2360 1144 2416 Vesp.
1171 2363 1255 2403 286

272 2558 294 2597 1
329 2553 412 2611 μὲν
444 2568 520 2597 om
552 2555 587 2597 I
732 2559 757 2597 2
791 2551 1002 2599 ἐκπίπτει
1033 2552 1134 2595 Mor
1176 2552 1181 2610 Ι
1225 2553 1354 2609 ἀλγεῖ
1384 2551 1436 2597 δὲ
1468 2553 1502 2596 Ι
1643 2557 1668 2596 3
1701 2551 1762 2609 μὴ
1794 2551 1851 2598 δὲ

154 2612 289 2656 APB
300 2613 342 2655 V
458 2618 486 2656 4
518 2611 707 2672 βιβλίων
739 2614 773 2656 Ι
899 2617 925 2656 5
959 2613 1091 2666 „fort
1118 2612 1339 2669 ἀκριβῶς,
1372 2610 1719 2667 ἀνθελκόμενον
1751 2612 1851 2662 sis*

153 2669 221 2713 Re
343 2677 369 2715 6
401 2669 580 2729 γίνεται
610 2674 680 2728 Vl
709 2670 993 2727 φαυλότερος
1024 2668 1112 2728 ὅτῳ
1144 2670 1212 2713 Re
1244 2670 1384 2714 Anim
1506 2675 1531 2713 8
1565 2667 1783 2727 γίνεσθαι
1809 2671 1853 2715 V

215 2733 268 2772 10
295 2729 478 2775 οὐδέπω
502 2730 615 2776 ποτὲ
639 2731 803 2776 OAIV
920 2734 973 2773 13
1000 2727 1024 2774 ὃ
1050 2730 1082 2772 Ι
1105 2733 1110 2782 Ι
1139 2727 1224 2786 γὰρ
1251 2744 1326 2772 om
1351 2731 1387 2774 I
1502 2735 1555 2772 14
1581 2729 1726 2772 αὐτοῦ
1758 2730 1789 2773 Ι

154 2788 298 2832 αὐτὸν
330 2789 371 2831 V
395 2791 401 2846 Ι
430 2790 575 2834 αὐτὸν
600 2791 634 2833 Ι
758 2794 811 2832 15
838 2784 937 2832 οἶδε
964 2789 1007 2831 Β
1032 2788 1113 2831 sed
1139 2805 1155 2831 ι
1180 2789 1228 2830 et
1252 2804 1272 2831 ε
1298 2788 1345 2831 in
1369 2801 1445 2831 ras
1468 2787 1538 2831 m’
1659 2792 1713 2831 16
1739 2790 1846 2844 post

153 2861 198 2889 τι
220 2845 391 2891 lacuna
416 2853 532 2892 3-4
555 2848 636 2892 litt
660 2849 703 2891 V
815 2852 867 2890 17
894 2846 1031 2904 εῧρης
1058 2847 1095 2891 C
1207 2851 1260 2890 18
1285 2845 1467 2902 ἀφότου
1492 2848 1536 2893 Β
1645 2851 1699 2890 19
1723 2847 1844 2901 πρώ-

48 2902 69 2969 1}
153 2920 234 2949 του
266 2905 333 2950 Re
483 2911 541 2951 20
572 2905 834 2963 ἀμφότεραι
865 2906 967 2949 Mor
1124 2910 1176 2948 12
1210 2904 1234 2949 ὁ
1268 2906 1349 2964 (2)]
1383 2904 1407 2950 ὃ
1439 2907 1482 2950 A
1576 2903 1600 2949 ὅ
1633 2906 1802 2949 PIBV
1834 2906 1840 2964 Ι

63 3005 76 3023 ⁶
153 2963 205 3007 δὲ
237 2964 328 3008 edd
449 2970 504 3009 22
538 2964 778 3017 διατέλους
807 2966 1000 3010 APBV
