1992 3094
201 136 322 179 LXH
743 135 1081 180 PRAEFATIO
1116 134 1351 179 CRITICA

200 275 315 334 τοὺς
354 272 530 333 ἄλλους
569 274 712 338 ἐξείη,
753 273 829 323 σοὶ
869 269 914 322 δ’
952 272 1094 324 ὁπότε
1133 273 1237 338 εῖης
1275 273 1472 338 ἐνθάδε,
1513 274 1800 324 διαιτᾶσθαί
1834 294 1883 325 τε

201 347 253 397 ἕν
286 348 480 407 οἰκείοις
510 352 606 397 κτλ.
675 348 1032 397 Herwerdenus
1065 355 1154 397 σοῦ
1186 353 1299 410 post
1330 349 1531 397 πολίτου
1570 349 1884 398 inserendum

201 423 354 483 duxit,
394 427 446 471 at
486 439 543 471 ex
583 422 981 471 antecedentibus
1019 439 1108 484 per
1146 438 1195 471 se
1235 423 1555 486 intellegitur.

899 554 985 603 Or.
1026 555 1181 603 XXII.

306 661 352 707 p.
381 645 543 705 479,ss
578 636 632 692 εὗ
664 651 821 692 ποιῶν
852 643 1022 692 τοίνυν
1055 643 1286 692 διατελῶν
1317 642 1528 702 πολλοὺς
1559 641 1648 708 μὲν
1679 641 1881 709 ἄνδρας,

198 718 288 767 οὐκ
327 715 490 783 ὀλίγας
529 714 581 766 δὲ
627 717 789 776 πόλεις
835 715 916 766 καὶ
961 724 1059 766 τῶν
1104 716 1157 766 ἐν
1204 722 1304 776 τοῖς
1343 717 1510 776 ὅπλοις
1549 717 1663 777 τοὺς
1701 714 1878 783 ἠτυχη-

196 793 340 851 κότας
378 799 535 840 ποιῶν
573 789 805 855 ἀμείνους
845 795 948 850 ταῖς
985 791 1237 856 τιμωρίαις
1276 795 1458 855 μᾶλλον
1497 789 1529 855 ἢ
1570 791 1882 857 διαφθείρων

195 865 393 930 ἀνέσχεν
437 862 565 929 ἡμᾶς
611 864 713 914 τότε
754 863 1149 929 βαπτιζομένους.
1226 862 1410 929 <τοὺς>
1449 864 1595 929 μήπω
1643 870 1880 930 μεθεστη-

195 940 339 998 κότας
376 937 568 1003 κατέσχε
607 937 688 987 καὶ
726 938 864 1001 τούς,
910 938 1042 1004 εἴπερ
1082 937 1175 988 οὐκ
1213 938 1360 998 αὐτὸς
1398 937 1643 1003 ἠλπίζετο,
1682 939 1879 998 πάντως

195 1011 257 1061 ἂν
296 1012 476 1072 αὑτοὺς
506 1012 709 1070 πλάνοις
741 1012 916 1071 δόντας
947 1011 1134 1061 ἔπεισεν
1165 1011 1424 1076 ὑπομεῖναι
1465 1012 1556 1076 τὴν
1587 1013 1877 1078 παρουσίαν.

197 1087 389 1136 Sufficit
420 1088 551 1150 quod
578 1089 764 1136 inserui
794 1085 922 1147 τοὺς,
958 1103 1074 1134 nam
1106 1089 1381 1135 enuntiatio
1413 1085 1526 1144 τοὺς
1555 1086 1700 1150 μήπω
1734 1091 1879 1151 μεθε-

195 1162 428 1224 στηκότας
465 1159 658 1225 κατέσχε
706 1161 895 1222 aliquid
935 1163 1053 1210 novi
1090 1163 1295 1224 ingerit,
1341 1177 1439 1209 non
1485 1177 1685 1209 causam
1729 1178 1878 1209 enun-

192 1237 417 1284 tiationis
449 1235 781 1300 antecedentis
814 1237 1046 1295 continet,
1085 1236 1137 1282 id
1177 1235 1307 1296 quod
1347 1237 1646 1283 statueretur
1683 1251 1879 1284 necesse

194 1312 333 1370 esset,
373 1312 415 1356 si
453 1311 783 1357 coniecturam
815 1308 1007 1357 Reiskii
1044 1307 1159 1367 τοὺς
1193 1306 1284 1374 γὰρ
1325 1307 1470 1372 μήπω
1511 1324 1621 1356 cum
1651 1309 1876 1359 Herwer-

193 1383 316 1430 deno
371 1383 604 1446 amplecti
648 1383 898 1431 vellemus.
976 1383 1217 1431 Fortasse
1251 1384 1419 1430 tamen
1463 1383 1639 1431 melius
1687 1399 1878 1431 comma

195 1473 343 1518 quam
381 1459 619 1519 punctum
658 1458 771 1518 post
808 1454 1190 1520 βαπτιζομένους
1229 1458 1452 1518 ponetur.

302 1547 348 1591 p.
375 1532 575 1592 479‚12
623 1528 694 1577 ὅτι
734 1527 785 1578 δὲ
823 1525 971 1578 ταῦθ’
1008 1529 1163 1588 οὕτως
1202 1524 1341 1594 εἶχεν,
1381 1525 1535 1597 ᾤοντο
1576 1527 1664 1593 μὲν
1705 1531 1757 1579 οἱ
1790 1537 1876 1595 τῆς

191 1601 426 1667 ἀληθείας
464 1601 792 1668 ἡμαρτηκότες
834 1597 901 1651 δι’
935 1602 1120 1668 ἐρήμης
1159 1600 1247 1667 μὲν
1286 1611 1372 1668 τῆς
1420 1601 1538 1652 ὁδοῦ
1586 1603 1670 1653 τὸν
1718 1601 1874 1669 ἄνδρα

192 1684 288 1725 τῶν
326 1680 495 1725 πυλῶν
535 1677 769 1738 ἅψεσθαι.
839 1678 1039 1726 Reiskio
1071 1676 1175 1726 τοδὶ
1211 1677 1470 1743 τεκμήριον
1510 1681 1595 1725 aut
1637 1671 1730 1727 ὦδε
1762 1691 1875 1727 σκο-

191 1755 320 1799 πεῖτε
376 1755 489 1813 post
541 1745 666 1815 εἶχεν
719 1752 952 1800 excidisse
1007 1752 1269 1799 conicienti
1321 1768 1398 1799 me
1452 1753 1683 1799 assentiri
1734 1752 1876 1800 nulla

191 1825 364 1873 vocula
404 1825 622 1874 indicavi
659 1842 816 1887 neque
854 1825 1211 1874 Herwerdenus
1252 1827 1493 1887 suspicari
1531 1826 1714 1874 debuit.

301 1915 348 1960 p.
375 1900 539 1960 481‚2
573 1893 697 1947 εἶναι
737 1896 788 1947 δὲ
824 1897 915 1947 οὐκ
955 1898 1062 1948 ἴσον
1103 1893 1199 1947 ὦτα
1238 1896 1320 1947 καὶ
1360 1895 1563 1962 ὄμματα.
1632 1899 1875 1948 Herodoti

190 1972 339 2020 verba
389 1972 413 2019 I
454 1974 500 2034 8,
520 1975 549 2019 2
603 1966 700 2020 ὦτα
754 1972 977 2037 τυγχάνει
1030 1971 1341 2038 ἀνθρώποισι
1394 1971 1534 2022 ἐόντα
1588 1971 1875 2038 ἀπιστότερα

193 2042 469 2109 ὀφθαλμῶν
507 2048 684 2114 respici
714 2046 1068 2095 Herwerdenus
1102 2047 1373 2107 adnotavit,
1413 2047 1497 2094 sed
1537 2048 1686 2095 etiam
1717 2046 1871 2095 Hera-

194 2120 301 2167 cliti
339 2119 523 2167 dictum
565 2117 644 2185 (fr.
678 2121 719 2168 B
756 2123 819 2168 17
856 2121 927 2168 ed.
961 2115 1124 2187 Diels)
1165 2121 1383 2168 omnium
1420 2123 1473 2167 in
1513 2137 1595 2168 ore
1636 2124 1754 2168 erat.

301 2210 346 2253 p.
374 2195 573 2253 483,16
615 2191 639 2241 ὃ
680 2191 731 2242 δὲ
771 2192 926 2242 ἐδόκει
965 2191 1090 2242 τισὶν
1129 2193 1218 2258 οὐχ
1257 2191 1408 2242 αὑτοῦ
1447 2198 1607 2242 ποιεῖν
1646 2193 1715 2253 εἰς
1755 2191 1870 2258 ὃμο-

189 2266 357 2331 λογίαν
389 2264 589 2315 ἕκαστον
623 2274 709 2314 τοῦ
741 2274 827 2331 τῆς
858 2265 1051 2326 ἀδικίας
1083 2265 1353 2332 σπέρματος
1384 2267 1692 2316 κατακλείων.
1746 2267 1870 2315 Her—

187 2340 439 2388 werdenus
472 2339 559 2404 οὐχ
591 2339 742 2388 αὑτοῦ
765 2359 818 2399 ,τι
851 2343 1073 2401 coniecit,
1113 2344 1166 2389 at
1196 2341 1249 2388 id
1280 2357 1309 2388 a
1342 2356 1561 2389 sermone
1593 2341 1870 2389 Libaniano

188 2413 402 2460 alienum
427 2417 513 2461 est.
563 2413 616 2460 Si
642 2415 758 2475 quid
783 2415 1088 2475 mutandum,
1113 2413 1173 2462 οὐ
1194 2413 1246 2463 τὸ
1268 2413 1420 2462 αὑτοῦ
1445 2415 1754 2463 scribendum
1779 2418 1866 2463 est.

298 2504 344 2548 p.
386 2487 549 2547 487,5
590 2486 685 2536 ἔδει
725 2487 785 2551 δὴ
826 2486 957 2553 παρὰ
996 2495 1081 2536 τοῦ
1121 2494 1269 2535 ταῦτα
1308 2486 1653 2551 ἐψηφισμένου
1693 2487 1744 2536 τὸ
1785 2486 1868 2536 καὶ

187 2564 250 2626 τῷ
286 2561 614 2628 βουλευτηρίῳ
654 2565 884 2625 χρῆσθαι,
923 2565 1080 2625 τοῖχος
1118 2557 1170 2609 δὲ
1209 2555 1278 2619 εἷς
1317 2559 1523 2624 ἀμφοῖν,
1563 2559 1796 2627 εὑρέσθαι
1834 2557 1867 2625 ἢ

187 2629 501 2681 ἀπολωλέναι.
577 2634 689 2681 Non
739 2650 787 2682 se
836 2635 1060 2696 expedire
1106 2635 1225 2683 haec
1275 2635 1424 2684 verba
1475 2635 1595 2683 dicit
1644 2635 1866 2682 Herwer-

187 2706 359 2766 denus,
399 2706 482 2754 sed
521 2711 635 2755 sunt
675 2709 1041 2769 simplicissima
1081 2702 1174 2774 (=
1207 2723 1391 2756 necesse
1429 2713 1532 2757 erat
1578 2710 1638 2756 ab
1687 2723 1737 2756 eo
1783 2711 1868 2768 qui

186 2780 300 2828 haec
345 2781 615 2828 decreverat
659 2783 875 2829 wanciscz'
921 2785 1063 2830 etiam
1108 2796 1251 2829 usum
1296 2783 1532 2837 senaculi,
1581 2783 1658 2830 cui
1694 2784 1866 2842 paries

188 2857 291 2900 erat
321 2857 584 2901 commu-nis
615 2869 719 2901 cum
755 2870 956 2907 carcere,
997 2858 1084 2902 aut
1109 2849 1311 2918 perire).
1381 2856 1484 2903 Nec
1516 2855 1664 2903 altior
1696 2870 1864 2903 sensus

186 2927 237 2973 in
277 2928 384 2974 ioco
425 2926 482 2973 de
522 2927 775 2975 Ellebicho
807 2945 851 2989 p.
888 2929 1052 2988 491,9
1095 2930 1295 2976 narrato
1336 2929 1641 2990 quaerendus
1681 2932 1766 2976 est.
