1992 3094
195 142 266 194 26
698 141 926 185 LIBANII
959 140 1182 186 ORATIO
1215 140 1386 185 XXVII

193 297 251 330 τε
290 275 380 330 καὶ
421 277 610 330 δεινὸν
649 273 816 330 οὐδὲν
849 276 1065 347 ἐχούσῃ,
1103 287 1215 330 τῶν
1254 276 1617 330 ἀτοπωτάτων
1649 276 1737 329 καὶ
1769 275 1878 329 τότ’

193 365 263 419 ἂν
309 367 448 435 ἡγοῦ
498 365 762 429 δέξασθαι
814 367 915 434 τὴν
969 364 1195 430 ἐλάττω;
1251 366 1424 427 οὕτως
1471 364 1621 418 ἐστὶν
1653 363 1887 434 Ἰκάριος

193 458 467 524 φρόνιμος
505 456 593 507 καὶ
627 455 860 507 δύναται
891 456 958 506 τὰ
995 451 1098 521 μὲν
1129 464 1278 507 νοῶν
1310 454 1489 522 αὐτός,
1527 455 1594 506 τὰ
1626 450 1687 505 δὲ
1721 451 1884 525 ἑτέρῳ

193 546 525 613 πειθόμενος
565 543 870 610 εὐδαίμονα
909 552 1091 596 ποιεῖν
1129 544 1229 595 τὸν
1268 542 1589 612 ἀρχόμενον.

148 654 167 686 5
305 633 354 685 6.
381 630 610 702 ”Έτερον
648 634 843 685 τοίνυν
882 632 1165 684 ἀκούσατε.
1241 639 1340 684 τοῦ
1382 637 1544 701 λιμοῦ
1584 632 1685 699 τὴν
1723 632 1886 684 πόλιν

191 722 323 790 ἡμῖν
361 730 591 790 πτωχῶν
631 720 1057 788 ἐμπεπληκότος,
1098 716 1176 773 ὧν
1217 721 1269 773 οἱ
1308 721 1411 789 μὲν
1450 719 1509 773 ἐκ
1548 729 1660 773 τῶν
1699 720 1886 790 ἀγρῶν

192 809 501 878 ἀνέστησαν
540 810 643 862 οὐκ
683 810 851 877 οὔσης
890 810 1080 872 αὐτοῖς
1119 806 1250 861 οὐδὲ
1288 811 1425 871 πόας
1456 807 1518 861 ἔν
1549 828 1610 876 γε
1643 817 1884 878 χειμῶνι,

192 900 244 952 οἱ
285 895 345 951 δὲ
383 901 571 961 πόλεις
609 900 706 960 τὰς
745 897 928 951 αὑτῶν
966 901 1446 965 καταλελοίπεσαν,
1493 898 1581 950 καὶ
1622 899 1886 966 βοηθείας

192 988 381 1050 αὐτοῖς
419 1007 571 1050 τινος
610 987 669 1039 ἐκ
708 995 808 1039 τοῦ
850 988 1206 1056 δικαστηρίου
1246 987 1392 1055 παρὰ
1430 994 1526 1054 τῆς
1558 986 1884 1052 Εὐμολπίου

124 1097 167 1129 10
192 1077 618 1145 φιλανθρωπίας
690 1074 991 1144 εὑρημένης
1059 1075 1547 1144 παρακαλούμενος
1615 1074 1707 1127 ὑπ’
1751 1073 1883 1143 ἐμοῦ

191 1165 326 1233 πρὸς
365 1165 431 1216 τὰ
471 1164 608 1216 αὐτὰ
649 1164 839 1217 δεινὸν
878 1158 1022 1216 εἶναι
1062 1163 1337 1232 λέγοντος,
1378 1165 1425 1216 εἰ
1462 1172 1557 1232 τῆς
1597 1163 1886 1227 ἐλάττονος

191 1252 359 1322 ἀρχῆς
403 1253 436 1321 ἡ
491 1255 687 1321 μείζων
743 1251 803 1305 ἐν
848 1254 1079 1324 τοιούτῳ
1134 1258 1305 1323 καιρῷ
1361 1261 1615 1321 φανεῖται
1669 1254 1883 1322 χείρων,

189 1349 416 1394 τοιαῦτα
478 1341 699 1394 ἀκούων
759 1342 861 1410 τὴν
921 1343 1249 1410 θαυμαστὴν
1312 1340 1528 1409 ἐκείνην
1590 1341 1885 1411 ἀπόκρισιν

191 1429 480 1498 ἐποιήσατο
523 1430 551 1484 ὁ
585 1439 839 1498 γενναῖος
871 1431 1121 1498 ποιητής·
1161 1417 1447 1499 μισεῖσθαι
1480 1431 1583 1499 γὰρ
1624 1430 1749 1483 ὑπὸ
1773 1441 1884 1484 τῶν

123 1539 164 1572 15
189 1524 341 1572 θεῶν
394 1519 636 1581 ἅπαντας
691 1521 795 1587 ἔφη
850 1521 981 1581 τοὺς
1034 1520 1337 1581 τοιούτους.
1424 1519 1470 1572 7.
1529 1519 1737 1572 οὐκοῦν
1792 1540 1884 1589 φι-

190 1611 410 1660 λεῖσθαι
448 1610 641 1676 φήσεις
671 1608 780 1660 ὑπὸ
813 1617 924 1660 τῶν
956 1613 1108 1660 θεῶν
1138 1611 1268 1670 τοὺς
1300 1612 1678 1670 πλουτοῦντας
1709 1609 1882 1662 ἅπαν-

188 1716 304 1759 τας;
359 1694 422 1748 ἐν
460 1695 526 1748 δέ
568 1715 629 1764 γε
667 1697 884 1758 τούτοις
931 1697 1072 1748 εἰσὶν
1121 1697 1179 1748 οἴ
1221 1716 1278 1749 τε
1325 1695 1751 1750 καταποντισταὶ
1791 1696 1881 1750 καὶ

190 1786 248 1837 οἱ
289 1786 423 1837 κατὰ
471 1792 577 1852 γῆν
622 1783 854 1847 ἐκείνοις
900 1783 1138 1846 ἐοικότες
1184 1787 1241 1837 οἳ
1283 1780 1363 1837 ὧν
1409 1784 1479 1837 ἂν
1526 1785 1882 1855 ἀποσφάξωσι

189 1874 255 1925 τὰ
294 1875 540 1942 χρήματα
578 1871 779 1941 ἔχουσι.
841 1873 931 1926 καὶ
972 1873 1111 1935 ὅλως
1149 1875 1278 1935 τοὺς
1318 1873 1683 1942 ἀδικωτέρους
1723 1875 1882 1943 εὑρή-

122 1982 165 2014 20
189 1976 357 2030 σομεν
405 1960 831 2031 εὐπορωτέρους.
911 1958 1079 2013 οὐδὲν
1125 1957 1230 2014 οὖν
1274 1960 1464 2030 ἕτερον
1513 1962 1687 2029 λέγεις
1725 1963 1757 2031 ἢ
1799 1963 1881 2016 ὅτι

99 2063 308 2106 RH114
355 2053 584 2119 φιλοῦσι
634 2053 765 2113 τοὺς
802 2049 1208 2120 πονηροτέρους
1265 2048 1271 2120 Ι
1330 2051 1382 2102 οἱ
1421 2049 1546 2103 θεοὶ
1587 2051 1676 2103 καὶ
1715 2051 1882 2120 πένης

189 2140 328 2201 ἅπας
375 2138 406 2206 ἢ
454 2139 544 2190 καὶ
591 2137 703 2191 κατ’
740 2139 872 2191 ἄλλο
928 2158 981 2191 τι
1036 2139 1325 2207 δυστυχῶν
1381 2138 1580 2207 ἐχθρὸς
1635 2138 1878 2202 ἐκείνοις.

309 2348 334 2386 9
368 2343 424 2386 cf.
443 2347 654 2399 p.31‚15.
689 2357 750 2386 or.
770 2342 870 2385 XLI
900 2342 993 2385 t.11
1018 2347 1102 2386 364
1118 2357 1183 2397 sq.
1219 2347 1318 2396 369,
1337 2347 1389 2386 13
1407 2343 1461 2386 R.
1527 2343 1703 2387 Sievers
1728 2359 1773 2400 p.
1795 2349 1877 2387 167

251 2406 305 2444 14
338 2402 394 2446 of.
428 2404 460 2446 t.
479 2403 499 2444 I
527 2406 622 2457 182,
643 2407 748 2456 9sq.
783 2403 830 2444 et
861 2401 984 2445 infra,
1017 2415 1079 2445 or.
1106 2401 1296 2445 XXVIII
1326 2416 1371 2457 p.
1390 2406 1462 2457 48,
1482 2406 1506 2444 2

311 2599 332 2637 1
369 2593 559 2652 ἐχούσης
584 2593 668 2637 Mo
688 2593 783 2636 sed.
815 2611 837 2643 ς
869 2607 970 2637 eras
1124 2598 1146 2636 7
1188 2593 1332 2648 αὐτῆς
1365 2594 1449 2638 ΜΟ
1473 2594 1574 2637 Mor
1602 2596 1606 2650 Ι
1634 2597 1819 2651 λειμῶνι
1850 2596 1885 2638 Ι

189 2653 271 2696 sed
302 2655 325 2695 λ
356 2666 431 2696 ras
463 2666 487 2695 e
520 2670 545 2710 χ
580 2666 692 2706 corr,
725 2652 827 2694 Mor
967 2656 992 2695 8
1025 2652 1199 2703 πόλεως
1230 2652 1332 2695 Mor
1359 2657 1363 2706 Ι
1393 2653 1546 2696 αὐτῶν
1578 2654 1692 2697 ΙΜο
1717 2653 1820 2697 Mor

192 2717 244 2754 13
280 2709 467 2755 ἐκείνων
498 2710 600 2754 Mor
753 2716 806 2754 14
837 2718 930 2755 τῶν
963 2726 1038 2755 om
1072 2713 1139 2756 Va
1162 2711 1231 2754 Re
1377 2716 1430 2754 15
1464 2711 1686 2756 ἁπάντων
1721 2713 1877 2756 VaMo

189 2770 280 2813 edd
433 2774 486 2813 18
519 2768 573 2814 ὃν
607 2771 651 2813 V
676 2770 756 2814 sed
789 2788 823 2813 ω
857 2784 997 2826 supra
1030 2786 1053 2814 ο
1087 2784 1158 2814 scr
1181 2770 1250 2812 m²
1289 2773 1294 2826 Ι
1330 2767 1389 2814 ἂν
1421 2770 1594 2813 inserui
1628 2785 1653 2814 e
1684 2770 1816 2814 libris

190 2842 266 2871 om
283 2830 374 2871 edd
483 2834 536 2872 19
561 2829 670 2880 τοὺς
695 2855 747 2860 --
775 2833 830 2872 20
856 2829 1202 2885 εὐπορωτέρους
1226 2829 1342 2872 citat
1359 2829 1518 2872 Macar
1533 2829 1611 2873 fol.
1625 2834 1678 2872 89
1709 2832 1714 2886 Ι
1743 2829 1875 2885 εὑρή-

189 2902 338 2943 σωμεν
370 2889 415 2932 Β
485 2886 691 2943 εὑρήσεις
721 2885 796 2931 ἀεί
826 2890 931 2943 post
964 2887 1307 2942 εὐπορωτέρους
1337 2888 1497 2931 Macar
1647 2893 1702 2932 20
1736 2887 1874 2933 οὐδὲν

190 2972 245 2978 ——
279 2952 332 2989 21
365 2945 707 3003 πονηροτέρους
738 2961 812 2990 om
836 2947 938 2990 Mor
1058 2951 1111 2990 21
1147 2945 1180 2990 ὦ
1214 2947 1316 2990 Mor
1347 2947 1428 2990 sed
1460 2965 1514 3004 γρ
1541 2946 1585 2991 οἱ
1615 2947 1664 2989 in
1688 2960 1823 3004 marg
