1992 3094
24 1663 41 1715 21'

367 137 597 182 LIBANII
627 137 854 184 ORATIO
886 139 969 183 AD
1001 138 1220 186 DICERE
1253 142 1569 189 NOLENTES
1704 148 1813 200 209

960 1007 1006 1072 s
1163 1135 1464 1450 Α

864 1516 941 1560 Mo

222 1697 297 1746 De
345 1698 528 1747 codicis
577 1698 618 1746 Ο
669 1700 831 1761 pretio
878 1700 1067 1747 minore
1112 1699 1244 1747 idem
1296 1699 1427 1762 quod
1478 1700 1529 1747 in
1581 1702 1808 1749 oratione

105 1770 329 1820 XXXIII
366 1774 418 1820 et
456 1773 777 1834 sequentibus
820 1765 904 1839 (cf.
936 1790 983 1836 p.
1013 1767 1142 1840 164)
1186 1774 1330 1822 valet.

221 1845 335 1894 Duo
366 1848 565 1894 tantum
596 1847 694 1895 loci
725 1862 756 1895 a.
785 1847 1039 1895 Maximo
1070 1841 1390 1913 Planudel)
1424 1850 1641 1910 excerpti
1672 1851 1802 1896 sunt.

221 1917 394 1969 Oratio
432 1923 650 1982 primum
688 1936 718 1968 a.
756 1921 871 1969 Fed.
897 1921 1152 1969 Morello
1191 1920 1298 1970 Lib.
1332 1936 1442 1983 opp.
1475 1925 1511 1969 t.
1536 1921 1587 1969 H
1618 1938 1665 1984 p.
1695 1923 1798 1970 633

38 1989 49 2028 ‘'-
109 1993 294 2042 —636
334 2009 358 2042 e
389 1995 546 2044 codice
578 1995 825 2043 Bavarico
863 1995 896 2043 i.
921 2011 960 2043 e.
1001 2011 1059 2043 ex
1091 1995 1379 2058 apographo
1419 1995 1600 2044 codicis
1630 1994 1802 2043 Mona-

106 2068 266 2117 censis
291 2068 425 2116 edita
450 2071 539 2131 est,
571 2069 657 2118 sed
686 2069 919 2118 mendose
944 2069 1210 2117 admodum
1240 2085 1512 2131 parumque
1540 2070 1732 2133 integre
1744 2062 1799 2134 ²).

110 2139 242 2189 Nam
279 2141 443 2190 media.
481 2144 535 2191 in
573 2143 708 2191 linea
746 2143 909 2191 verbis
948 2136 1052 2190 ἀλλ’
1082 2140 1134 2191 ἕν
1169 2146 1235 2210 τῷ
1275 2141 1371 2208 (=
1395 2135 1687 2209 p.214,17)
1720 2141 1799 2189 de-

107 2215 197 2263 siit
243 2216 486 2264 adnotans
532 2216 683 2265 λείπει
728 2213 889 2265 τᾶλλα.
968 2215 1117 2264 Cuius
1164 2218 1429 2278 postquam
1471 2216 1630 2264 multa
1675 2216 1800 2263 vitia

106 2286 378 2338 divinando
409 2290 614 2338 sustulit
643 2291 926 2339 Reiskius
950 2290 1448 2338 Animadversionum
1480 2289 1729 2338 volumine
1754 2289 1799 2334 V

32 2365 46 2389 ³·
106 2377 157 2424 p.
198 2364 518 2425 434—435‚
579 2364 767 2427 primus
831 2364 1096 2412 editionem
1156 2364 1403 2428 integram
1463 2379 1488 2411 e
1550 2362 1798 2411 codicibus
1901 2370 1917 2377 “’

109 2433 402 2500 Augustano
443 2441 493 2486 et
529 2438 812 2486 Monacensi
851 2437 1193 2500 praeparavit,
1233 2453 1358 2499 quae
1398 2437 1460 2484 ab
1500 2452 1649 2485 uxore
1687 2440 1722 2483 t.
1748 2436 1797 2483 11

109 2524 159 2572 p.
186 2511 475 2560 284—295
515 2512 651 2575 typis
691 2512 953 2560 commissa
992 2514 1078 2559 est.
1156 2511 1215 2558 In
1252 2511 1380 2559 hano
1426 2511 1578 2558 etiam
1616 2525 1799 2573 magna

44 2583 71 2654 ,ᾖ
107 2597 226 2645 pars
258 2588 488 2633 notarum
512 2586 1011 2634 Animadversionum
1036 2586 1248 2633 transiit.
1319 2583 1484 2632 Pauca
1508 2583 1798 2647 corrigenda.

41 2663 63 2703 ³
107 2656 314 2719 reliquit
354 2658 589 2707 Sinteni
628 2661 678 2708 et
717 2658 952 2708 Cobeto.

231 2785 274 2840 1)
307 2782 374 2828 cf.
399 2784 472 2828 t.1
495 2799 540 2842 p.
562 2789 629 2828 73.

231 2844 273 2899 2)
306 2839 372 2886 Cf.
397 2858 442 2900 p.
463 2848 548 2887 164
579 2845 627 2887 et
657 2846 690 2888 t.
715 2843 756 2886 Π
787 2859 832 2901 p.
859 2847 958 2887 537.

197 3025 399 3061 manuus
422 3028 480 3061 ed.
502 3029 741 3062 Fosi-ster.
779 3030 852 3062 m.
1474 3022 1529 3061 14
