1992 3094
179 164 285 216 326
702 159 928 203 LIBANH
960 158 1183 202 ORATIO
1217 158 1339 201 XLII

177 299 357 367 μένων
419 295 507 350 καὶ
570 297 701 365 ἡμῖν
763 297 941 348 ὄντων
1003 297 1207 364 φίλων,
1272 289 1431 356 οὗτός
1492 313 1548 347 τε
1611 295 1809 362 μαθὼν
1860 292 1863 365 Ι

90 401 292 443 RH411
329 386 499 439 αὑτὸν
553 384 622 436 ἂν
675 381 774 447 ἔξω
830 384 1097 451 θορύβων
1153 382 1339 435 ἐποίει.
1425 384 1473 435 εἰ
1525 381 1571 435 δ’
1619 382 1867 450 οὐδαμοῦ

177 478 428 542 φαίνεται
468 474 733 542 μεταστὰς
772 470 892 524 οὐδ’
925 471 1200 540 ἀφανίσας
1240 470 1431 539 αὑτόν,
1482 464 1565 533 οἷς
1612 473 1869 536 ἔπραττες

177 565 403 632 ὕβριζες.

133 675 151 705 5
287 652 372 704 38.
437 650 718 718 ’Ἑδεισα,
775 652 935 717 φησί,
989 650 1105 717 τὴν
1159 650 1410 717 βουλὴν
1463 650 1542 717 μὴ
1606 647 1868 717 δόξαιμι

175 750 298 794 τῶν
336 739 648 793 τάναντία
694 738 852 807 αὐτῇ
899 739 1324 807 πραττόντων
1372 733 1544 789 εἶναι
1591 735 1694 789 καὶ
1743 743 1870 789 τῶν

177 829 334 898 αὐτῇ
375 830 757 897 πρεπόντων
796 826 1159 895 ὀλιγωρεῖν.
1230 825 1336 894 ἐγὼ
1371 824 1421 878 δ’
1450 826 1524 888 ὡς
1553 822 1656 894 μὲν
1687 825 1870 887 οὐδεὶς

175 919 350 989 τούτῳ
407 919 569 984 λόγος
623 913 753 969 οὐδὲ
812 916 1034 984 σφόδρα
1094 922 1188 983 τῆς
1251 918 1456 983 βουλῆς
1517 914 1870 984 ὀργιζομένης

177 1006 575 1074 ἀγανακτοῦντι
630 1011 703 1076 τῷ
751 1005 823 1072 μὴ
879 1005 1012 1070 μετὰ
1064 1013 1175 1056 τῶν
1228 1009 1381 1056 θεῶν
1443 1005 1641 1071 οἰκεῖν,
1704 1002 1867 1056 ἐάσω·

111 1117 152 1148 10
177 1093 352 1147 ἐκεῖνο
402 1091 461 1147 δὲ
508 1093 681 1162 ἡδέως
728 1092 797 1145 ἂν
846 1094 1077 1162 εἰδείην,
1133 1089 1174 1145 ὦ
1230 1095 1484 1161 βασιλεῦ,
1539 1094 1621 1155 τίς
1676 1091 1745 1145 ἂν
1801 1089 1870 1161 ἦν

178 1184 321 1236 αἰτία
354 1181 467 1236 κατ’
500 1183 673 1236 αὐτοῦ
707 1190 770 1252 τῇ
804 1184 979 1251 βουλῇ
1013 1183 1435 1250 σεσιωπηκότος;
1473 1181 1504 1250 ἢ
1537 1182 1672 1234 κατὰ
1703 1183 1869 1234 ποίαν

178 1271 421 1340 ἀνάγκην
453 1264 605 1324 εἶπεν
645 1271 677 1323 ἃ
717 1278 823 1323 νῦν
857 1276 1060 1339 εἰ’ρηκε;
1099 1273 1181 1333 τίς
1221 1268 1270 1322 δ’
1302 1271 1404 1322 οὐκ
1436 1269 1505 1322 ἂν
1537 1270 1709 1323 αὐτὸν
1739 1269 1870 1323 ὑπέ-

177 1363 343 1427 λαβεν
397 1360 621 1427 ἀγνοεῖν
674 1360 772 1412 τὸν
827 1359 1154 1428 ἄνθρωπον;
1209 1362 1267 1411 τι’
1317 1357 1365 1411 δ’
1406 1359 1575 1412 αὐτὸν
1630 1358 1869 1411 ἐκώλυεν

178 1449 308 1500 αὐτὸ
366 1447 507 1501 τοῦτ’
558 1450 757 1516 εἰπεῖν,
821 1449 894 1510 ὡς
948 1447 1159 1515 ἀγνοεῐ;
1209 1437 1305 1510 ’τίς
1364 1446 1414 1500 δ’
1460 1447 1530 1501 ἂν
1583 1446 1868 1516 ἐξήλεγχεν

114 1557 152 1589 15
178 1538 420 1601 εἰπόντας
469 1537 553 1590 39.
585 1539 735 1609 πόσῳ
769 1535 817 1589 δ’
851 1536 920 1589 ἂν
951 1533 1021 1605 ἧν
1053 1536 1229 1590 ἐκεῖνο
1262 1537 1493 1589 κάλλιον
1525 1536 1868 1603 ἐπιστομίσαι

175 1627 274 1678 τὸν
304 1624 567 1679 Ὀπτάτον
613 1625 881 1679 ἀνελόντα
926 1627 1020 1688 τὰς
1059 1628 1408 1694 βλασφημίας
1452 1635 1514 1696 τῇ
1555 1626 1692 1695 πρὸς
1731 1624 1869 1693 ἡμᾶς

180 1716 492 1767 Θαλασσίου
526 1718 706 1784 φιλίας
747 1716 794 1767 εἰ
827 1713 876 1766 δ’
909 1710 1013 1767 οὗν
1051 1715 1141 1767 καὶ
1175 1715 1395 1784 σφόδρα
1427 1713 1685 1783 ἐβούλετο
1719 1715 1866 1781 Πρό-

176 1806 304 1864 κλος
357 1803 527 1855 ταύτὰ
582 1813 812 1871 φρονῶν
860 1802 1098 1875 Ὀπτάτῳ
1160 1803 1284 1873 περὶ
1347 1804 1549 1856 τούτου
1606 1810 1866 1872 φανῆναι,

176 1891 345 1943 ταύτὰ
399 1890 753 1959 φθέγξασθαι
808 1900 946 1961 χρῆν
1000 1890 1190 1964 ἐκείνῳ
1249 1891 1352 1944 κάν
1406 1901 1524 1954 ταῖς
1577 1893 1868 1961 μαχαίραις

111 1999 153 2031 ‘20
179 1987 384 2046 στῆναι.
462 1980 646 2049 ὕβριζε
685 1981 786 2047 μὲν
826 1982 928 2049 γὰρ
971 1979 1041 2034 ἂν
1078 1979 1167 2034 καὶ
1209 1981 1351 2033 οὕτω
1393 1981 1755 2048 ψευδόμενος,
1799 1980 1865 2032 οὐ

177 2068 284 2135 μὴν
323 2068 394 2130 ὡς
433 2077 540 2121 νῦν
579 2089 653 2136 γε.
732 2070 971 2138 ὑβρίζων
1010 2067 1070 2122 δὲ
1118 2069 1334 2123 ἐκεῖνον
1372 2067 1491 2122 οὐδ’
1524 2069 1677 2138 ἡμῶν
1717 2069 1865 2121 ἀπεί-

178 2175 297 2222 χετο
344 2166 453 2208 τῶν
499 2156 622 2226 περὶ
669 2161 929 2210 πλείστου
985 2159 1083 2210 τὸν
1134 2158 1449 2211 Θαλάσσιον
1502 2157 1865 2227 ποιουμένων.

87 2254 294 2298 RH412
372 2245 456 2296 40.
529 2245 535 2313 Ι
574 2239 712 2298 Οἷον
752 2247 1055 2313 ἄνθρωπον
1095 2248 1171 2310 εἰς
1211 2247 1378 2315 ἀρχὰς
1417 2247 1589 2314 ἄγεις,
1630 2243 1671 2299 ὦ
1711 2249 1866 2314 βασι-

295 2408 349 2446 23
384 2417 453 2460 ep.
482 2410 578 2448 857.
615 2405 711 2448 Zos.
738 2406 799 2448 IV
818 2411 886 2449 45.
937 2406 1045 2450 Cod.
1073 2407 1246 2450 Theod.
1272 2407 1335 2450 IV
1353 2412 1452 2461 4‚2;
1494 2407 1599 2449 XIV
1626 2410 1773 2459 17‚10.
1817 2406 1862 2450 O.

177 2462 207 2503 1.
236 2461 287 2505 G.
315 2467 427 2506 8612
463 2467 534 2519 (=
567 2464 707 2508 Anth.
732 2465 830 2509 Pal.
857 2465 919 2508 IX
952 2470 1050 2509 682.
1101 2466 1157 2509 cf.
1184 2466 1253 2509 De
1283 2467 1427 2522 antiq.
1455 2465 1691 2510 Constant.
1718 2481 1761 2522 p.
1790 2470 1862 2521 34)

298 2617 317 2652 1
353 2612 431 2654 καὶ
463 2611 572 2667 ἡμῖν
607 2626 681 2654 om
716 2612 846 2669 Bong
974 2618 997 2655 2
1033 2610 1078 2657 δ’
1101 2614 1329 2671 οὐδαμοῦ]
1363 2611 1404 2658 δ’
1438 2620 1526 2669 μοῦ
1559 2628 1664 2656 cum
1695 2613 1862 2655 lacuna

177 2673 201 2710 3
235 2668 313 2712 litt
339 2671 406 2712 Va
449 2671 454 2728 Ι
497 2671 699 2725 οὐδαμοῖ
727 2671 792 2714 Re
931 2676 955 2714 3
989 2673 1133 2716 αὐτὸν
1166 2674 1198 2715 Ι
1337 2676 1361 2714 8
1396 2671 1505 2716 οὐδὲ
1536 2672 1604 2715 Re
1696 2671 1801 2715 οὐδ’
1823 2670 1864 2714 εἰ

176 2727 283 2770 libri
315 2728 447 2785 Bong
615 2733 667 2772 12
702 2729 881 2785 εἴρηκεν
914 2731 958 2773 Α
1010 2734 1014 2786 Ι
1066 2729 1294 2789 ὑπέλαβεν
1327 2731 1471 2775 αὐτὸν
1503 2733 1644 2775 ΙΒΜ
1671 2730 1804 2786 Bong

180 2791 232 2828 14
266 2794 398 2830 τοῦτο
428 2788 470 2831 V
586 2793 637 2831 16
663 2790 768 2841 περὶ
794 2790 838 2831 Β
963 2795 1014 2831 17
1051 2789 1267 2847 ἠβούλετο
1294 2791 1403 2832 ΒΜ
1425 2790 1556 2846 Bong
1679 2793 1731 2832 18
1757 2788 1859 2843 περ)

175 2845 340 2888 τούτου
373 2859 449 2888 om
483 2847 527 2889 Β
577 2849 582 2901 Ι
633 2847 799 2891 τούτου
833 2848 995 2903 scripsi
1029 2862 1053 2892 e
1081 2850 1124 2892 V
1206 2849 1370 2892 τούτωι
1404 2862 1428 2892 e
1459 2856 1594 2892 τοῦτο
1629 2863 1728 2891 corr
1759 2849 1803 2891 A

176 2903 319 2960 τούτῳ
354 2905 510 2948 OPVa
542 2905 609 2948 Re
670 2906 845 2949 τούτων
877 2908 966 2950 ΙΜ
997 2907 1127 2963 Bong
1279 2912 1333 2950 20
1366 2905 1425 2950 ἂν
1458 2922 1532 2950 om
1565 2910 1610 2951 B
1661 2910 1666 2962 Ι
1718 2905 1863 2956 οὕτως

176 2963 363 3006 AIMV
388 2963 520 3020 Bong
641 2969 692 3006 21
729 2964 797 3021 δὲ]
835 2965 942 3008 οὐδὲ
972 2966 1015 3009 V
1070 2964 1113 3008 δ’
1145 2966 1212 3009 Re
1241 2969 1246 3022 Ι
1276 2965 1454 3010 ἐκείνου
1482 2967 1524 3010 V
1720 2965 1728 2971 ⁴

1960 134 1992 402 Ι
