<?xml version="1.0" encoding="UTF-8"?>
<!DOCTYPE html PUBLIC "-//W3C//DTD XHTML 1.0 Transitional//EN"
    "http://www.w3.org/TR/xhtml1/DTD/xhtml1-transitional.dtd">
<html xmlns="http://www.w3.org/1999/xhtml" xml:lang="en" lang="en">
 <head>
  <title>
</title>
<meta http-equiv="Content-Type" content="text/html;charset=utf-8" />
  <meta name='ocr-system' content='tesseract 3.04.00' />
  <meta name='ocr-capabilities' content='ocr_page ocr_carea ocr_par ocr_line ocrx_word'/>
</head>
<body>
  <div class='ocr_page' id='page_1' title='image "./operarecensuitri03libauoft_0030.png"; bbox 0 0 1992 3094; ppageno 0'>
   <div class='ocr_carea' id='block_1_1' title="bbox 169 90 1316 139">
    <p class='ocr_par' dir='ltr' id='par_1_1' title="bbox 169 90 1316 139">
     <span class='ocr_line' id='line_1_1' title="bbox 169 90 1316 139; baseline -0.003 -1"><span class='ocrx_word' id='word_1_1' title='bbox 169 94 317 139; x_wconf 89' lang='lat' dir='ltr'>XXVI</span> <span class='ocrx_word' id='word_1_2' title='bbox 705 90 1046 136; x_wconf 83' lang='lat' dir='ltr'><strong>PRAEFATIO</strong></span> <span class='ocrx_word' id='word_1_3' title='bbox 1079 90 1316 135; x_wconf 83' lang='lat' dir='ltr'><strong>CRITIOA</strong></span> 
     </span>
    </p>
   </div>
   <div class='ocr_carea' id='block_1_2' title="bbox 170 229 1861 430">
    <p class='ocr_par' dir='ltr' id='par_1_2' title="bbox 170 229 1861 430">
     <span class='ocr_line' id='line_1_2' title="bbox 170 229 1861 292; baseline -0.003 -10"><span class='ocrx_word' id='word_1_4' title='bbox 170 251 281 282; x_wconf 92' lang='lat' dir='ltr'><strong><em>cum</em></strong></span> <span class='ocrx_word' id='word_1_5' title='bbox 326 230 550 292; x_wconf 78' lang='grc' dir='ltr'><strong><em>ἐξέπεσον</em></strong></span> <span class='ocrx_word' id='word_1_6' title='bbox 593 249 618 280; x_wconf 89' lang='lat' dir='ltr'>e</span> <span class='ocrx_word' id='word_1_7' title='bbox 660 232 748 280; x_wconf 86' lang='lat' dir='ltr'><strong><em>VL</em></strong></span> <span class='ocrx_word' id='word_1_8' title='bbox 786 231 939 292; x_wconf 79' lang='lat' dir='ltr'>recipi</span> <span class='ocrx_word' id='word_1_9' title='bbox 979 231 1108 292; x_wconf 78' lang='lat' dir='ltr'>vult,</span> <span class='ocrx_word' id='word_1_10' title='bbox 1154 247 1254 279; x_wconf 95' lang='lat' dir='ltr'><strong><em>non</em></strong></span> <span class='ocrx_word' id='word_1_11' title='bbox 1301 230 1572 278; x_wconf 89' lang='lat' dir='ltr'>audiendus</span> <span class='ocrx_word' id='word_1_12' title='bbox 1620 232 1708 278; x_wconf 89' lang='lat' dir='ltr'>est.</span> <span class='ocrx_word' id='word_1_13' title='bbox 1786 229 1861 278; x_wconf 86' lang='lat' dir='ltr'><strong><em>Ex</em></strong></span> 
     </span>
     <span class='ocr_line' id='line_1_3' title="bbox 170 303 1860 370; baseline -0.003 -14"><span class='ocrx_word' id='word_1_14' title='bbox 170 308 382 370; x_wconf 85' lang='lat' dir='ltr'>epistula</span> <span class='ocrx_word' id='word_1_15' title='bbox 417 308 520 355; x_wconf 84' lang='lat'><strong><em>943</em></strong></span> <span class='ocrx_word' id='word_1_16' title='bbox 556 321 704 367; x_wconf 89' lang='lat' dir='ltr'>quam</span> <span class='ocrx_word' id='word_1_17' title='bbox 735 305 976 366; x_wconf 84' lang='lat' dir='ltr'>adscripsi</span> <span class='ocrx_word' id='word_1_18' title='bbox 1007 305 1192 352; x_wconf 81' lang='lat' dir='ltr'>discere</span> <span class='ocrx_word' id='word_1_19' title='bbox 1222 307 1420 367; x_wconf 86' lang='lat' dir='ltr'>poterat</span> <span class='ocrx_word' id='word_1_20' title='bbox 1451 320 1550 352; x_wconf 92' lang='lat' dir='ltr'><strong><em>non</em></strong></span> <span class='ocrx_word' id='word_1_21' title='bbox 1580 303 1860 365; x_wconf 61' lang='lat' dir='ltr'>Libanium,</span> 
     </span>
     <span class='ocr_line' id='line_1_4' title="bbox 170 379 1419 430; baseline -0.002 -1"><span class='ocrx_word' id='word_1_22' title='bbox 170 382 254 430; x_wconf 85' lang='lat' dir='ltr'><strong><em>sed</em></strong></span> <span class='ocrx_word' id='word_1_23' title='bbox 291 381 448 428; x_wconf 91' lang='lat' dir='ltr'>filium</span> <span class='ocrx_word' id='word_1_24' title='bbox 487 381 590 428; x_wconf 87' lang='lat' dir='ltr'>eius</span> <span class='ocrx_word' id='word_1_25' title='bbox 632 379 883 427; x_wconf 82' lang='lat' dir='ltr'>Cimonem</span> <span class='ocrx_word' id='word_1_26' title='bbox 923 395 947 426; x_wconf 88' lang='lat' dir='ltr'>e</span> <span class='ocrx_word' id='word_1_27' title='bbox 988 394 1134 426; x_wconf 85' lang='lat' dir='ltr'>curru</span> <span class='ocrx_word' id='word_1_28' title='bbox 1173 379 1419 427; x_wconf 87' lang='lat' dir='ltr'>cecidisse.</span> 
     </span>
    </p>
   </div>
   <div class='ocr_carea' id='block_1_3' title="bbox 916 568 1107 618">
    <p class='ocr_par' dir='ltr' id='par_1_3' title="bbox 916 568 1107 618">
     <span class='ocr_line' id='line_1_5' title="bbox 916 568 1107 618; baseline -0.01 0"><span class='ocrx_word' id='word_1_29' title='bbox 916 568 1003 618; x_wconf 88' lang='lat' dir='ltr'><strong><em>Or.</em></strong></span> <span class='ocrx_word' id='word_1_30' title='bbox 1043 570 1107 617; x_wconf 88' lang='grc' dir='ltr'><strong><em>Π.</em></strong></span> 
     </span>
    </p>
   </div>
   <div class='ocr_carea' id='block_1_4' title="bbox 166 668 1862 2952">
    <p class='ocr_par' dir='ltr' id='par_1_4' title="bbox 169 668 1862 872">
     <span class='ocr_line' id='line_1_6' title="bbox 281 668 1862 738; baseline -0.001 -16"><span class='ocrx_word' id='word_1_31' title='bbox 281 693 325 737; x_wconf 91' lang='lat' dir='ltr'><strong><em>p.</em></strong></span> <span class='ocrx_word' id='word_1_32' title='bbox 355 676 552 735; x_wconf 84' lang='grc' dir='ltr'><strong><em>24Ο,16</em></strong></span> <span class='ocrx_word' id='word_1_33' title='bbox 588 668 712 738; x_wconf 81' lang='grc' dir='ltr'><strong><em>ἀλλ’,</em></strong></span> <span class='ocrx_word' id='word_1_34' title='bbox 745 668 896 737; x_wconf 83' lang='grc' dir='ltr'><strong><em>οἶμαι,</em></strong></span> <span class='ocrx_word' id='word_1_35' title='bbox 928 673 1151 723; x_wconf 88' lang='grc' dir='ltr'><strong><em>τοιοῦτόν</em></strong></span> <span class='ocrx_word' id='word_1_36' title='bbox 1183 671 1326 722; x_wconf 89' lang='grc' dir='ltr'><strong><em>ἐστιν.</em></strong></span> <span class='ocrx_word' id='word_1_37' title='bbox 1397 674 1773 736; x_wconf 85' lang='lat' dir='ltr'>Supervacanea</span> <span class='ocrx_word' id='word_1_38' title='bbox 1812 675 1862 721; x_wconf 87' lang='lat' dir='ltr'><strong><em>et</em></strong></span> 
     </span>
     <span class='ocr_line' id='line_1_7' title="bbox 169 746 1860 812; baseline 0 -15"><span class='ocrx_word' id='word_1_39' title='bbox 169 752 371 812; x_wconf 90' lang='lat' dir='ltr'>propter</span> <span class='ocrx_word' id='word_1_40' title='bbox 393 750 585 797; x_wconf 86' lang='lat' dir='ltr'>hiatum</span> <span class='ocrx_word' id='word_1_41' title='bbox 612 748 938 810; x_wconf 86' lang='lat' dir='ltr'>improbanda</span> <span class='ocrx_word' id='word_1_42' title='bbox 969 751 1043 796; x_wconf 89' lang='lat' dir='ltr'><strong><em>est</em></strong></span> <span class='ocrx_word' id='word_1_43' title='bbox 1074 749 1355 796; x_wconf 81' lang='lat' dir='ltr'>coniectura</span> <span class='ocrx_word' id='word_1_44' title='bbox 1385 747 1639 796; x_wconf 86' lang='lat' dir='ltr'>Groenerti</span> <span class='ocrx_word' id='word_1_45' title='bbox 1669 746 1860 797; x_wconf 85' lang='grc' dir='ltr'><strong><em>τοιοῦτό</em></strong></span> 
     </span>
     <span class='ocr_line' id='line_1_8' title="bbox 169 822 394 872; baseline -0.004 -1"><span class='ocrx_word' id='word_1_46' title='bbox 169 823 217 871; x_wconf 91' lang='grc' dir='ltr'><strong><em>τί</em></strong></span> <span class='ocrx_word' id='word_1_47' title='bbox 252 822 394 872; x_wconf 88' lang='grc' dir='ltr'><strong><em>ἐστιν.</em></strong></span> 
     </span>
    </p>

    <p class='ocr_par' dir='ltr' id='par_1_5' title="bbox 169 887 1860 1329">
     <span class='ocr_line' id='line_1_9' title="bbox 279 887 1859 963; baseline 0 -20"><span class='ocrx_word' id='word_1_48' title='bbox 279 914 326 958; x_wconf 91' lang='lat' dir='ltr'><strong><em>p.</em></strong></span> <span class='ocrx_word' id='word_1_49' title='bbox 354 898 516 956; x_wconf 80' lang='lat'>243‚7</span> <span class='ocrx_word' id='word_1_50' title='bbox 551 893 810 960; x_wconf 82' lang='grc' dir='ltr'><em>ἠνώχλησα</em></span> <span class='ocrx_word' id='word_1_51' title='bbox 842 887 933 943; x_wconf 77' lang='grc' dir='ltr'><strong><em>οὗν</em></strong></span> <span class='ocrx_word' id='word_1_52' title='bbox 965 893 1057 960; x_wconf 85' lang='grc' dir='ltr'><strong><em>ἐγὼ</em></strong></span> <span class='ocrx_word' id='word_1_53' title='bbox 1089 902 1146 963; x_wconf 78' lang='grc' dir='ltr'><strong><em>τῇ</em></strong></span> <span class='ocrx_word' id='word_1_54' title='bbox 1181 895 1351 963; x_wconf 81' lang='grc' dir='ltr'><em>μνήμῃ</em></span> <span class='ocrx_word' id='word_1_55' title='bbox 1387 903 1474 960; x_wconf 80' lang='grc' dir='ltr'><strong><em>τῆς</em></strong></span> <span class='ocrx_word' id='word_1_56' title='bbox 1506 893 1859 960; x_wconf 86' lang='grc' dir='ltr'><strong><em>σωφροσύνης;</em></strong></span> 
     </span>
     <span class='ocr_line' id='line_1_10' title="bbox 169 964 1859 1033; baseline -0.001 -15"><span class='ocrx_word' id='word_1_57' title='bbox 169 965 308 1019; x_wconf 86' lang='grc' dir='ltr'><strong><em>εἷπον</em></strong></span> <span class='ocrx_word' id='word_1_58' title='bbox 348 967 483 1028; x_wconf 77' lang='grc' dir='ltr'><strong><em>ἄξιος</em></strong></span> <span class='ocrx_word' id='word_1_59' title='bbox 528 964 654 1018; x_wconf 83' lang='grc' dir='ltr'><strong><em>εἶναι</em></strong></span> <span class='ocrx_word' id='word_1_60' title='bbox 701 968 783 1017; x_wconf 82' lang='grc' dir='ltr'><strong><em>διὰ</em></strong></span> <span class='ocrx_word' id='word_1_61' title='bbox 828 976 970 1017; x_wconf 89' lang='grc' dir='ltr'><strong><em>τοῦτο</em></strong></span> <span class='ocrx_word' id='word_1_62' title='bbox 1017 977 1194 1033; x_wconf 86' lang='grc' dir='ltr'><strong><em>τιμῶν;</em></strong></span> <span class='ocrx_word' id='word_1_63' title='bbox 1270 970 1413 1018; x_wconf 90' lang='lat' dir='ltr'>Prius</span> <span class='ocrx_word' id='word_1_64' title='bbox 1452 970 1859 1032; x_wconf 73' lang='lat' dir='ltr'>interrogationis</span> 
     </span>
     <span class='ocr_line' id='line_1_11' title="bbox 170 1038 1860 1108; baseline -0.001 -16"><span class='ocrx_word' id='word_1_65' title='bbox 170 1046 365 1108; x_wconf 89' lang='lat' dir='ltr'>signum</span> <span class='ocrx_word' id='word_1_66' title='bbox 406 1043 694 1092; x_wconf 86' lang='lat' dir='ltr'>Croenertus</span> <span class='ocrx_word' id='word_1_67' title='bbox 734 1043 993 1091; x_wconf 87' lang='lat' dir='ltr'>delendum</span> <span class='ocrx_word' id='word_1_68' title='bbox 1026 1046 1076 1091; x_wconf 85' lang='lat' dir='ltr'><strong><em>et</em></strong></span> <span class='ocrx_word' id='word_1_69' title='bbox 1106 1038 1246 1092; x_wconf 80' lang='grc' dir='ltr'><strong><em>εἶπον</em></strong></span> <span class='ocrx_word' id='word_1_70' title='bbox 1284 1046 1337 1091; x_wconf 90' lang='lat' dir='ltr'>in</span> <span class='ocrx_word' id='word_1_71' title='bbox 1376 1041 1528 1092; x_wconf 84' lang='grc' dir='ltr'><strong><em>εἰπὼν</em></strong></span> <span class='ocrx_word' id='word_1_72' title='bbox 1565 1043 1860 1091; x_wconf 79' lang='lat' dir='ltr'>mutandum</span> 
     </span>
     <span class='ocr_line' id='line_1_12' title="bbox 170 1115 1858 1185; baseline 0 -20"><span class='ocrx_word' id='word_1_73' title='bbox 170 1119 296 1166; x_wconf 87' lang='lat' dir='ltr'>dixit</span> <span class='ocrx_word' id='word_1_74' title='bbox 332 1119 528 1166; x_wconf 80' lang='lat' dir='ltr'>iniuria.</span> <span class='ocrx_word' id='word_1_75' title='bbox 604 1118 735 1165; x_wconf 86' lang='lat' dir='ltr'><strong><em>Nam</em></strong></span> <span class='ocrx_word' id='word_1_76' title='bbox 782 1118 917 1165; x_wconf 87' lang='lat' dir='ltr'>aliud</span> <span class='ocrx_word' id='word_1_77' title='bbox 965 1120 1040 1165; x_wconf 87' lang='lat' dir='ltr'><strong><em>est</em></strong></span> <span class='ocrx_word' id='word_1_78' title='bbox 1078 1115 1290 1182; x_wconf 81' lang='grc' dir='ltr'><strong><em>ἐνοχλεῖν</em></strong></span> <span class='ocrx_word' id='word_1_79' title='bbox 1329 1124 1386 1185; x_wconf 80' lang='grc' dir='ltr'><strong><em>τῇ</em></strong></span> <span class='ocrx_word' id='word_1_80' title='bbox 1428 1116 1598 1185; x_wconf 83' lang='grc' dir='ltr'><strong><em>μνήμῃ</em></strong></span> <span class='ocrx_word' id='word_1_81' title='bbox 1638 1124 1724 1181; x_wconf 80' lang='grc' dir='ltr'><strong><em>τῆς</em></strong></span> <span class='ocrx_word' id='word_1_82' title='bbox 1764 1130 1858 1165; x_wconf 89' lang='grc' dir='ltr'><strong><em>σω-</em></strong></span> 
     </span>
     <span class='ocr_line' id='line_1_13' title="bbox 170 1186 1859 1256; baseline 0 -16"><span class='ocrx_word' id='word_1_83' title='bbox 170 1191 448 1256; x_wconf 87' lang='grc' dir='ltr'><strong><em>φροσύνης,</em></strong></span> <span class='ocrx_word' id='word_1_84' title='bbox 496 1192 631 1239; x_wconf 84' lang='lat' dir='ltr'>aliud</span> <span class='ocrx_word' id='word_1_85' title='bbox 672 1192 819 1254; x_wconf 88' lang='lat' dir='ltr'>idque</span> <span class='ocrx_word' id='word_1_86' title='bbox 858 1194 1018 1239; x_wconf 87' lang='lat' dir='ltr'>maius</span> <span class='ocrx_word' id='word_1_87' title='bbox 1058 1191 1212 1240; x_wconf 85' lang='grc' dir='ltr'><strong><em>εἰπεῖν</em></strong></span> <span class='ocrx_word' id='word_1_88' title='bbox 1251 1188 1391 1251; x_wconf 74' lang='grc' dir='ltr'><strong><em>ἄξιον</em></strong></span> <span class='ocrx_word' id='word_1_89' title='bbox 1429 1186 1556 1240; x_wconf 81' lang='grc' dir='ltr'><strong><em>εἶναι</em></strong></span> <span class='ocrx_word' id='word_1_90' title='bbox 1596 1189 1677 1239; x_wconf 82' lang='grc' dir='ltr'><strong><em>διὰ</em></strong></span> <span class='ocrx_word' id='word_1_91' title='bbox 1715 1197 1859 1240; x_wconf 86' lang='grc' dir='ltr'><strong><em>τοῦτο</em></strong></span> 
     </span>
     <span class='ocr_line' id='line_1_14' title="bbox 171 1273 334 1329; baseline 0.006 -16"><span class='ocrx_word' id='word_1_92' title='bbox 171 1273 334 1329; x_wconf 89' lang='grc' dir='ltr'><strong><em>τιμῶν.</em></strong></span> 
     </span>
    </p>

    <p class='ocr_par' dir='ltr' id='par_1_6' title="bbox 168 1335 1860 1770">
     <span class='ocr_line' id='line_1_15' title="bbox 279 1335 1859 1403; baseline 0.001 -17"><span class='ocrx_word' id='word_1_93' title='bbox 279 1339 415 1386; x_wconf 90' lang='lat' dir='ltr'>Idem</span> <span class='ocrx_word' id='word_1_94' title='bbox 454 1339 712 1387; x_wconf 89' lang='lat' dir='ltr'>dicendum</span> <span class='ocrx_word' id='word_1_95' title='bbox 752 1339 810 1387; x_wconf 88' lang='lat' dir='ltr'><strong><em>de</em></strong></span> <span class='ocrx_word' id='word_1_96' title='bbox 849 1340 957 1387; x_wconf 91' lang='lat' dir='ltr'>loco</span> <span class='ocrx_word' id='word_1_97' title='bbox 999 1341 1085 1401; x_wconf 84' lang='lat' dir='ltr'>qui</span> <span class='ocrx_word' id='word_1_98' title='bbox 1127 1341 1351 1402; x_wconf 80' lang='lat' dir='ltr'>sequitur</span> <span class='ocrx_word' id='word_1_99' title='bbox 1389 1357 1436 1402; x_wconf 92' lang='lat' dir='ltr'><strong><em>p.</em></strong></span> <span class='ocrx_word' id='word_1_100' title='bbox 1471 1341 1676 1400; x_wconf 64' lang='lat' dir='ltr'>243,st</span> <span class='ocrx_word' id='word_1_101' title='bbox 1721 1335 1753 1403; x_wconf 73' lang='grc' dir='ltr'><strong>ἢ</strong></span> <span class='ocrx_word' id='word_1_102' title='bbox 1793 1336 1859 1397; x_wconf 82' lang='grc' dir='ltr'><strong><em>ὡς</em></strong></span> 
     </span>
     <span class='ocr_line' id='line_1_16' title="bbox 168 1410 1858 1478; baseline 0 -17"><span class='ocrx_word' id='word_1_103' title='bbox 168 1410 406 1478; x_wconf 78' lang='grc' dir='ltr'><strong><em>ἀγόμενος</em></strong></span> <span class='ocrx_word' id='word_1_104' title='bbox 437 1411 707 1476; x_wconf 76' lang='grc' dir='ltr'><strong><em>Ἀθήνησιν</em></strong></span> <span class='ocrx_word' id='word_1_105' title='bbox 746 1411 843 1462; x_wconf 80' lang='grc' dir='ltr'><strong><em>ὑπὸ</em></strong></span> <span class='ocrx_word' id='word_1_106' title='bbox 883 1421 970 1477; x_wconf 78' lang='grc' dir='ltr'><strong><em>τῆς</em></strong></span> <span class='ocrx_word' id='word_1_107' title='bbox 1001 1411 1152 1477; x_wconf 80' lang='grc' dir='ltr'><strong><em>ἀρχῆς</em></strong></span> <span class='ocrx_word' id='word_1_108' title='bbox 1182 1411 1261 1462; x_wconf 82' lang='grc' dir='ltr'><strong><em>ἐπὶ</em></strong></span> <span class='ocrx_word' id='word_1_109' title='bbox 1299 1412 1384 1463; x_wconf 92' lang='grc' dir='ltr'><strong><em>τὸν</em></strong></span> <span class='ocrx_word' id='word_1_110' title='bbox 1416 1412 1605 1478; x_wconf 80' lang='grc' dir='ltr'><strong><em>θρόνον</em></strong></span> <span class='ocrx_word' id='word_1_111' title='bbox 1645 1411 1858 1478; x_wconf 78' lang='grc' dir='ltr'><strong><em>ἐ’φυγον;</em></strong></span> 
     </span>
     <span class='ocr_line' id='line_1_17' title="bbox 169 1483 1860 1552; baseline 0.001 -18"><span class='ocrx_word' id='word_1_112' title='bbox 169 1486 353 1535; x_wconf 92' lang='grc' dir='ltr'><strong><em>τούτων</em></strong></span> <span class='ocrx_word' id='word_1_113' title='bbox 400 1485 491 1534; x_wconf 77' lang='grc' dir='ltr'><strong><em>οὐκ</em></strong></span> <span class='ocrx_word' id='word_1_114' title='bbox 529 1483 682 1549; x_wconf 73' lang='grc' dir='ltr'><strong><em>οὔσης</em></strong></span> <span class='ocrx_word' id='word_1_115' title='bbox 720 1484 939 1551; x_wconf 79' lang='grc' dir='ltr'><strong><em>ἀνάγκης</em></strong></span> <span class='ocrx_word' id='word_1_116' title='bbox 985 1485 1325 1550; x_wconf 83' lang='grc' dir='ltr'><strong><em>ἐμνημόνευσα</em></strong></span> <span class='ocrx_word' id='word_1_117' title='bbox 1364 1486 1664 1552; x_wconf 79' lang='grc' dir='ltr'><strong><em>λαμπρύνων</em></strong></span> <span class='ocrx_word' id='word_1_118' title='bbox 1703 1484 1860 1545; x_wconf 70' lang='grc' dir='ltr'><strong><em>ἄλλως</em></strong></span> 
     </span>
     <span class='ocr_line' id='line_1_18' title="bbox 169 1558 1859 1626; baseline 0 -18"><span class='ocrx_word' id='word_1_119' title='bbox 169 1558 401 1623; x_wconf 84' lang='grc' dir='ltr'><strong><em>ἐμαυτόν;</em></strong></span> <span class='ocrx_word' id='word_1_120' title='bbox 432 1560 519 1607; x_wconf 90' lang='lat' dir='ltr'>ubi</span> <span class='ocrx_word' id='word_1_121' title='bbox 543 1559 833 1608; x_wconf 86' lang='lat' dir='ltr'>Croenertus</span> <span class='ocrx_word' id='word_1_122' title='bbox 867 1563 1063 1624; x_wconf 87' lang='lat' dir='ltr'>signum</span> <span class='ocrx_word' id='word_1_123' title='bbox 1090 1563 1495 1625; x_wconf 83' lang='lat' dir='ltr'>interrogationis</span> <span class='ocrx_word' id='word_1_124' title='bbox 1523 1563 1638 1623; x_wconf 90' lang='lat' dir='ltr'>post</span> <span class='ocrx_word' id='word_1_125' title='bbox 1669 1559 1859 1626; x_wconf 78' lang='grc' dir='ltr'><strong><em>ἔφυγον</em></strong></span> 
     </span>
     <span class='ocr_line' id='line_1_19' title="bbox 168 1635 1858 1697; baseline 0.001 -16"><span class='ocrx_word' id='word_1_126' title='bbox 168 1649 279 1681; x_wconf 88' lang='lat' dir='ltr'><strong><em>cum</em></strong></span> <span class='ocrx_word' id='word_1_127' title='bbox 325 1635 564 1682; x_wconf 89' lang='lat' dir='ltr'>commate</span> <span class='ocrx_word' id='word_1_128' title='bbox 609 1635 900 1682; x_wconf 88' lang='lat' dir='ltr'>mutandum</span> <span class='ocrx_word' id='word_1_129' title='bbox 947 1637 1149 1683; x_wconf 85' lang='lat' dir='ltr'>censuit.</span> <span class='ocrx_word' id='word_1_130' title='bbox 1225 1636 1357 1683; x_wconf 86' lang='lat' dir='ltr'><strong><em>Nam</em></strong></span> <span class='ocrx_word' id='word_1_131' title='bbox 1404 1635 1604 1684; x_wconf 86' lang='lat' dir='ltr'>obsistit</span> <span class='ocrx_word' id='word_1_132' title='bbox 1648 1635 1858 1697; x_wconf 84' lang='lat' dir='ltr'>pluralis</span> 
     </span>
     <span class='ocr_line' id='line_1_20' title="bbox 169 1707 1611 1770; baseline 0 -15"><span class='ocrx_word' id='word_1_133' title='bbox 169 1707 354 1755; x_wconf 91' lang='grc' dir='ltr'><strong><em>τούτων</em></strong></span> <span class='ocrx_word' id='word_1_134' title='bbox 394 1708 456 1755; x_wconf 90' lang='lat' dir='ltr'><strong><em>ad</em></strong></span> <span class='ocrx_word' id='word_1_135' title='bbox 496 1710 661 1756; x_wconf 84' lang='lat' dir='ltr'>omnia</span> <span class='ocrx_word' id='word_1_136' title='bbox 699 1709 784 1755; x_wconf 91' lang='lat' dir='ltr'>ille</span> <span class='ocrx_word' id='word_1_137' title='bbox 825 1725 949 1770; x_wconf 86' lang='lat' dir='ltr'>quae</span> <span class='ocrx_word' id='word_1_138' title='bbox 989 1709 1123 1757; x_wconf 86' lang='lat' dir='ltr'>dicta</span> <span class='ocrx_word' id='word_1_139' title='bbox 1162 1712 1277 1757; x_wconf 91' lang='lat' dir='ltr'>sunt</span> <span class='ocrx_word' id='word_1_140' title='bbox 1314 1710 1611 1757; x_wconf 88' lang='lat' dir='ltr'>referendus.</span> 
     </span>
    </p>

    <p class='ocr_par' dir='ltr' id='par_1_7' title="bbox 166 1777 1859 2952">
     <span class='ocr_line' id='line_1_21' title="bbox 279 1777 1857 1842; baseline 0.001 -14"><span class='ocrx_word' id='word_1_141' title='bbox 279 1797 326 1842; x_wconf 89' lang='lat' dir='ltr'><strong><em>p.</em></strong></span> <span class='ocrx_word' id='word_1_142' title='bbox 362 1782 568 1842; x_wconf 85' lang='lat'>249,15</span> <span class='ocrx_word' id='word_1_143' title='bbox 613 1777 716 1830; x_wconf 82' lang='grc' dir='ltr'><strong><em>ἀλλ’</em></strong></span> <span class='ocrx_word' id='word_1_144' title='bbox 759 1779 851 1830; x_wconf 87' lang='grc' dir='ltr'><strong><em>εἰσὶ</em></strong></span> <span class='ocrx_word' id='word_1_145' title='bbox 890 1789 986 1830; x_wconf 87' lang='grc' dir='ltr'><strong><em>τῶν</em></strong></span> <span class='ocrx_word' id='word_1_146' title='bbox 1032 1782 1223 1832; x_wconf 88' lang='grc' dir='ltr'><strong><em>πόλεων</em></strong></span> <span class='ocrx_word' id='word_1_147' title='bbox 1269 1781 1321 1831; x_wconf 86' lang='grc' dir='ltr'><strong><em>ἐν</em></strong></span> <span class='ocrx_word' id='word_1_148' title='bbox 1369 1777 1447 1842; x_wconf 84' lang='grc' dir='ltr'><strong><em>αἶς</em></strong></span> <span class='ocrx_word' id='word_1_149' title='bbox 1494 1779 1519 1831; x_wconf 86' lang='grc' dir='ltr'><em>ὅ</em></span> <span class='ocrx_word' id='word_1_150' title='bbox 1567 1780 1715 1840; x_wconf 79' lang='grc' dir='ltr'><strong><em>αὐτὸς</em></strong></span> <span class='ocrx_word' id='word_1_151' title='bbox 1761 1781 1857 1831; x_wconf 86' lang='grc' dir='ltr'><strong><em>εἰσ-</em></strong></span> 
     </span>
     <span class='ocr_line' id='line_1_22' title="bbox 168 1853 1859 1922; baseline 0.002 -21"><span class='ocrx_word' id='word_1_152' title='bbox 168 1853 386 1918; x_wconf 83' lang='grc' dir='ltr'><strong><em>πράττει,</em></strong></span> <span class='ocrx_word' id='word_1_153' title='bbox 432 1854 563 1903; x_wconf 82' lang='grc' dir='ltr'><strong><em>λούει</em></strong></span> <span class='ocrx_word' id='word_1_154' title='bbox 608 1854 689 1903; x_wconf 86' lang='grc' dir='ltr'><strong><em>καὶ</em></strong></span> <span class='ocrx_word' id='word_1_155' title='bbox 734 1854 882 1903; x_wconf 90' lang='grc' dir='ltr'><strong><em>πάλιν</em></strong></span> <span class='ocrx_word' id='word_1_156' title='bbox 921 1856 1066 1905; x_wconf 85' lang='grc' dir='ltr'><strong><em>λούει.</em></strong></span> <span class='ocrx_word' id='word_1_157' title='bbox 1135 1857 1185 1905; x_wconf 87' lang='grc' dir='ltr'><strong><em>τί</em></strong></span> <span class='ocrx_word' id='word_1_158' title='bbox 1219 1857 1361 1906; x_wconf 81' lang='grc' dir='ltr'><strong><em>τοῦτό</em></strong></span> <span class='ocrx_word' id='word_1_159' title='bbox 1402 1855 1500 1905; x_wconf 87' lang='grc' dir='ltr'><strong><em>ἐστι</em></strong></span> <span class='ocrx_word' id='word_1_160' title='bbox 1538 1855 1590 1906; x_wconf 92' lang='grc' dir='ltr'><strong><em>τὸ</em></strong></span> <span class='ocrx_word' id='word_1_161' title='bbox 1631 1856 1859 1922; x_wconf 60' lang='grc' dir='ltr'><strong><em>αἴνιγμας</em></strong></span> 
     </span>
     <span class='ocr_line' id='line_1_23' title="bbox 170 1926 1857 1996; baseline 0.002 -21"><span class='ocrx_word' id='word_1_162' title='bbox 170 1926 302 1975; x_wconf 90' lang='grc' dir='ltr'><strong><em>λούει</em></strong></span> <span class='ocrx_word' id='word_1_163' title='bbox 339 1945 386 1976; x_wconf 92' lang='grc' dir='ltr'><strong><em>τε</em></strong></span> <span class='ocrx_word' id='word_1_164' title='bbox 426 1934 482 1995; x_wconf 82' lang='grc' dir='ltr'><strong><em>τῇ</em></strong></span> <span class='ocrx_word' id='word_1_165' title='bbox 522 1929 726 1996; x_wconf 73' lang='grc' dir='ltr'><strong><em>χορηγίᾳ</em></strong></span> <span class='ocrx_word' id='word_1_166' title='bbox 764 1936 860 1978; x_wconf 92' lang='grc' dir='ltr'><strong><em>τῶν</em></strong></span> <span class='ocrx_word' id='word_1_167' title='bbox 900 1929 1058 1988; x_wconf 79' lang='grc' dir='ltr'><strong><em>ξύλων</em></strong></span> <span class='ocrx_word' id='word_1_168' title='bbox 1096 1928 1179 1978; x_wconf 85' lang='grc' dir='ltr'><strong><em>καὶ</em></strong></span> <span class='ocrx_word' id='word_1_169' title='bbox 1217 1929 1302 1979; x_wconf 91' lang='grc' dir='ltr'><strong><em>τὸν</em></strong></span> <span class='ocrx_word' id='word_1_170' title='bbox 1342 1928 1653 1996; x_wconf 80' lang='grc' dir='ltr'><strong><em>ἀμφορίσκον</em></strong></span> <span class='ocrx_word' id='word_1_171' title='bbox 1691 1927 1857 1994; x_wconf 84' lang='grc' dir='ltr'><strong><em>λαβὼν</em></strong></span> 
     </span>
     <span class='ocr_line' id='line_1_24' title="bbox 170 1999 1856 2071; baseline 0.002 -23"><span class='ocrx_word' id='word_1_172' title='bbox 170 1999 409 2064; x_wconf 80' lang='grc' dir='ltr'><strong><em>βαλανεὺς</em></strong></span> <span class='ocrx_word' id='word_1_173' title='bbox 448 1999 472 2050; x_wconf 87' lang='grc' dir='ltr'>ὁ</span> <span class='ocrx_word' id='word_1_174' title='bbox 513 2004 803 2067; x_wconf 85' lang='grc' dir='ltr'><strong><em>λειτουργῶν</em></strong></span> <span class='ocrx_word' id='word_1_175' title='bbox 841 2003 1066 2068; x_wconf 89' lang='grc' dir='ltr'><strong><em>γίγνεται.</em></strong></span> <span class='ocrx_word' id='word_1_176' title='bbox 1143 1999 1243 2052; x_wconf 86' lang='grc' dir='ltr'><strong><em>εἶθ’</em></strong></span> <span class='ocrx_word' id='word_1_177' title='bbox 1280 2002 1305 2053; x_wconf 85' lang='grc' dir='ltr'>ὁ</span> <span class='ocrx_word' id='word_1_178' title='bbox 1354 2002 1442 2067; x_wconf 84' lang='grc' dir='ltr'><strong><em>μὲν</em></strong></span> <span class='ocrx_word' id='word_1_179' title='bbox 1481 2003 1694 2071; x_wconf 89' lang='grc' dir='ltr'><strong><em>θερμόν,</em></strong></span> <span class='ocrx_word' id='word_1_180' title='bbox 1739 2001 1764 2052; x_wconf 86' lang='grc' dir='ltr'><em>ὅ</em></span> <span class='ocrx_word' id='word_1_181' title='bbox 1804 2001 1856 2053; x_wconf 79' lang='grc' dir='ltr'><strong><em>δὲ</em></strong></span> 
     </span>
     <span class='ocr_line' id='line_1_25' title="bbox 168 2073 1856 2144; baseline 0.002 -22"><span class='ocrx_word' id='word_1_182' title='bbox 168 2073 364 2138; x_wconf 83' lang='grc' dir='ltr'><strong><em>ψυχρὸν</em></strong></span> <span class='ocrx_word' id='word_1_183' title='bbox 403 2074 535 2139; x_wconf 77' lang='grc' dir='ltr'><strong><em>ὕδωρ</em></strong></span> <span class='ocrx_word' id='word_1_184' title='bbox 574 2074 793 2141; x_wconf 83' lang='grc' dir='ltr'><strong><em>ἐζήτησε,</em></strong></span> <span class='ocrx_word' id='word_1_185' title='bbox 832 2080 896 2144; x_wconf 81' lang='grc' dir='ltr'><strong><em>τῷ</em></strong></span> <span class='ocrx_word' id='word_1_186' title='bbox 930 2075 999 2140; x_wconf 80' lang='grc' dir='ltr'><strong><em>δέ,</em></strong></span> <span class='ocrx_word' id='word_1_187' title='bbox 1039 2076 1130 2126; x_wconf 82' lang='grc' dir='ltr'><strong><em>οὐκ</em></strong></span> <span class='ocrx_word' id='word_1_188' title='bbox 1169 2077 1242 2126; x_wconf 79' lang='grc' dir='ltr'><strong><em>ἔνι</em></strong></span> <span class='ocrx_word' id='word_1_189' title='bbox 1280 2076 1372 2143; x_wconf 82' lang='grc' dir='ltr'><strong><em>γὰρ</em></strong></span> <span class='ocrx_word' id='word_1_190' title='bbox 1413 2082 1727 2143; x_wconf 74' lang='grc' dir='ltr'><strong><em>μερισθῆναι,</em></strong></span> <span class='ocrx_word' id='word_1_191' title='bbox 1765 2077 1856 2142; x_wconf 86' lang='grc' dir='ltr'><strong><em>τὴν</em></strong></span> 
     </span>
     <span class='ocr_line' id='line_1_26' title="bbox 169 2146 1856 2215; baseline 0.002 -20"><span class='ocrx_word' id='word_1_192' title='bbox 169 2146 382 2212; x_wconf 83' lang='grc' dir='ltr'><strong><em>θατέρου</em></strong></span> <span class='ocrx_word' id='word_1_193' title='bbox 414 2146 579 2212; x_wconf 85' lang='grc' dir='ltr'><strong><em>φέρειν</em></strong></span> <span class='ocrx_word' id='word_1_194' title='bbox 611 2146 764 2214; x_wconf 78' lang='grc' dir='ltr'><strong><em>ὀργὴν</em></strong></span> <span class='ocrx_word' id='word_1_195' title='bbox 795 2147 998 2215; x_wconf 82' lang='grc' dir='ltr'><strong><em>ἀνάγκη.</em></strong></span> <span class='ocrx_word' id='word_1_196' title='bbox 1066 2151 1423 2201; x_wconf 88' lang='lat' dir='ltr'>Herwerdenus</span> <span class='ocrx_word' id='word_1_197' title='bbox 1456 2151 1516 2200; x_wconf 80' lang='grc' dir='ltr'><strong><em>οὐ</em></strong></span> <span class='ocrx_word' id='word_1_198' title='bbox 1547 2154 1678 2200; x_wconf 88' lang='lat' dir='ltr'>inter</span> <span class='ocrx_word' id='word_1_199' title='bbox 1707 2150 1856 2200; x_wconf 92' lang='grc' dir='ltr'><strong><em>πάλιν</em></strong></span> 
     </span>
     <span class='ocr_line' id='line_1_27' title="bbox 169 2221 1855 2285; baseline 0.004 -18"><span class='ocrx_word' id='word_1_200' title='bbox 169 2223 218 2268; x_wconf 85' lang='lat' dir='ltr'><strong><em>et</em></strong></span> <span class='ocrx_word' id='word_1_201' title='bbox 267 2221 398 2269; x_wconf 88' lang='grc' dir='ltr'><strong><em>λούει</em></strong></span> <span class='ocrx_word' id='word_1_202' title='bbox 449 2222 662 2270; x_wconf 87' lang='lat' dir='ltr'>inserens</span> <span class='ocrx_word' id='word_1_203' title='bbox 713 2226 952 2285; x_wconf 86' lang='lat' dir='ltr'>pervertit</span> <span class='ocrx_word' id='word_1_204' title='bbox 1005 2240 1201 2273; x_wconf 87' lang='lat' dir='ltr'>sensum</span> <span class='ocrx_word' id='word_1_205' title='bbox 1257 2227 1375 2285; x_wconf 84' lang='lat' dir='ltr'>loci,</span> <span class='ocrx_word' id='word_1_206' title='bbox 1431 2228 1567 2274; x_wconf 89' lang='lat' dir='ltr'>cuius</span> <span class='ocrx_word' id='word_1_207' title='bbox 1623 2226 1748 2274; x_wconf 84' lang='lat' dir='ltr'>sales</span> <span class='ocrx_word' id='word_1_208' title='bbox 1802 2227 1855 2273; x_wconf 92' lang='lat' dir='ltr'>in</span> 
     </span>
     <span class='ocr_line' id='line_1_28' title="bbox 171 2294 1856 2363; baseline 0.003 -22"><span class='ocrx_word' id='word_1_209' title='bbox 171 2294 363 2342; x_wconf 86' lang='lat' dir='ltr'>diversa</span> <span class='ocrx_word' id='word_1_210' title='bbox 395 2295 531 2342; x_wconf 88' lang='lat' dir='ltr'>verbi</span> <span class='ocrx_word' id='word_1_211' title='bbox 562 2296 723 2344; x_wconf 87' lang='grc' dir='ltr'><strong><em>λούειν</em></strong></span> <span class='ocrx_word' id='word_1_212' title='bbox 756 2297 1112 2360; x_wconf 87' lang='lat' dir='ltr'>significatione</span> <span class='ocrx_word' id='word_1_213' title='bbox 1135 2301 1290 2360; x_wconf 87' lang='lat' dir='ltr'>positi</span> <span class='ocrx_word' id='word_1_214' title='bbox 1314 2302 1508 2363; x_wconf 88' lang='lat' dir='ltr'>egregie</span> <span class='ocrx_word' id='word_1_215' title='bbox 1539 2301 1856 2348; x_wconf 87' lang='lat' dir='ltr'>illustrantur</span> 
     </span>
     <span class='ocr_line' id='line_1_29' title="bbox 167 2368 1855 2460; baseline 0.004 -46"><span class='ocrx_word' id='word_1_216' title='bbox 167 2368 276 2415; x_wconf 88' lang='lat' dir='ltr'>loco</span> <span class='ocrx_word' id='word_1_217' title='bbox 323 2369 477 2416; x_wconf 84' lang='lat' dir='ltr'>altero</span> <span class='ocrx_word' id='word_1_218' title='bbox 524 2368 721 2417; x_wconf 88' lang='lat' dir='ltr'>Libanii</span> <span class='ocrx_word' id='word_1_219' title='bbox 768 2387 910 2460; x_wconf 81' lang='lat' dir='ltr'>quem</span> <span class='ocrx_word' id='word_1_220' title='bbox 958 2372 1197 2435; x_wconf 86' lang='lat' dir='ltr'>adscripsi</span> <span class='ocrx_word' id='word_1_221' title='bbox 1242 2375 1277 2421; x_wconf 93' lang='lat' dir='ltr'><strong><em>t.</em></strong></span> <span class='ocrx_word' id='word_1_222' title='bbox 1313 2373 1391 2421; x_wconf 91' lang='grc' dir='ltr'><strong><em>ΠΙ</em></strong></span> <span class='ocrx_word' id='word_1_223' title='bbox 1423 2375 1630 2434; x_wconf 86' lang='grc'><strong><em>466,17</em></strong></span> <span class='ocrx_word' id='word_1_224' title='bbox 1684 2369 1855 2441; x_wconf 84' lang='grc' dir='ltr'><strong><em>πρώην</em></strong></span> 
     </span>
     <span class='ocr_line' id='line_1_30' title="bbox 168 2438 1855 2514; baseline 0.004 -27"><span class='ocrx_word' id='word_1_225' title='bbox 168 2459 240 2499; x_wconf 90' lang='grc' dir='ltr'><strong><em>τις</em></strong></span> <span class='ocrx_word' id='word_1_226' title='bbox 281 2438 469 2506; x_wconf 81' lang='grc' dir='ltr'><strong><em>ήγγειλέ</em></strong></span> <span class='ocrx_word' id='word_1_227' title='bbox 514 2460 596 2504; x_wconf 90' lang='grc' dir='ltr'><strong><em>μοι</em></strong></span> <span class='ocrx_word' id='word_1_228' title='bbox 641 2441 725 2490; x_wconf 92' lang='grc' dir='ltr'><strong><em>τὸν</em></strong></span> <span class='ocrx_word' id='word_1_229' title='bbox 772 2443 921 2493; x_wconf 85' lang='grc' dir='ltr'><strong><em>αὐτὸν</em></strong></span> <span class='ocrx_word' id='word_1_230' title='bbox 968 2442 1239 2509; x_wconf 84' lang='grc' dir='ltr'><strong><em>άνθρωπον</em></strong></span> <span class='ocrx_word' id='word_1_231' title='bbox 1285 2445 1337 2494; x_wconf 90' lang='grc' dir='ltr'><strong><em>ἐν</em></strong></span> <span class='ocrx_word' id='word_1_232' title='bbox 1384 2451 1532 2514; x_wconf 77' lang='grc' dir='ltr'><strong><em>μικρᾷ</em></strong></span> <span class='ocrx_word' id='word_1_233' title='bbox 1577 2465 1674 2495; x_wconf 91' lang='grc' dir='ltr'><strong><em>τινι</em></strong></span> <span class='ocrx_word' id='word_1_234' title='bbox 1718 2446 1855 2496; x_wconf 90' lang='grc' dir='ltr'><strong><em>πόλει</em></strong></span> 
     </span>
     <span class='ocr_line' id='line_1_31' title="bbox 168 2509 1853 2584; baseline 0.004 -23"><span class='ocrx_word' id='word_1_235' title='bbox 168 2513 225 2561; x_wconf 91' lang='grc' dir='ltr'><strong><em>τά</em></strong></span> <span class='ocrx_word' id='word_1_236' title='bbox 256 2509 296 2561; x_wconf 90' lang='grc' dir='ltr'><strong><em>τ’</em></strong></span> <span class='ocrx_word' id='word_1_237' title='bbox 325 2513 469 2563; x_wconf 80' lang='grc' dir='ltr'><strong><em>ἔνδον</em></strong></span> <span class='ocrx_word' id='word_1_238' title='bbox 499 2513 581 2563; x_wconf 85' lang='grc' dir='ltr'><strong><em>καὶ</em></strong></span> <span class='ocrx_word' id='word_1_239' title='bbox 620 2514 676 2563; x_wconf 83' lang='grc' dir='ltr'><strong><em>τὰ</em></strong></span> <span class='ocrx_word' id='word_1_240' title='bbox 707 2523 802 2564; x_wconf 92' lang='grc' dir='ltr'><strong><em>τῶν</em></strong></span> <span class='ocrx_word' id='word_1_241' title='bbox 833 2525 1000 2582; x_wconf 88' lang='grc' dir='ltr'><strong><em>τειχῶν</em></strong></span> <span class='ocrx_word' id='word_1_242' title='bbox 1035 2518 1123 2577; x_wconf 77' lang='grc' dir='ltr'><strong><em>ἔξω</em></strong></span> <span class='ocrx_word' id='word_1_243' title='bbox 1157 2519 1360 2568; x_wconf 81' lang='grc' dir='ltr'><strong><em>διοικεῖν</em></strong></span> <span class='ocrx_word' id='word_1_244' title='bbox 1399 2518 1480 2568; x_wconf 87' lang='grc' dir='ltr'><strong><em>καὶ</em></strong></span> <span class='ocrx_word' id='word_1_245' title='bbox 1519 2519 1699 2579; x_wconf 83' lang='grc' dir='ltr'><strong><em>πολλὰς</em></strong></span> <span class='ocrx_word' id='word_1_246' title='bbox 1730 2519 1853 2584; x_wconf 75' lang='grc' dir='ltr'><strong><em>ἔχειν</em></strong></span> 
     </span>
     <span class='ocr_line' id='line_1_32' title="bbox 166 2585 1853 2679; baseline 0.005 -45"><span class='ocrx_word' id='word_1_247' title='bbox 166 2585 252 2644; x_wconf 85' lang='grc' dir='ltr'><strong><em>τὰς</em></strong></span> <span class='ocrx_word' id='word_1_248' title='bbox 290 2587 444 2646; x_wconf 79' lang='grc' dir='ltr'><strong><em>τάξεις</em></strong></span> <span class='ocrx_word' id='word_1_249' title='bbox 481 2587 563 2636; x_wconf 82' lang='grc' dir='ltr'><strong><em>καὶ</em></strong></span> <span class='ocrx_word' id='word_1_250' title='bbox 601 2591 945 2679; x_wconf 81' lang='grc' dir='ltr'><strong><em>προσηγορίας,</em></strong></span> <span class='ocrx_word' id='word_1_251' title='bbox 985 2591 1344 2657; x_wconf 85' lang='grc' dir='ltr'><strong><em>εἰσπράττοντα,</em></strong></span> <span class='ocrx_word' id='word_1_252' title='bbox 1383 2598 1483 2652; x_wconf 89' lang='grc' dir='ltr'><strong><em>τοῖς</em></strong></span> <span class='ocrx_word' id='word_1_253' title='bbox 1522 2592 1698 2642; x_wconf 78' lang='grc' dir='ltr'><strong><em>ἑαυτοῦ</em></strong></span> <span class='ocrx_word' id='word_1_254' title='bbox 1738 2612 1853 2658; x_wconf 89' lang='grc' dir='ltr'><strong><em>χρη-</em></strong></span> 
     </span>
     <span class='ocr_line' id='line_1_33' title="bbox 168 2661 1852 2731; baseline 0.004 -24"><span class='ocrx_word' id='word_1_255' title='bbox 168 2673 286 2723; x_wconf 88' lang='grc' dir='ltr'><strong><em>μασι</em></strong></span> <span class='ocrx_word' id='word_1_256' title='bbox 331 2664 540 2709; x_wconf 85' lang='grc' dir='ltr'><strong><em>λοῦσθαι</em></strong></span> <span class='ocrx_word' id='word_1_257' title='bbox 586 2666 687 2720; x_wconf 86' lang='grc' dir='ltr'><strong><em>τοῖς</em></strong></span> <span class='ocrx_word' id='word_1_258' title='bbox 732 2661 835 2711; x_wconf 87' lang='grc' dir='ltr'><strong><em>ἐκεῖ</em></strong></span> <span class='ocrx_word' id='word_1_259' title='bbox 874 2662 1167 2729; x_wconf 86' lang='grc' dir='ltr'><strong><em>παρέχοντα,</em></strong></span> <span class='ocrx_word' id='word_1_260' title='bbox 1213 2665 1297 2714; x_wconf 88' lang='grc' dir='ltr'><strong><em>τὸν</em></strong></span> <span class='ocrx_word' id='word_1_261' title='bbox 1345 2662 1390 2714; x_wconf 82' lang='grc' dir='ltr'><strong><em>δ’</em></strong></span> <span class='ocrx_word' id='word_1_262' title='bbox 1430 2666 1581 2716; x_wconf 83' lang='grc' dir='ltr'><strong><em>αὐτὸν</em></strong></span> <span class='ocrx_word' id='word_1_263' title='bbox 1627 2665 1852 2731; x_wconf 82' lang='grc' dir='ltr'><strong><em>ἀμφορέα</em></strong></span> 
     </span>
     <span class='ocr_line' id='line_1_34' title="bbox 167 2732 1851 2802; baseline 0.005 -21"><span class='ocrx_word' id='word_1_264' title='bbox 167 2733 378 2796; x_wconf 85' lang='grc' dir='ltr'><strong><em>λαβόντα</em></strong></span> <span class='ocrx_word' id='word_1_265' title='bbox 430 2732 640 2798; x_wconf 90' lang='grc' dir='ltr'><strong><em>βαλανέα</em></strong></span> <span class='ocrx_word' id='word_1_266' title='bbox 691 2734 934 2800; x_wconf 86' lang='grc' dir='ltr'><strong><em>γενέσθαι.</em></strong></span> <span class='ocrx_word' id='word_1_267' title='bbox 1010 2739 1142 2786; x_wconf 92' lang='lat' dir='ltr'><strong><em>Num</em></strong></span> <span class='ocrx_word' id='word_1_268' title='bbox 1196 2740 1353 2787; x_wconf 89' lang='lat' dir='ltr'>dicere</span> <span class='ocrx_word' id='word_1_269' title='bbox 1403 2743 1569 2802; x_wconf 85' lang='lat' dir='ltr'>potuit</span> <span class='ocrx_word' id='word_1_270' title='bbox 1613 2741 1851 2789; x_wconf 86' lang='lat' dir='ltr'>Libanius</span> 
     </span>
     <span class='ocr_line' id='line_1_35' title="bbox 168 2805 1850 2879; baseline 0.005 -25"><span class='ocrx_word' id='word_1_271' title='bbox 168 2805 328 2855; x_wconf 90' lang='grc' dir='ltr'><strong><em>λούει</em></strong></span> <span class='ocrx_word' id='word_1_272' title='bbox 367 2825 419 2855; x_wconf 93' lang='grc' dir='ltr'><strong><em>τε</em></strong></span> <span class='ocrx_word' id='word_1_273' title='bbox 459 2814 515 2875; x_wconf 79' lang='grc' dir='ltr'><strong><em>τῇ</em></strong></span> <span class='ocrx_word' id='word_1_274' title='bbox 553 2809 754 2876; x_wconf 76' lang='grc' dir='ltr'><strong><em>χορηγία</em></strong></span> <span class='ocrx_word' id='word_1_275' title='bbox 785 2816 881 2857; x_wconf 92' lang='grc' dir='ltr'><strong><em>τῶν</em></strong></span> <span class='ocrx_word' id='word_1_276' title='bbox 913 2810 1070 2868; x_wconf 78' lang='grc' dir='ltr'><strong><em>ξύλων</em></strong></span> <span class='ocrx_word' id='word_1_277' title='bbox 1103 2810 1197 2860; x_wconf 84' lang='grc' dir='ltr'><strong><em>καὶ</em></strong></span> <span class='ocrx_word' id='word_1_278' title='bbox 1236 2812 1525 2876; x_wconf 86' lang='grc' dir='ltr'><strong><em>βαλανεὺς</em></strong></span> <span class='ocrx_word' id='word_1_279' title='bbox 1563 2814 1850 2879; x_wconf 89' lang='grc' dir='ltr'><strong><em>γίγνεται,</em></strong></span> 
     </span>
     <span class='ocr_line' id='line_1_36' title="bbox 169 2879 1848 2952; baseline 0.005 -26"><span class='ocrx_word' id='word_1_280' title='bbox 169 2881 212 2927; x_wconf 81' lang='lat' dir='ltr'>si</span> <span class='ocrx_word' id='word_1_281' title='bbox 243 2879 389 2928; x_wconf 87' lang='grc' dir='ltr'><strong><em>πάλιν</em></strong></span> <span class='ocrx_word' id='word_1_282' title='bbox 421 2879 487 2929; x_wconf 83' lang='grc' dir='ltr'><strong><em>ού</em></strong></span> <span class='ocrx_word' id='word_1_283' title='bbox 519 2880 650 2929; x_wconf 86' lang='grc' dir='ltr'><strong><em>λούει</em></strong></span> <span class='ocrx_word' id='word_1_284' title='bbox 682 2884 1035 2944; x_wconf 79' lang='lat' dir='ltr'>praecedebat?</span> <span class='ocrx_word' id='word_1_285' title='bbox 1096 2886 1267 2947; x_wconf 87' lang='lat' dir='ltr'>Neque</span> <span class='ocrx_word' id='word_1_286' title='bbox 1299 2902 1467 2934; x_wconf 84' lang='lat' dir='ltr'>vocem</span> <span class='ocrx_word' id='word_1_287' title='bbox 1499 2887 1648 2952; x_wconf 72' lang='grc' dir='ltr'><strong><em>ὕδωρ,</em></strong></span> <span class='ocrx_word' id='word_1_288' title='bbox 1680 2904 1848 2950; x_wconf 85' lang='lat' dir='ltr'>quam-</span> 
     </span>
    </p>
   </div>
  </div>
 </body>
</html>
