1992 3094
361 120 591 165 LIBANII
622 119 846 166 ORATIO
879 119 1125 164 CONTRA
1155 119 1412 164 ICARIUM
1442 121 1484 163 II
1711 120 1781 173 57

96 259 279 321 ούτοις
331 257 596 326 ἠμείψατό
650 270 754 309 σου
807 255 910 324 τὴν
963 254 1090 325 περὶ
1145 255 1315 309 αὐτὸν
1369 257 1622 324 σπουδὴν
1674 265 1787 310 τῶν

95 348 308 401 πόλεων
345 347 445 399 τὸν
482 344 747 412 θεμέλιον
786 344 1123 407 ὑποσπάσας.
1202 350 1362 414 ἴσμεν
1408 345 1538 413 γάρ,
1584 344 1658 407 ὡς
1697 343 1786 398 ἐπὶ

95 445 206 490 τῶν
265 437 678 505 βουλευτηρίων
739 434 795 486 αἱ
858 435 1046 496 πόλεις
1108 433 1388 503 ἑστήκασι,
1452 433 1556 486 κᾶν
1615 441 1787 487 ταῦτα

94 523 319 594 ὑφέλῃς,
357 520 526 577 οὐδὲν
564 524 643 576 ἔτι
682 523 742 575 τὸ
781 521 966 589 με’νον.
1043 523 1134 575 καὶ
1174 523 1266 575 διὰ
1303 530 1468 575 τοῦτο
1510 521 1717 592 ἐσθῆτα
1756 522 1785 575 6

96 616 432 682 λειτουργῶν
469 613 643 681 ἤνπερ
685 611 714 665 6
741 609 999 680 Ῥωμαῖος
1038 620 1203 681 φορεῖ
1245 611 1459 664 δόντων
1492 609 1785 680 Ῥωμαίων,
1834 633 1856 665 5

97 701 244 765 ὅπως
301 697 476 770 μηδὲν
534 700 861 770 ὑβριστικὸν
922 698 1048 769 περὶ
1110 701 1171 753 τὸ
1228 709 1382 767 σῶμα
1443 701 1504 753 τὸ
1567 708 1786 754 τοιοῦτο

96 793 361 859 γίγνηται.
438 788 556 842 ἀλλ’
586 788 615 842 6
655 789 968 858 θαυμάσιος
1019 784 1182 851 οὗτος
1219 792 1493 858 καταγελᾷ
1536 786 1637 856 μὲν
1676 798 1789 842 τῶν

97 881 398 947 λαβόντων,
435 883 706 949 καταγελᾷ
746 878 808 931 δὲ
838 887 951 931 τῶν
984 879 1325 945 δεδωκότων,
1365 878 1468 930 οὐκ
1501 876 1562 948 ἐᾷ
1594 874 1655 931 δὲ
1687 879 1789 946 τὴν

97 966 304 1036 ἐσθῆτα
365 968 646 1020 δύνασθαι
707 974 979 1020 τοσοῦτον
1041 967 1250 1020 ὁπόσον
1310 965 1420 1036 ἔχει
1480 967 1627 1036 παρὰ
1687 974 1787 1019 τοῦ

96 1059 285 1126 νόμου.
362 1057 730 1129 συμβουλεύει
784 1056 847 1109 δὲ
901 1056 967 1109 οὐ
1024 1056 1279 1125 ῥήμασιν,
1342 1053 1458 1108 ἀλλ’
1498 1053 1642 1127 ἔργω
1696 1053 1786 1108 καὶ
1813 1078 1860 1109 ιο

96 1150 328 1215 πληγαῖς
366 1146 598 1215 φεύγειν
637 1142 739 1214 μὲν
776 1146 872 1208 τὰς
905 1146 1128 1213 βουλάς,
1168 1145 1541 1213 καταφεύγειν
1580 1141 1641 1196 δὲ
1680 1142 1790 1197 ἑτέ-

100 1249 256 1306 ρωσᾶ

207 1324 295 1377 24.
342 1325 440 1392 Μὴ
481 1319 585 1377 οὖν
624 1343 718 1392 μοι
758 1325 857 1377 τὸν
890 1321 1148 1392 Ἑρμείαν
1186 1323 1324 1391 μηδὲ
1369 1323 1469 1375 τὸν
1508 1324 1791 1391 Κρατῖνον

99 1410 237 1482 μηδὲ
267 1413 581 1482 Εὐστόχιον
618 1412 756 1481 μηδὲ
787 1413 1159 1479 ΛΙελήσιππον
1188 1408 1325 1480 μηδὲ
1351 1411 1615 1480 Λάμαχον
1653 1406 1791 1479 μηδὲ

98 1503 196 1555 τὸν
233 1503 388 1556 δεῖνα
426 1502 459 1571 ἢ
498 1503 597 1555 τὸν
636 1503 811 1568 δεῖνα,
849 1502 921 1569 μὴ
962 1501 1195 1563 τούτους
1234 1501 1357 1554 οἴου
1396 1502 1573 1569 μόνον
1604 1499 1790 1568 ἠδικῆ-
1816 1520 1861 1552 15

101 1597 235 1646 σθαι
274 1600 393 1654 ταῖς
431 1594 690 1659 πληγαῖς,
738 1590 876 1643 ἀλλὰ
914 1591 1119 1652 πολλὰς
1157 1591 1342 1652 πόλεις
1382 1590 1473 1642 διὰ
1512 1598 1622 1641 τῶν
1661 1590 1792 1655 βου-

63 1679 68 1685 ’
101 1685 229 1749 λῶν,
268 1677 408 1750 ὑπὲρ
448 1675 527 1733 ὧν
566 1682 635 1733 σὺ
674 1676 777 1747 μὲν
806 1681 1012 1746 νόμους
1043 1681 1222 1747 τίθης,
1262 1679 1320 1731 oc
1355 1676 1402 1730 δ’
1436 1678 1538 1730 οὐκ
1578 1675 1792 1740 ἀξιοῦσι

99 1769 403 1838 προσέχειν.
481 1767 599 1822 ἀλλ’
630 1770 700 1837 ἤν
738 1788 790 1821 τι
829 1766 921 1821 καὶ
960 1768 1161 1837 μικρὸν
1206 1777 1319 1820 τῶν
1366 1767 1526 1820 ἰδίων
1575 1764 1792 1834 ἐγκαλέ-

102 1872 256 1926 σωσι,
292 1860 469 1921 πολὺς
508 1858 536 1911 6
575 1859 872 1926 μόλυβδος,
914 1857 1110 1910 ὁποῖον
1149 1858 1219 1925 δή
1250 1876 1302 1908 τι
1333 1856 1423 1909 καὶ
1463 1856 1523 1908 τὸ
1556 1863 1680 1922 νῦν,
1720 1855 1794 1916 ὡς

103 1946 205 2001 ὅσα
250 1967 310 2016 γε
355 1946 480 2017 περὶ
527 1948 589 2001 τὸ
637 1947 832 2000 κοινὸν
878 1942 1026 2015 εἶχεν
1072 1947 1271 2013 αἰτίαν,
1326 1941 1492 1997 οὐδὲν
1540 1944 1791 2012 οὐδαμοῦ
1816 1964 1863 1995 20

102 2043 383 2088 τοσοῦτον.
461 2035 548 2088 25.
604 2036 695 2088 διὰ
742 2043 907 2088 τοῦτο
950 2033 1234 2102 ἐτεθνήκει
1281 2030 1384 2102 μὲν
1423 2035 1565 2101 γυνή
1605 2051 1687 2094 τις
1725 2038 1800 2104 τῷ

223 2209 278 2247 14
308 2203 377 2248 De
402 2204 654 2248 Eustochio
680 2203 737 2248 cf.
764 2206 950 2259 ep.198.
979 2207 1077 2245 244.
1106 2205 1204 2245 699.
1227 2205 1353 2245 1149.
1375 2205 1503 2244 1306.
1525 2204 1651 2244 1544.
1680 2203 1793 2243 1553

224 2363 246 2402 1
281 2359 425 2403 αὐτὸν
457 2359 621 2416 scripsi
653 2373 678 2404 e
710 2360 814 2403 BN
820 2360 864 2403 V
933 2357 1077 2402 αὑτὸν
1109 2356 1278 2412 reliqui
1309 2356 1418 2399 libri
1451 2356 1517 2400 Re
1647 2360 1672 2398 3
1705 2355 1796 2398 κᾶν
1885 2380 1901 2386 «-

107 2418 153 2461 Β
272 2423 300 2461 4
332 2416 505 2477 ὑφέλῃς
534 2419 722 2475 reposui
755 2432 779 2462 e
810 2418 944 2461 libris
1022 2415 1211 2473 ὑφέλοις
1240 2416 1308 2459 Re
1337 2420 1342 2470 Ι
1371 2415 1511 2460 οὐδὲν
1543 2416 1608 2460 ἔτι
1640 2415 1686 2457 Ρ
1714 2414 1796 2457 sed

106 2491 156 2543 εν
187 2478 235 2520 et
265 2492 286 2521 ε
316 2477 366 2521 in
389 2491 465 2521 ras
489 2477 562 2520 m²
605 2479 610 2533 Ι
653 2479 872 2522 διατοῦτο
904 2477 1035 2520 IBV
1181 2479 1235 2519 10
1269 2474 1554 2533 συμβουλεύῃ
1590 2475 1628 2519 C
1655 2474 1736 2517 sed
1767 2490 1795 2529 η

35 2558 38 2559 ⁷
106 2549 155 2578 m
186 2551 225 2579 ει
257 2549 359 2609 οοιι·
381 2536 452 2579 m²
586 2542 639 2580 13
674 2538 721 2580 et
754 2542 808 2579 14
840 2536 901 2593 μὴ
934 2535 983 2580 δὲ
1017 2536 1147 2579 IBV
1270 2538 1325 2576 14
1357 2532 1630 2590 μελίσιππον
1662 2532 1742 2576 IV

35 2651 45 2663 ²
110 2641 163 2680 17
195 2611 345 2690 „¹339
378 2640 416 2685 C
471 2599 623 2691 τίθεηῖς
652 2640 697 2683 A
757 2642 907 2689 τιθεῖς
939 2640 984 2682 Ρ
1013 2639 1094 2681 sed.
1126 2653 1165 2681 ει
1196 2637 1244 2679 in
1276 2651 1351 2680 ras
1385 2650 1439 2680 ex
1470 2654 1498 2692 η
1531 2639 1583 2679 ut
1614 2636 1800 2678 videtur

108 2709 210 2739 con·
231 2698 302 2740 m¹
331 2700 379 2742 et
408 2695 548 2755 τίθης
578 2712 794 2756 suprascr
817 2697 887 2741 111²
954 2700 1094 2752 τυθῆς
1122 2698 1283 2751 ΙΒΝΙ
1312 2695 1358 2740 οἳ
1388 2697 1513 2740 AVa
1582 2693 1634 2739 οῖ’
1659 2694 1759 2738 BV
1787 2693 1794 2747 Ι

109 2755 290 2807 ἀξιοῦσι
321 2759 367 2802 Ρ
396 2758 477 2802 sed
510 2775 527 2801 ι
559 2760 620 2815 (2)
652 2759 702 2801 in
725 2771 801 2801 ras
825 2756 894 2800 m²
1046 2761 1100 2799 19
1133 2754 1351 2813 μόλιβδος
1382 2755 1614 2798 BNVaV
1637 2753 1706 2796 Re
1737 2752 1794 2796 cf.

108 2827 153 2870 p.
172 2818 243 2868 58,
260 2820 285 2859 9
319 2818 368 2860 et
397 2819 429 2860 t.
454 2817 497 2859 Π
522 2821 592 2870 93,
614 2821 667 2859 13
828 2820 884 2859 20
916 2831 966 2872 γε
991 2828 1066 2858 om
1092 2815 1135 2857 V
1297 2819 1349 2856 21
1385 2815 1602 2857 διατοῦτο
1627 2812 1806 2856 AJBV

37 2874 40 2879 '
114 2903 123 2939 ³.
154 2873 237 2928 μὲν
261 2889 336 2918 om
353 2876 389 2918 I
405 2876 486 2930 qui
511 2875 652 2920 verba
675 2876 784 2919 inde
810 2887 838 2917 a
863 2878 1080 2919 διατοῦτο
1104 2886 1252 2929 usque
1277 2873 1337 2916 ad
1363 2871 1614 2930 βλέμματος
1646 2874 1734 2927 (58,
1752 2873 1798 2926 2)

31 2965 45 3002 J}

24 3007 54 3094 3

34 2923 43 2951 ²
109 2945 160 2974 ιιι
181 2945 257 2976 ras
286 2934 483 2990 praebef.
