1992 3094
380 114 609 158 LIBANII
640 113 866 159 ORATIO
899 114 1144 159 CONTRA
1176 113 1490 158 SILVANUM
1682 113 1787 166 261

104 250 184 303 18.
239 258 402 317 τιμᾶν
447 247 549 316 μὲν
591 245 696 303 οὖν
734 249 1025 313 ἀξιοῦντας
1064 252 1162 303 τὸν
1210 250 1546 303 διδάσκαλον
1585 249 1790 303 ἐπαινῶ

100 341 196 392 καί
230 358 369 407 φημι
407 340 538 400 τοὺς
579 338 645 390 οὐ
684 340 974 402 τοιούτους
1012 341 1175 402 ὄντας
1215 340 1293 402 εἰς
1328 341 1460 401 τοὺς
1497 340 1792 392 πεπαιδευ-

99 429 262 490 κότας
314 426 552 495 ἀδικεῖν,
606 425 719 480 ἔδει
772 427 961 494 μέντοι
1007 436 1172 495 τιμᾶν
1226 426 1442 481 ἐκεῖνον
1490 425 1552 480 ἐν
1604 434 1678 500 τῷ
1719 429 1792 497 μὴ

100 523 319 570 τοῦτον·
358 513 512 568 τουτὶ
551 517 655 583 γὰρ
696 512 766 584 ἦν
802 516 1271 570 ἀκολουθούντων
1305 524 1421 578 τοῖς
1458 516 1792 585 πράγμασιν.

100 609 149 658 εἰ
186 601 288 672 μὲν
326 604 430 673 γὰρ
469 604 560 657 καὶ
599 606 666 657 τὰ
702 605 900 667 παιδὸς
939 606 1028 658 καὶ
1076 606 1141 657 τὰ
1183 609 1438 674 μαθητοῦ
1478 606 1615 675 πρὸς
1654 603 1790 658 ἐκεῑ-
1836 623 1856 656 5

100 714 201 747 νον
248 687 410 755 οὗτος
455 691 850 763 ἐπεπληρώκει,
904 704 1016 747 τῶν
1062 702 1168 747 νῦν
1214 694 1427 747 τούτων
1476 691 1604 763 παρ’
1635 693 1792 763 ὑμῶν

99 781 397 851 ἐτύγχανεν
436 780 506 834 ἂν
552 784 796 846 εἰκότως·
849 784 896 836 εἰ
936 781 985 834 δ’
1016 785 1256 853 ἠγνόησε
1302 780 1405 852 μὲν
1450 784 1551 851 τὴν
1598 783 1791 851 φύσιν,

98 872 164 924 τὰ
203 867 264 923 δὲ
303 869 515 939 ἐκείνης
553 870 777 941 συνέχεε
817 873 1028 940 δίκαια,
1078 877 1268 925 λυπῶν
1308 869 1369 925 δὲ
1411 869 1503 924 καὶ
1544 869 1792 924 ἐλαύνων

98 960 195 1013 τὸν
242 945 497 1029 φύσαντα
537 959 805 1013 διετέλεσε
859 959 950 1014 καὶ
999 960 1370 1025 συνεξέτεινεν
1418 960 1562 1014 οὕτω
1610 966 1797 1033 μακρῷ

98 1050 202 1119 βίῳ
240 1049 337 1101 τὸν
376 1049 660 1102 ἄσπονδον
697 1057 900 1103 τοῦτον
937 1051 1180 1117 πόλεμον
1218 1051 1353 1119 πρὸς
1385 1058 1448 1120 τῇ
1485 1051 1652 1119 φύσει
1690 1050 1790 1103 τὸν
1814 1067 1858 1099 ιο

100 1138 436 1191 διδάσκαλον
460 1127 686 1206 ἀδικῶν,
712 1137 741 1191 ὁ
766 1135 869 1207 μὲν
894 1142 1156 1211 Σιλβανῷ
1188 1142 1445 1208 πολεμῶν
1471 1139 1789 1211 Γαυδεντίςο

99 1230 284 1295 φίλος,
338 1226 367 1279 ὁ
424 1226 486 1279 δὲ
531 1234 732 1280 τοῦτον
779 1223 841 1279 εὖ
888 1237 1066 1281 ποιῶν
1120 1227 1321 1297 ἐχθρὸς
1375 1227 1606 1300 ἐκείνῳ.»
1659 1227 1791 1280 οὐδὲ

99 1317 202 1384 γὰρ
241 1317 372 1369 υἱὸν
419 1311 481 1368 εὗ
531 1325 679 1370 ποιεῖ
723 1324 927 1369 τοῦτον
973 1313 1034 1369 εὖ
1081 1326 1258 1370 ποιῶν
1304 1317 1403 1369 τὸν
1449 1318 1542 1391 διὰ
1587 1317 1792 1378 παντὸς

98 1413 197 1458 τοῦ
252 1407 457 1474 χρόνου
512 1406 612 1459 τὸν
664 1405 869 1472 πατέρα
930 1415 1107 1468 κακῶς
1159 1407 1494 1474 πεποιηκότα
1548 1405 1680 1467 τούς
1731 1423 1790 1456 τε

97 1496 335 1560 μισθοὺς
380 1496 512 1556 τοὺς
557 1495 663 1547 ἀπὸ
712 1502 813 1547 τοῦ
862 1495 1146 1547 διδάσκειν
1192 1493 1381 1566 ἐκείνω
1425 1492 1790 1562 γιγνομένους
1815 1510 1858 1544 15

99 1581 515 1652 ἀφαιρούμενον
566 1584 654 1636 καὶ
695 1592 758 1653 τῇ
807 1591 906 1636 τοῦ
953 1584 1270 1653 πρεσβύτου
1317 1585 1498 1653 πείνη
1525 1580 1616 1635 καὶ
1656 1583 1790 1652 δίψῃ

98 1674 256 1739 μείζω
296 1680 567 1725 ποιοῦντα
613 1674 714 1741 τὴν
763 1673 973 1725 οὐσίαν.
1057 1672 1137 1725 19.
1194 1673 1340 1735 ὅστις
1387 1667 1491 1725 οὖν
1539 1667 1655 1724 οἶδε
1704 1673 1791 1724 λό-

100 1779 214 1828 γων
267 1760 450 1813 εἵνεκα
498 1761 816 1833 Γαυδεντίῳ
867 1762 1046 1830 χάριν,
1101 1761 1192 1814 καὶ
1242 1763 1464 1830 μισείτω
1506 1760 1792 1827 Σιλβανὸν

98 1847 188 1901 καὶ
235 1848 580 1918 φαινομένου
628 1849 876 1918 φευγέτω
931 1847 1022 1902 καὶ
1076 1848 1337 1918 νομιζέτω
1392 1849 1594 1902 ταύτὸν
1648 1843 1789 1902 εἷναι

99 1938 274 2004 μύσος
316 1936 651 2010 ἀνδροφόνῳ
690 1957 749 1991 τε
780 1937 1101 2008 ὁμωρόφιον
1141 1932 1281 1991 εἶναι
1318 1936 1408 1990 καὶ
1447 1938 1622 2009 τούτῳ
1663 1944 1792 2006 χρῆ-
1816 1956 1860 1987 20

101 2030 249 2079 σθαι.
326 2027 463 2095 πρὸς
509 2027 612 2096 γὰρ
661 2035 726 2097 τῇ
766 2026 1294 2096 καταπεφρονημένῃ
1335 2027 1502 2095 φύσει
1548 2026 1636 2080 καὶ
1677 2034 1792 2089 τοῖς

99 2115 300 2183 ταύτης
340 2115 405 2168 οὐ
446 2116 891 2185 πεφυλαγμένοις
923 2118 1115 2184 νόμοις
1146 2118 1368 2178 εἰκότως
1406 2114 1476 2168 ἂν
1516 2114 1669 2178 δόξαι
1700 2113 1791 2168 καὶ

100 2203 200 2270 τὴν
232 2203 490 2273 ἀφορμὴν
521 2203 550 2257 ὁ
582 2212 833 2267 τοιοῦτος
863 2205 1108 2267 θάνατος
1141 2204 1199 2257 ἐκ
1230 2213 1325 2273 τῆς
1365 2204 1456 2256 διὰ
1494 2204 1592 2256 τὸν
1622 2203 1792 2256 παῖδα

101 2292 274 2360 λύπης
313 2294 517 2359 λαβεῖν.

221 2470 275 2509 10
314 2466 445 2512 Dem.
471 2482 560 2511 cor.
587 2483 631 2524 p.
660 2473 759 2521 314,
781 2472 834 2511 16
987 2471 1043 2510 20
1086 2467 1278 2522 Antiph.
1306 2468 1362 2511 de
1395 2468 1522 2512 caed.
1549 2467 1656 2513 Her.
1683 2473 1707 2521 ξ
1735 2473 1789 2511 11

100 2538 144 2581 p.
166 2529 264 2580 130,
283 2530 351 2570 32.
401 2526 529 2570 Dem.
556 2540 645 2571 cor.
672 2542 716 2583 p.
737 2531 837 2580 321,
859 2531 925 2569 14.
983 2526 1095 2569 Mid.
1121 2541 1165 2582 p.
1193 2531 1293 2580 553,
1313 2532 1338 2570 ὁ

222 2692 243 2729 1
271 2684 356 2732 οὖν
381 2702 455 2732 om
484 2688 593 2732 OPa
655 2688 731 2732 del
755 2689 827 2732 P³
941 2693 966 2731 2
992 2690 1047 2733 οὐ
1070 2689 1312 2740 τοιούτους
1357 2689 1406 2733 ἐν
1431 2690 1658 2739 τοιούτοις
1684 2689 1793 2734 OPa

102 2748 128 2788 8
161 2743 206 2790 δ’
235 2746 303 2790 Re
425 2751 450 2790 9
477 2746 727 2792 διετέλεσεν
753 2749 798 2792 Α
921 2754 974 2791 15
1009 2745 1171 2807 ἐκείνῳ
1196 2761 1271 2792 om
1338 2762 1362 2791 e
1486 2753 1539 2791 16
1573 2745 1694 2804 δίψα
1719 2748 1792 2791 Ρα

102 2807 158 2846 20
182 2804 324 2860 μύσος
347 2805 513 2862 scripsi
538 2819 563 2849 e
588 2807 634 2851 P
654 2807 735 2850 sed
763 2805 775 2820 '
798 2806 846 2849 in
871 2819 946 2850 ras
971 2807 1054 2861 m³‚
1089 2807 1156 2851 Va
1232 2814 1376 2863 μῦσος
1397 2806 1566 2862 reliqui
1590 2806 1700 2850 libri
1723 2806 1792 2850 Re

153 2863 453 2963 “infans-Bong
494 2865 500 2922 Ι
530 2863 800 2947 Ξὸμορόφιον
834 2867 879 2909 B
891 2866 958 2910 Va
1021 2864 1308 2922 ὁμορρόφιον
1340 2867 1414 2910 Pa
1535 2871 1587 2909 21
1621 2872 1719 2916 τοῖς
1749 2867 1797 2910 Ρ

101 2933 150 2964 se
214 2937 258 2965 οι
289 2937 338 2966 111
369 2936 444 2966 ras
476 2939 522 2966 m
