1992 3094
403 159 630 204 LIBANII
660 158 884 203 ORATIO
918 159 1160 205 CONTRA
1191 160 1445 205 ICARIUM
1476 161 1496 204 I
1736 161 1803 213 21

234 304 279 350 9.
319 300 684 349 Barberinus
715 299 767 347 H
791 302 857 348 41
895 293 989 366 (=
1015 294 1081 367 B)
1114 315 1239 350 saec.
1263 301 1356 348 XV
1387 301 1472 350 fol.
1493 303 1613 351 257.
1683 303 1809 350 Vide

118 379 154 424 t.
179 375 205 423 I
234 392 282 437 p.
309 376 377 422 24
392 390 463 436 sq.
535 373 748 422 Contuli.

236 450 316 496 10.
355 449 795 510 Neapolitanus
827 448 878 495 II
901 448 941 494 Ε
972 451 1036 497 17
1072 463 1196 496 saec.
1222 449 1340 495 XIV
1371 449 1454 497 fol.
1477 450 1620 498 153v.
1683 450 1811 497 Vide

119 526 155 571 t.
186 523 212 570 Ι
249 539 295 584 p.
332 524 432 570 211
451 537 521 583 sq.
555 524 605 568 et
645 523 769 570 392.

236 599 317 644 11.
371 596 706 644 Vaticanus
746 612 825 658 gr.
860 596 926 643 81
971 589 1064 662 (=
1100 590 1199 659 Va)
1247 597 1496 645 saemXV
1543 598 1627 645 fol.
1663 599 1810 646 215v.

122 671 250 719 Vide
281 673 317 718 t.
341 670 366 717 I
404 687 451 731 p.
487 671 590 719 209
607 685 678 732 sq.
759 669 971 718 Contuli.
1308 720 1311 723 .

236 746 318 793 12.
356 743 845 792 Vindobonensis
876 744 1017 807 phil.
1051 761 1129 807 gr.
1155 743 1319 792 XCIII
1353 738 1446 811 (=
1465 739 1533 811 V)
1567 760 1689 794 saec.
1715 745 1812 793 XII

121 819 204 867 fol.
234 818 377 866 150³:
456 817 580 865 Vide
619 820 654 865 t.
680 818 706 866 I
743 836 790 881 p.
826 819 893 866 35
914 834 983 880 sq.
1064 817 1277 866 Contuli.

236 893 317 940 13.
356 891 672 940 Parisinus
713 910 791 956 gr.
827 894 967 941 3027
1011 893 1297 940 chartaceus
1338 894 1525 941 formae
1568 897 1773 955 quartae
1816 902 1899 941 135
1978 944 1982 947 ,

18 959 22 1010 Ῐ
121 967 305 1016 saeculi
326 960 621 1029 XVIJXVII
650 966 995 1014 miscellaneus
1020 966 1170 1014 codex
1196 967 1414 1015 eiusdem
1445 968 1636 1015 farinae
1662 971 1811 1029 atque

119 1040 374 1089 Parisinus
414 1057 484 1103 gr.
513 1041 617 1088 583
632 1034 696 1106 ¹),
745 1041 864 1088 olim
903 1041 945 1088 B
957 1041 1054 1087 alu
1064 1042 1154 1088 zia
1163 1058 1196 1088 n
1205 1057 1239 1088 u
1250 1058 1271 1089 s
1317 1043 1443 1089 teste
1490 1043 1812 1103 inscriptione

16 1119 20 1127 '
120 1115 262 1162 f01.2
321 1114 520 1174 (Baluz.
557 1116 676 1162 660.
738 1115 855 1175 Rey.
889 1108 1080 1175 30342)
1129 1117 1349 1163 continet
1401 1115 1515 1163 inde
1555 1131 1585 1163 a
1623 1116 1744 1163 folio
1780 1118 1810 1163 2

120 1204 275 1251 usque
316 1188 379 1235 ad
422 1190 477 1235 '7v
515 1191 711 1251 partem
751 1190 991 1237 orationis
1004 1182 1044 1255 2)
1086 1189 1198 1237 inde
1239 1205 1268 1236 a
1307 1190 1469 1237 verbis
1508 1188 1813 1255 ἐπαγγελίαις

120 1261 314 1328 θρασὺς
331 1257 399 1328 (p.
421 1264 505 1323 31,
522 1260 613 1326 20)
631 1278 785 1324 usque
804 1263 868 1311 ad
882 1263 1042 1310 finem.
1076 1263 1275 1311 Partem
1293 1265 1508 1327 gratiose
1525 1263 1585 1311 H.
1597 1263 1812 1312 Labaste

122 1337 246 1384 mihi
285 1337 519 1397 contulit,
568 1337 651 1384 sed
691 1337 841 1385 codex
881 1339 1054 1399 quovis
1094 1338 1253 1398 pretio
1295 1339 1465 1386 critico
1513 1339 1683 1399 privus
1724 1340 1810 1385 est.

120 1411 252 1458 Nam
290 1411 683 1472 mendosissime,
727 1414 784 1458 ut
821 1411 1019 1460 videtur
1058 1427 1082 1458 e
1115 1413 1204 1459 Mo
1245 1428 1455 1473 quocum
1494 1414 1546 1459 in
1586 1411 1812 1460 omnibus

121 1486 258 1533 vitiis
298 1487 539 1549 congruit,
579 1487 933 1547 transscriptus
966 1488 1053 1534 est.
1131 1486 1307 1548 Itaque
1348 1486 1409 1533 ab
1442 1488 1688 1548 apparatu
1721 1487 1812 1533 cri-

121 1561 221 1607 tico
261 1576 372 1607 eum
412 1560 609 1607 exclusi.

234 1705 328 1763 Qui
368 1708 432 1754 ad
471 1723 552 1755 eos
593 1707 771 1769 quibus
813 1708 972 1756 oratio
1012 1706 1134 1773 πρὸς
1161 1701 1374 1772 Ἰκάριον
1414 1709 1697 1756 continetur
1736 1723 1813 1755 ac-

124 1780 303 1829 cedunt
332 1784 434 1830 tres
467 1782 656 1830 codices
688 1782 1005 1844 Barberinus,
1029 1782 1303 1831 Vaticanus
1338 1783 1421 1843 81,
1453 1782 1822 1844 Neapolitanus⁴

126 1871 152 1903 0
184 1851 431 1904 communi
469 1859 799 1904 manaverunt
838 1857 1103 1919 exemplari
1143 1857 1322 1918 prioris
1363 1856 1597 1905 familiae.
1663 1855 1822 1903 Cuius.

124 1932 321 1991 praeter
351 1930 440 1977 hos
472 1932 622 1978 testes
655 1933 771 1978 sunt
800 1930 954 1978 iidem
987 1930 1072 1992 qui
1106 1930 1158 1977 in
1183 1931 1270 1977 illa
1295 1931 1517 1978 oratione
1545 1930 1816 1989 CAPIMo,

126 2004 330 2052 alterius
370 2019 509 2061 unus,
538 2004 687 2052 codex
722 2005 775 2052 V.

233 2077 407 2138 Neque
448 2094 504 2126 ex
542 2077 635 2126 hac
675 2080 897 2126 oratione
948 2079 1045 2126 loci
1084 2080 1299 2140 excerpti
1338 2080 1454 2125 sunt
1492 2078 1589 2126 nisi
1628 2093 1657 2124 a
1696 2077 1814 2124 Ma-

124 2152 286 2198 cario
328 2147 885 2219 Chrysocephalo.3)

239 2223 412 2273 Oratio
451 2227 668 2287 primum
707 2226 842 2275 edita
882 2229 955 2275 est
986 2242 1016 2273 a
1046 2226 1252 2274 Morello
1291 2229 1327 2274 t.
1352 2225 1403 2273 II
1433 2242 1479 2287 p.
1507 2225 1821 2284 460—473,

20 2306 38 2357 ξ·
125 2300 182 2344 ut
226 2298 333 2360 ipse
380 2299 452 2346 ait
499 2315 586 2359 „em
624 2301 756 2348 codd.
796 2315 944 2348 mnss.
985 2301 1122 2347 Rom.
1165 2303 1207 2347 et
1238 2300 1530 2359 Bavarico“,
1581 2299 1666 2347 sed
1705 2295 1816 2346 cum

31 2362 40 2419 'ss
96 2387 184 2419 ·ex
224 2373 334 2421 aliis
373 2375 481 2420 tum
521 2390 546 2421 e
578 2374 757 2422 lacuna
794 2391 842 2436 p.
870 2376 955 2434 33,
984 2376 1198 2421 17—18
1234 2376 1441 2435 apparet
1474 2373 1814 2437 apographum
1891 2376 1906 2383 “’

125 2445 366 2494 Bavarici
403 2447 433 2494 i.
460 2463 498 2494 e.
532 2447 839 2496 Monacensis
875 2450 976 2496 101
1020 2449 1182 2495 textus
1230 2447 1605 2494 fundamentum
1649 2446 1815 2507 fuisse,

36 2543 38 2545 >
125 2534 184 2566 ex
216 2521 501 2582 apographo
534 2521 790 2570 Allatiano
822 2522 1036 2570 Romani
1066 2521 1126 2569 de
1159 2537 1255 2583 quo
1289 2523 1509 2568 conferas
1541 2523 1575 2567 t.
1601 2520 1625 2566 I
1655 2537 1702 2581 p.
1731 2521 1815 2578 58,

125 2608 284 2654 pauca
329 2595 382 2640 in
420 2596 694 2658 marginem
732 2598 931 2657 recepta
970 2611 1088 2643 esse.
1164 2596 1443 2643 Romanum
1489 2610 1519 2641 a
1566 2593 1814 2641 codicibus

128 2666 215 2727 qui
251 2667 398 2715 hodie
437 2668 623 2717 Romae
662 2671 994 2728 asservantur,
1033 2670 1136 2718 sive
1168 2669 1396 2716 Palatino
1437 2667 1538 2716 sive
1571 2667 1815 2715 Vaticano

247 2794 290 2848 1)
323 2791 387 2836 Cf.
414 2795 445 2836 t.
464 2793 506 2836 H
528 2808 575 2850 p.
593 2798 693 2837 417.

245 2854 288 2907 2)
320 2851 490 2895 Parum
528 2855 654 2898 recte
687 2851 878 2897 Carolus
918 2853 977 2896 de
1007 2853 1090 2896 Ian
1124 2852 1310 2909 Scriptt.
1338 2852 1454 2895 Mus.
1480 2867 1546 2908 gr.
1581 2866 1624 2907 p.
1651 2850 1815 2893 LXVII

44 2950 54 2957 ,,
125 2906 215 2952 hoc
246 2910 405 2954 codice
437 2912 633 2956 Libana·
661 2915 909 2956 orationem
942 2913 992 2955 m
1027 2914 1269 2968 Calippum
1302 2910 1528 2955 contineri
1562 2909 1693 2954 dixit.

247 2970 291 3025 3)
323 2968 389 3014 Cf.
414 2984 459 3025 p.
480 2975 505 3013 3
539 2972 586 3014 et
616 2970 687 3015 t.I
716 2985 761 3027 p.
782 2975 881 3015 351.
