1992 3094
162 94 307 138 XXIV
699 91 1038 136 PRAEFArio
1073 90 1309 135 CRITIcA
1404 54 1410 62 ⁶

273 253 319 298 p.
356 235 561 295 187,18
610 226 742 296 ἀλλ’,
789 226 948 296 οἶμαι,
995 250 1039 279 τι
1085 230 1438 295 προσεδόκησε,
1486 235 1588 289 τοῖς
1639 229 1699 279 οὐ
1747 226 1851 295 μετ’

164 309 316 359 αὐτοῦ
357 305 629 372 δεδεμένοις
667 313 753 355 τοῦ
800 304 866 370 μὴ
916 303 1146 353 δεδέσθαι
1186 308 1412 367 φθονῶν.
1483 306 1650 366 „Haec
1686 305 1858 367 inquit

163 383 519 431 Herwerdenus
572 395 671 428 mm
714 380 943 440 intelleyo.
1027 379 1164 427 Num
1217 380 1404 439 aliquid
1465 379 1700 428 excidit?“
1782 378 1856 427 At

165 457 290 504 nihil
337 456 516 504 excidit
563 457 612 502 et
659 454 823 501 omnia
875 455 1009 501 clara
1056 456 1183 501 sunt.
1267 453 1399 500 Nam
1446 453 1566 515 quid
1612 453 1764 501 verba
1809 470 1855 501 τι

165 529 491 594 προσεδόκησε
532 528 829 592 significent⁷
875 529 1014 589 patet
1061 543 1085 575 e
1133 527 1450 588 sequentibus
1498 530 1598 585 τοῖς
1646 525 1705 575 οὐ
1750 520 1849 590 μετ’

166 603 317 653 αὐτοῦ
366 600 637 666 δεδεμένοις
683 608 769 650 τοῦ
818 600 883 664 μὴ
932 598 1162 649 δεδέσθαι
1209 604 1435 664 φθονῶν.
1511 601 1682 649 Etiam
1728 601 1858 649 alios

168 683 314 740 atque
352 679 481 724 inter
519 678 607 724 hos
647 675 908 722 Libanium
949 675 1200 723 custodiae
1239 675 1482 722 traditum
1517 675 1582 722 iri
1621 675 1856 737 speravit.

276 769 322 814 p.
360 752 525 811 188‚7
575 747 680 813 ἐμοὶ
721 746 772 797 δὲ
818 749 1034 814 γίγνεταί
1068 767 1139 806 τις
1178 746 1416 813 ἑτέρωθεν
1454 747 1634 813 ταραχὴ
1674 755 1762 812 τῆς
1801 746 1859 796 ἐν

168 829 231 893 τῷ
273 823 590 892 διδασκαλείῳ
637 823 861 886 νεότητος
909 821 967 871 οὐ
1015 822 1176 886 πάσης
1223 821 1275 871 ἐν
1321 829 1378 891 τῇ
1426 822 1554 882 τάξει
1593 821 1856 886 μενούσης,

168 892 271 946 ἀλλ’
301 897 353 947 ἐν
386 904 726 962 σωφρονοῦντι
758 901 820 962 τῷ
855 897 1041 945 πλείονι
1077 897 1250 961 μοίρας
1288 896 1420 956 τινὸς
1459 893 1858 960 θρασυνομένης,

168 977 231 1040 τῷ
266 975 436 1020 λυπεῖν
475 968 887 1034 φιλοτιμουμένης
926 968 1318 1035 ἐνδεικνυμένης,
1359 968 1424 1028 ὣς
1462 970 1506 1019 εἰ
1546 969 1860 1034 ἐθελήσουσι,

168 1044 250 1094 καὶ
288 1043 434 1094 πλέον
473 1064 516 1093 τι
556 1044 836 1109 δράσουσιν.
909 1044 1201 1094 Oroenertus
1234 1045 1444 1093 coniecit
1478 1041 1860 1107 ἐνδεικνυμένης

168 1114 320 1183 (ff),
367 1136 482 1167 nam
522 1121 628 1174 „die
667 1119 833 1166 beiden
870 1120 1167 1179 Partizipien
1204 1121 1486 1180 verlanyen,
1527 1120 1594 1166 da
1631 1121 1700 1166 sie
1739 1119 1858 1167 doch

170 1194 400 1242 einander
441 1194 771 1254 yleichyestellt
813 1194 945 1248 sind,
999 1196 1100 1241 eine
1150 1194 1506 1254 Verbindwny‘ss
1590 1192 1659 1241 At
1709 1193 1857 1255 plane

169 1267 386 1330 neglexit
422 1285 499 1314 me
548 1267 806 1315 adnotasse
847 1269 960 1315 ante
1001 1264 1376 1331 ἐνδεικνυμένης
1423 1267 1660 1315 excidisse
1700 1266 1858 1315 videri

169 1339 249 1388 καὶ
290 1334 445 1408 (quod
482 1340 840 1388 Herwerdenus
879 1358 925 1403 p.
954 1343 1057 1389 338
1101 1342 1172 1389 ita
1211 1341 1443 1403 probavit
1479 1344 1538 1388 ut
1575 1342 1628 1388 in
1666 1342 1858 1388 textum

171 1409 446 1480 reciperet).

279 1505 325 1550 p.
370 1489 575 1548 188‚14
630 1496 716 1552 τῆς
765 1489 964 1554 γνώμης
1019 1486 1070 1537 δὲ
1126 1488 1218 1538 οὐκ
1272 1487 1520 1554 ἀρκούσης
1574 1488 1642 1546 εἰς
1696 1487 1862 1536 πίστιν

171 1559 479 1627 προσεγένετό
533 1580 577 1609 τι
627 1560 679 1610 τὸ
734 1562 824 1626 τὴν
874 1560 1096 1628 ἀνάγκην
1143 1562 1276 1628 ἔχον,
1331 1561 1449 1611 ὥστε
1505 1559 1627 1626 μηδὲ
1682 1563 1860 1625 βουλο-

172 1633 335 1698 μένοις
374 1633 570 1683 ἀπεῖναι
609 1634 795 1694 ἐξεῖναι.
872 1637 1048 1685 Melius
1089 1640 1176 1698 est,
1216 1638 1258 1685 si
1298 1652 1493 1685 sensum
1526 1631 1610 1703 (cf.
1641 1636 1672 1683 1.
1708 1637 1738 1684 8
1773 1642 1864 1699 τῆς

171 1707 224 1757 ἐν
255 1713 319 1776 τῷ
354 1709 670 1757 διδασκαλείω
703 1710 928 1773 νεότητος
960 1709 1018 1758 οὐ
1053 1711 1212 1774 πάσης
1251 1710 1310 1760 ἐν
1350 1717 1414 1778 τῇ
1455 1709 1614 1769 τάξει
1647 1709 1861 1773 μενού-

173 1796 276 1845 σης
331 1786 379 1830 et
424 1784 455 1830 1.
501 1785 565 1830 14
622 1760 748 1847 ἦσαν
793 1782 846 1832 ἐν
893 1788 992 1843 τοῖς
1039 1779 1312 1851 προτέροις)
1364 1785 1672 1847 respicimus,
1729 1783 1863 1845 quod

173 1856 354 1919 legitur
398 1857 449 1903 in
494 1857 634 1905 libris
673 1855 869 1906 ἀπεῖναι
912 1875 1061 1919 quam
1101 1858 1232 1920 quod
1273 1858 1563 1907 Croenertus
1601 1858 1867 1920 proposuit

174 1947 381 1977 απιεναι.

284 2020 329 2066 p.
368 2004 534 2064 189‚2
578 2009 786 2066 φανεῖσα
833 2003 884 2054 δὲ
930 2002 1086 2070 ἡμέρα
1131 2005 1183 2055 τὸ
1231 2005 1384 2055 κακὸν
1427 2005 1658 2070 ἐκόμιζεν.
1738 2004 1863 2052 Con·

176 2077 446 2125 suetudinis
470 2077 772 2126 Libanianae
802 2081 960 2142 magis
992 2082 1248 2142 proprium
1278 2080 1443 2128 iudico
1474 2078 1691 2143 ἐκόμιζεν
1722 2079 1866 2126 libris

176 2150 412 2198 traditum
453 2168 601 2212 quam
640 2149 919 2215 ἀνεκόμιζεν
959 2154 1089 2215 quod
1127 2154 1486 2202 Herwerdenus
1525 2153 1771 2215 proponit.

286 2240 331 2285 p.
370 2226 572 2285 190,11
625 2229 728 2284 ταῖς
776 2222 827 2274 δὲ
875 2226 935 2290 δὴ
985 2224 1149 2286 ἄλλαις
1196 2227 1363 2277 πόλεσι
1409 2225 1490 2275 καὶ
1536 2226 1744 2276 ἐδόκουν
1789 2244 1867 2274 τε-

178 2296 362 2344 θνάναι
401 2295 480 2345 καὶ
520 2297 604 2356 τὰς
639 2297 818 2357 πολλὰς
857 2299 917 2363 δὴ
952 2298 1154 2365 ἠρώτων
1193 2301 1466 2365 πρεσβείας,
1506 2300 1550 2349 εἰ
1586 2307 1728 2349 τοῦτο
1769 2292 1867 2348 ὧδε

177 2369 288 2434 ἔχοι.
364 2371 516 2418 Miror
566 2371 696 2433 quod
743 2372 1098 2422 Herwerdenus
1146 2376 1479 2423 coniecturam
1520 2373 1712 2422 Gasdae
1759 2377 1869 2432 ταῖς

177 2446 375 2502 πολλαῖς
408 2443 467 2507 δὴ
502 2442 702 2509 ἠρώτων
734 2447 1008 2510 πρεσβείαις
1041 2449 1369 2510 amplectitur.
1424 2449 1516 2496 Est
1539 2449 1670 2495 enim
1694 2450 1867 2508 aperte

178 2517 316 2565 falsa.
394 2518 522 2565 Nam
569 2519 630 2566 ab
677 2519 878 2567 urbibus
925 2522 1024 2569 illis
1066 2523 1339 2585 legationes
1380 2538 1483 2570 esse
1521 2523 1698 2570 missas
1738 2536 1864 2582 quae

179 2593 503 2651 comperirent
540 2595 706 2639 utrum
743 2593 979 2642 Libanius
1019 2597 1225 2643 mortem
1266 2596 1467 2644 obiisset
1505 2610 1670 2655 necne,
1709 2595 1867 2642 incre-

180 2662 328 2710 dibile
383 2667 468 2711 est.
559 2666 625 2712 Et
676 2667 911 2714 articulus
966 2672 1069 2726 ταῖς
1119 2670 1362 2716 maximae
1414 2671 1541 2716 esset
1591 2667 1865 2716 offensioni..

180 2737 393 2785 Facilius
444 2741 568 2785 esset
611 2736 694 2795 τὰς
733 2743 924 2787 mutare
964 2741 1014 2788 in
1054 2739 1135 2789 διὰ
1175 2737 1270 2809 (=
1303 2757 1388 2802 ope
1427 2735 1764 2807 leyationum),
1812 2743 1870 2789 at·-

180 2826 239 2857 ne
278 2809 370 2858 hoc
409 2811 605 2872 quidem
644 2827 835 2860 necesse
875 2816 961 2860 est.

291 2900 336 2944 p.
375 2885 540 2944 195,8
583 2877 645 2947 ἦν
686 2882 736 2932 δὲ
777 2882 806 2947 ἡ
847 2883 1020 2950 ἀπάτη.
1098 2887 1238 2944 Quod
1276 2891 1391 2950 post
1428 2889 1657 2936 ultimam
1696 2903 1867 2936 vocem
