1992 3094
470 147 698 191 LIBANII
730 146 950 191 ORATIO
984 148 1101 192 PRO
1135 149 1517 194 RHETORIBUS
1725 153 1822 204 141

141 305 239 354 μαι
278 293 389 337 τῶν
427 285 733 351 συνόντων,
783 293 895 336 τῶν
942 284 1410 353 συντεταγμένων,
1463 296 1576 339 τῶν
1622 302 1829 354 συμπο-

143 374 412 442 νούντων,
459 381 571 425 τῶν
618 372 998 442 συνᾳδόντων,
1045 382 1156 425 τῶν
1201 374 1302 427 τὸν
1340 374 1513 428 αὐτὸν
1557 377 1831 445 πληρούν-

143 483 256 517 των
308 462 494 531 χορόν,
556 461 622 513 τὰ
676 457 737 513 δὲ
790 469 902 513 τῶν
956 461 1141 514 ἄλλων
1195 467 1325 525 ἴσως
1378 460 1480 532 μὲν
1533 462 1652 517 οὐδ’
1693 464 1832 518 αὐτὰ

143 555 320 614 καλῶς
367 549 650 613 διάκειται,
702 548 770 601 οὐ
817 549 926 617 μὴν
967 549 1277 620 ἐδεήθησάν
1324 571 1385 619 γε
1425 554 1832 620 προσελθόντες

144 639 407 710 γενέσθαι
455 635 580 706 περὶ
629 637 813 690 αὐτῶν
859 637 920 690 ἐν
970 638 1104 704 ὑμῖν
1150 641 1332 706 λόγον.
1408 647 1722 710 μεμνῆσθαι
1770 643 1830 694 δὲ

142 731 334 791 πενίας
387 726 448 780 ἐν
493 730 748 779 πλείοσιν
794 726 977 779 αὐτῶν
1022 736 1134 779 τῶν
1173 718 1316 781 οὕτω
1366 731 1718 796 πραττόντων
1765 730 1831 783 οὐ

144 815 501 886 βουλομένων
556 820 686 878 ἴσως
741 814 810 869 ἂν
865 810 1011 885 εἶχεν
1065 818 1260 870 αἰτίαν.
1337 818 1423 870 35.
1479 813 1594 871 εἶτα
1645 818 1832 887 μέντοι

145 906 235 961 καὶ
281 907 343 959 τὸ
390 906 464 974 μὴ
509 906 950 974 παραδείγμασιν
996 904 1134 974 ὑπὲρ
1183 904 1409 960 ἐκείνων
1456 906 1660 960 ε’νεῖναι
1708 915 1834 976 χρῆ-

145 1002 283 1050 σθαι
321 1003 582 1063 παρεῖχεν
620 995 790 1047 ὄκνον
827 1001 902 1065 τῷ
946 993 1178 1062 λέγοντι.
1247 1004 1363 1058 τοῖς
1401 995 1502 1061 μέν
1542 1015 1602 1063 γε
1642 996 1834 1065 ῥήτορ-

146 1101 239 1139 σιν
277 1085 309 1153 ἡ
345 1084 624 1152 Ζηνοβίου
653 1086 1092 1151 ,συναγωνίζεται
1132 1092 1219 1152 γῆ,
1257 1085 1364 1152 πρὸ
1405 1085 1466 1137 δὲ
1505 1094 1614 1137 τῶν
1653 1085 1835 1137 ἄλλων

148 1172 364 1242 ἑτέρους
419 1171 479 1225 ἐκ
540 1175 807 1240 γεωργίας
861 1173 1117 1241 τοιαύτης
1171 1173 1558 1242 ὠφελημένους
1612 1174 1712 1226 οὐκ
1764 1169 1836 1242 ἧν

148 1265 305 1317 ἰδεῖν.
379 1261 671 1331 ἐφοβήθην
710 1257 815 1314 οὖν
853 1262 925 1329 μὴ
964 1270 1079 1324 τοῖς
1119 1260 1426 1330 ἀντιλέγειν
1464 1282 1556 1328 μοι
1596 1281 1838 1332 προῃρη-

146 1350 332 1418 μένοις
370 1350 403 1419 ἡ
441 1347 556 1403 κατ’
591 1349 819 1403 ἐκείνων
859 1351 996 1418 λαβὴ
1037 1349 1127 1403 καὶ
1167 1351 1228 1403 τὸ
1259 1351 1397 1420 ὑπὲρ
1433 1351 1646 1403 τούτων
1676 1370 1836 1403 κατα-

148 1441 331 1510 βλάψῃ
372 1440 604 1492 δίκαιον.
674 1437 745 1491 ἂν
784 1434 888 1492 οὖν
930 1439 1072 1508 εὕρω
1112 1440 1534 1508 μεγαλοψύχους
1571 1439 1710 1506 ὑμᾶς
1749 1437 1835 1492 ἐπὶ

147 1535 247 1581 τοῦ
285 1528 507 1598 πρώτου
546 1529 742 1596 λόγου,
792 1530 1057 1597 θαρρήσω
1106 1526 1196 1580 καὶ
1242 1527 1368 1596 περὶ
1407 1536 1507 1581 τοῦ
1555 1527 1836 1596 δευτέρου,

148 1615 240 1670 καὶ
285 1626 397 1670 τῶν
437 1617 578 1680 ὅλως
617 1616 896 1684 δεομένων
934 1619 1230 1685 θεραπείας
1275 1616 1398 1686 περὶ
1446 1620 1575 1679 τοὺς
1623 1618 1838 1684 λόγους,

148 1707 323 1759 πολλὰ
370 1707 474 1775 γὰρ
522 1714 701 1774 νοσεῖ,
750 1704 993 1769 τεύξεται
1041 1707 1341 1775 φροντίδος
1387 1706 1476 1759 καὶ
1523 1707 1839 1774 συμβουλῆς

150 1793 395 1848 ἕκαστον.
456 1794 489 1863 ἡ
523 1795 626 1863 γὰρ
660 1804 771 1847 τῶν
811 1794 1128 1848 ἀκουόντων
1165 1796 1454 1864 προθυμία
1485 1795 1690 1856 πολλὰς
1720 1812 1838 1846 ποι-

152 1886 271 1951 ήσει
308 1884 403 1945 τὰς
443 1884 763 1953 εἰσηγήσεις.

262 1971 347 2024 36.
405 1971 530 2025 Καὶ
568 1974 650 2041 τί,
705 1987 895 2041 φησιν,
942 1970 1077 2025 ἔδει
1119 1975 1319 2040 λόγου
1365 1970 1471 2025 καὶ
1511 1974 1839 2041 συλλόγου

151 2058 258 2113 καὶ
309 2068 424 2113 τοῦ
471 2063 729 2130 τρίβειν
773 2060 1019 2131 ἡμέραν
1073 2060 1220 2125 ἐξὸν
1274 2059 1513 2114 οὑτωσὶ
1568 2064 1840 2129 προσελ-

152 2151 362 2203 θόντα
429 2159 555 2203 τῶν
622 2150 1156 2217 πολιτευομένων
1225 2149 1467 2222 ἑκάστω
1537 2150 1640 2203 καὶ
1704 2150 1840 2201 δια-

155 2237 472 2306 λεχθέντα
521 2238 793 2310 βραχέσι
844 2239 1084 2309 ῥήμασι
1130 2247 1399 2308 ποιῆσαι
1453 2238 1678 2301 ταύτό;
1731 2257 1841 2290 τοι-

155 2333 293 2379 αῦτα
347 2325 460 2397 ε’ρεῖ
506 2348 587 2391 τις
634 2329 931 2397 ἅνθρωπος
978 2328 1038 2390 ὃς
1084 2326 1170 2396 ἐφ’
1204 2327 1445 2390 ἅπαντας
1495 2324 1596 2394 μὲν
1646 2326 1842 2395 ἀφίησι

155 2415 448 2484 σκώμματα
485 2417 575 2469 καὶ
614 2416 834 2487 τέρπειν
881 2422 1052 2469 οἴεται
1099 2418 1230 2478 τοὺς
1277 2417 1572 2483 συνόντας,
1620 2417 1734 2467 ἔστι
1781 2414 1842 2467 δὲ
1867 2438 1885 2469 2

598 2503 622 2524 Ἃ

156 2502 326 2556 πλέον
365 2503 550 2574 ἀηδής,
591 2525 623 2574 η
656 2507 861 2575 χαρίεις
901 2501 1043 2558 εἶναι
1076 2506 1296 2573 νομίζει.
1367 2504 1451 2556 37.
1492 2512 1712 2572 πρῶτον
1742 2499 1844 2568 μὲν

279 2728 300 2765 1
335 2721 657 2779 συμπινόντων
691 2725 735 2768 V
804 2722 1103 2768 συναδόντων
1129 2724 1172 2767 Β
1310 2728 1334 2765 2
1368 2722 1730 2778 συμπονούντων
1755 2722 1799 2765 Β

157 2787 250 2825 τῶν
281 2782 435 2826 αὐτῶν
464 2783 500 2825 Ι
667 2790 700 2827 ⁸
748 2784 902 2827 αὐτῶν
934 2784 1144 2827 ΑΙΒΜο
1176 2782 1277 2825 Mor
1366 2783 1520 2826 ἀυτων
1560 2781 1602 2823 V
1637 2780 1717 2823 sed
1750 2780 1846 2836 spir

152 2850 299 2895 'supra
330 2857 358 2884 υ
390 2854 492 2884 eras
525 2843 574 2885 et
602 2839 614 2856 '
651 2843 745 2886 add
768 2842 838 2884 m²
989 2846 1014 2884 6
1047 2841 1102 2885 οὐ
1134 2842 1260 2884 inser
1285 2842 1342 2886 ΟΒ
1494 2843 1548 2884 10
1580 2839 1708 2894 παρὰ
1741 2840 1844 2883 coni

161 2896 364 2943 Sintenis
517 2905 568 2943 11
604 2900 910 2957 ὠφελημένων
943 2902 1042 2944 Par
1081 2901 1128 2943 et
1159 2917 1213 2956 γρ
1246 2900 1294 2942 in
1320 2912 1453 2956 marg
1478 2899 1578 2942 Mor
1730 2903 1783 2941 13
1820 2898 1843 2952 ἠ

159 2958 344 3012 reposui
370 2971 395 3002 e
418 2958 551 3003 libris
613 2955 642 3018 ᾖ
674 2961 774 3004 Par
798 2959 889 3003 edd
1011 2964 1067 3002 24
1098 2959 1182 3015 μὲν
1213 2973 1288 3002 om
1313 2960 1344 3002 I
1471 2962 1526 3000 ‘26
1553 2956 1675 3015 <ὃς>
1694 2953 1844 3001 εἶναι’.)

1861 1111 1901 1143 10

1864 1554 1903 1585 15

1865 1996 1907 2028 20
