1992 3094
392 118 621 163 LIBANII
652 119 876 164 ORATIO
908 119 988 163 DE
1020 120 1312 166 ANTIOCHI
1343 120 1549 166 UXORE
1743 121 1811 173 67

126 256 398 322 ναυαγίαν
437 255 602 324 ἐγγὺς
641 251 816 310 οὖσαν
855 258 1146 326 ἄνθρωποι
1193 258 1560 326 διαφυγόντες
1598 264 1663 327 τῇ
1702 266 1815 310 τῶν

134 344 496 413 Τυνδαριδῶν
546 344 859 416 ἐπικουρίᾳ,
913 346 947 414 ἢ
998 346 1125 399 οἵαν
1179 347 1443 414 λυθείσης
1495 347 1814 415 πολιορκίας

125 433 182 485 οἱ
216 432 349 495 τέως
385 434 804 503 καθειργμένοι,
854 435 1117 502 τοιαύτην
1161 434 1316 503 ἡμεῖς
1356 435 1442 487 ἐπὶ
1480 437 1582 503 τὴν
1621 434 1813 503 προτέ-

126 540 230 589 ραν
268 524 492 592 μορφὴν
530 532 626 592 τῆς
664 523 868 593 ἀγορᾶς
905 524 1168 592 ἡκούσης,
1217 524 1352 576 ὥστε
1390 524 1815 592 περιβάλλοντες

125 610 393 680 ἀλλήλους
448 611 749 681 ἐφιλοῦμεν
803 621 916 665 τῶν
970 611 1074 665 ἀπὸ
1129 620 1229 665 τοῦ
1283 621 1479 681 πεινῆν
1534 613 1815 665 κινδύνων
1861 633 1880 666 5

124 699 553 770 ἑκβεβλημένων.

236 789 283 843 9.
329 788 780 859 Ἐπαινουμένων
819 791 880 844 δὲ
918 801 1030 844 τῶν
1067 811 1126 844 τε
1164 792 1348 844 ἄλλων
1393 796 1546 844 θεῶν
1591 791 1681 843 καὶ
1720 798 1815 858 τῆς

132 879 309 948 Τύχης
376 878 468 932 καὶ
529 890 642 932 τῶν
711 878 942 942 ἐκείνοις
1008 879 1433 949 ὑπηρετηκότων
1494 878 1814 947 ἀνθρώπων

123 966 377 1036 ἐφίστησι
415 976 480 1038 τῇ
520 970 718 1037 πράσει
757 977 822 1040 τῇ
862 978 974 1022 τῶν
1013 971 1198 1039 ἄρτων
1228 968 1519 1021 Κάνδιδον
1557 969 1657 1020 τὸν
1692 969 1814 1036 ἡμι-

122 1064 263 1125 μανῆ
319 1060 450 1121 τοὺς
495 1057 589 1110 ὑπ’
621 1057 837 1112 ἐκείνου
891 1056 1451 1128 παρασκευασθέντας
1497 1055 1814 1125 ἐπαγγεῖλαι
1838 1077 1881 1109 10

118 1153 285 1199 ’τοῦτο
325 1149 556 1214 νομίσας
594 1130 737 1202 εἶναι
775 1149 876 1217 τὴν
914 1150 1094 1201 πόλιν.
1173 1148 1226 1200 οῖ
1266 1143 1327 1200 δὲ
1366 1141 1507 1215 ἦσαν
1542 1143 1548 1217 Ι
1585 1146 1644 1198 οἵ
1693 1159 1734 1202 R
1756 1158 1899 1202 11331

122 1254 178 1288 τε
217 1235 424 1289 οἰκέται
462 1245 562 1290 τοῦ
600 1238 888 1291 Κανδίδου
927 1239 1022 1290 καί
1058 1257 1204 1299 τινες
1244 1237 1403 1289 ἄλλοι
1441 1244 1554 1288 τῶν
1591 1237 1658 1288 τὰ
1683 1234 1813 1289 ’κεί-

121 1343 225 1377 νου
266 1327 578 1392 φαγόντων.
648 1326 676 1379 ὁ
717 1322 822 1379 οὗν
854 1327 1136 1389 Κάνδιδος
1176 1325 1357 1395 εὑρὼν
1395 1325 1654 1394 ἀφορμὴν
1692 1324 1813 1378 κλέ-

120 1430 224 1482 πτῃ
265 1418 668 1469 λυσιτελοῦσαν
707 1415 886 1485 φύλαξ
927 1412 1029 1482 μὲν
1068 1411 1147 1468 ὧν
1180 1414 1479 1482 ἐπιστεύθη
1519 1415 1686 1476 κακὸς
1723 1410 1812 1482 ἦν,

122 1500 361 1571 ἐχθροὺς
400 1500 462 1556 δὲ
501 1503 726 1575 ἐχθροῖς
757 1505 1067 1575 προῦπινεν
1098 1503 1430 1574 ἀρτοποιοὺς
1466 1506 1667 1555 πωλῶν
1697 1511 1812 1565 τοῖς
1837 1522 1879 1555 15

122 1588 345 1661 ἐχθροῖς
382 1594 512 1656 τούς
551 1614 604 1647 τι
644 1596 1036 1662 λελυπηκότας,
1086 1586 1176 1646 οἷα
1214 1593 1280 1645 τὰ
1320 1601 1432 1645 τῶν
1470 1590 1532 1645 ἐν
1570 1599 1634 1661 τῇ
1675 1592 1810 1661 αὐτῇ

119 1679 296 1751 τέχνῃ.
377 1682 459 1735 10.
500 1683 804 1753 ἄνθρωπον
843 1679 949 1736 οὖν
988 1683 1282 1751 συλλαβὼν
1322 1680 1529 1750 ἐπιεικῆ
1578 1679 1812 1750 γέροντα

241 1831 265 1871 9
299 1827 357 1872 cf.
382 1830 415 1872 ι.
433 1829 455 1872 1
481 1833 579 1883 183,
599 1833 624 1872 9

243 1951 296 1990 10
330 1948 617 2006 ἐπαγγεῖλαι·
653 1947 755 2003 ἤτοι
786 1951 990 2004 ζητῆσαι,
1024 1947 1214 2004 αἰτῆσαι
1246 1948 1289 1989 V

244 2085 266 2123 1
300 2080 423 2124 inter
455 2079 691 2139 ναυαγίαν
723 2084 771 2126 eb
795 2082 929 2139 ἐγγὺς
959 2095 1034 2125 ras
1059 2086 1086 2124 4
1110 2081 1191 2124 litt
1215 2082 1261 2125 P
1378 2085 1403 2123 3
1434 2079 1519 2135 τὴν
1552 2078 1700 2135 αὐτὴν
1726 2081 1810 2124 Mo

121 2142 146 2181 6
178 2140 286 2195 post
318 2139 660 2198 ἐκβεβλημένων
693 2141 828 2185 colon
854 2142 1008 2185 PBM
1015 2142 1065 2194 V,
1100 2153 1280 2184 comma
1312 2141 1347 2183 I
1461 2143 1486 2181 8
1520 2136 1701 2194 ἐκείνης
1723 2140 1758 2182 Ι

178 2203 202 2240 9
237 2196 447 2255 ἐφίστησι
471 2201 518 2244 Ρ
546 2201 627 2244 sed.
659 2214 788 2258 στησι
812 2201 861 2243 in
885 2214 959 2244 ras
985 2200 1055 2243 m⁴
1177 2203 1232 2243 10
1265 2199 1554 2255 ἐπαγγεῖλαι·
1591 2198 1671 2243 CA
1683 2198 1752 2242 Va

121 2315 398 2373 ἐπαγγεῖλαι,
424 2319 536 2363 ΒΜ
547 2318 681 2376 Bong
804 2324 856 2363 11
890 2277 975 2376 1211
998 2304 1135 2364 πολιεῧ
1162 2318 1223 2360 M
1279 2323 1334 2372 τῆ
1361 2315 1491 2361 πόλει
1515 2318 1548 2360 Ι
1667 2321 1719 2360 12
1752 2315 1809 2360 τὰ

120 2372 276 2420 κείνου
300 2378 394 2422 ΑΡ
421 2378 503 2421 sed
527 2378 578 2420 in
601 2378 690 2422 hoc
715 2378 724 2393 ³
766 2379 815 2421 in
839 2393 914 2423 ras
939 2379 1010 2422 m³
1070 2374 1289 2422 τάκείνου
1322 2377 1465 2420 ΒΜΙ
1581 2380 1635 2419 13
1667 2377 1807 2434 λῃστῇ

121 2432 189 2478 Re
311 2440 364 2478 15
398 2437 600 2494 ἐχθροὺς
617 2463 673 2470 —-
692 2439 973 2491 ἀρτοποιοὺς
995 2436 1252 2494 praemisso
1277 2435 1503 2494 Λιβάνιος
1527 2435 1576 2480 ἐν
1600 2438 1663 2494 τῷ
1690 2433 1810 2477 κατὰ

115 2489 321 2549 Ἰκαρίου
361 2495 478 2539 citat
509 2495 671 2541 Thom.
696 2497 757 2541 M.
786 2513 819 2540 S.
838 2513 877 2540 v.
912 2495 1178 2550 ἀρτοπόπος
1206 2510 1251 2551 p.
1279 2500 1319 2549 4,
1339 2498 1364 2537 8
1416 2499 1421 2551 1
1471 2493 1730 2550 προῦπινεν
1762 2494 1808 2538 Α

121 2552 202 2596 sed
226 2571 279 2609 γρ
291 2555 565 2608 προύτεινεν
581 2556 631 2598 in
647 2570 782 2613 marg
841 2557 1113 2610 προῦτεινεν
1134 2555 1214 2599 ΟΡ
1229 2555 1309 2598 sed
1326 2555 1373 2597 in
1391 2553 1479 2597 hoo
1494 2550 1507 2567 ’
1528 2553 1611 2608 m³‚
1636 2554 1807 2608 (Patm)

129 2610 345 2666 VaUMo,
378 2631 432 2670 γρ
468 2614 535 2657 V²
565 2615 615 2657 in
637 2629 784 2673 marg,
818 2615 966 2659 Thom
1056 2631 1177 2670 πρου
1218 2627 1323 2656 cum
1352 2613 1523 2657 lacuna
1555 2617 1582 2655 4
1614 2611 1693 2655 litt
1717 2612 1762 2654 B
1798 2610 1803 2668 Ι

119 2669 398 2725 ἀρτοποιούς
422 2674 514 2717 AB
546 2674 628 2717 sed
661 2674 797 2718 ambo
831 2692 884 2731 γρ
911 2674 1207 2730 ἀρτοπόπους
1237 2673 1286 2715 in
1311 2686 1458 2730 marg,
1496 2672 1540 2714 V
1565 2673 1630 2727 (et
1654 2673 1806 2725 Patm)

1261 2732 1271 2747 ι

73 2806 79 2811 .
121 2772 203 2816 sed
233 2791 287 2831 γρ
312 2774 610 2831 ἀρτοπόπους
640 2777 689 2820 in
714 2792 848 2835 marg
870 2777 940 2821 m²
1001 2746 1304 2833 ἀρτοπῗόἳίόύὲ
1326 2778 1371 2820 Ρ
1400 2775 1482 2819 sed
1504 2774 1674 2818 ποιούσ
1705 2786 1806 2817 eras

121 2876 168 2918 et
198 2893 252 2933 γρ
270 2877 549 2933 ἀρτοποιούς
571 2881 620 2923 in
637 2894 772 2938 marg
798 2881 868 2925 m⁸
929 2854 1241 2937 ἀρτοπόξτᾎοιῗςς
1263 2881 1330 2924 Va
1391 2875 1690 2934 ἀρτοκόπους
1713 2876 1813 2921 BU

56 2936 58 2938 ’
121 2931 268 2979 Thom
328 2938 597 2993 ἀρτοποιοῖς
626 2941 735 2995 post
765 2941 1046 2995 ἀρτοποιοὺς
1076 2942 1202 2985 inser
1232 2939 1336 2983 coni
1368 2938 1435 2981 Re

63 3012 66 3014 .
1481 3014 1538 3058 ὅ.
