1992 3094
537 814 778 876 ΚΑΤΑ
822 814 1181 877 IKAPIOT
1271 814 1344 875 A.

206 962 250 1015 1.
284 960 561 1015 Ἐπαίνων
598 960 842 1031 ἠξιωκὼς
880 961 913 1014 ἃ
951 970 1047 1030 τῆς
1085 965 1368 1032 βελτίονος
1407 957 1477 1030 ἧν
1507 964 1625 1031 μοί·
1665 975 1707 1019 R
1729 974 1875 1022 Hllo

90 1071 190 1122 ρας
228 1060 339 1104 τῶν
371 1048 587 1123 Ἰκαρίῳ
633 1050 1051 1122 πεπραγμένων,
1103 1047 1255 1120 οἶμαι
1302 1053 1602 1121 προσήκειν
1648 1052 1786 1121 μηδὲ

86 1141 153 1192 τὰ
213 1142 376 1209 χείρω
432 1124 668 1209 σιγῆσαι.
746 1141 807 1193 τὸ
863 1141 968 1209 γὰρ
1027 1142 1246 1193 δίκαιον
1308 1140 1482 1203 οὕτως
1537 1139 1607 1193 ἂν
1660 1138 1778 1193 κατ’

88 1230 255 1298 ἄμφω
297 1230 520 1294 σώζοιτο
560 1238 672 1282 τῶν
718 1229 821 1298 μὲν
861 1229 1138 1298 εὐλογίας,
1193 1238 1305 1282 τῶν
1353 1229 1413 1282 δὲ
1459 1231 1787 1299 κατηγορίας
1833 1254 1852 1286 5

89 1319 481 1387 τετυχηκότων,
529 1316 620 1371 καὶ
661 1319 770 1388 ἅμα
810 1319 1095 1388 δειχθείην
1133 1317 1203 1371 ἂν
1242 1317 1301 1372 ἐκ
1340 1319 1554 1372 τούτων
1591 1319 1786 1387 ἥκιστα

87 1405 422 1475 κολακεύων,
473 1412 623 1475 εἴπερ
670 1405 762 1460 καὶ
809 1406 871 1460 ἐν
910 1400 994 1470 οἷς
1039 1407 1350 1478 ἡμαρτηκεν
1395 1408 1685 1478 εἰρήσεται.
1755 1405 1784 1459 ὃ

88 1503 200 1548 τῶν
246 1496 430 1548 ἄλλων
469 1495 592 1549 ὅσοι
639 1497 1096 1565 συγγεγραφασιν
1136 1496 1238 1549 οὐκ
1278 1490 1404 1549 οἴδα
1449 1494 1626 1565 ἔγωγέ
1657 1515 1787 1549 τινα

86 1586 448 1652 πεποιηκότα,
500 1582 616 1637 ἀλλ’
648 1584 715 1638 ὃν
761 1585 835 1647 ὡς
888 1586 1127 1654 χρηστὸν
1173 1583 1464 1656 ἐπῄνεσαν,
1519 1584 1786 1653 μένουσιν

89 1670 462 1742 ἐπαινοῦντες,
502 1671 607 1726 κᾶν
645 1674 979 1728 τούναντίον
1017 1683 1200 1727 ποιεῖν
1230 1681 1469 1744 παραινῇ
1508 1675 1574 1726 τὰ
1612 1673 1778 1742 πρᾶγ·
1809 1699 1852 1730 10

27 1819 31 1822 ,
86 1780 258 1830 ματα,
319 1762 570 1832 καθάπερ
632 1771 744 1816 τῶν
797 1761 1029 1826 ἐκείνοις
1090 1760 1190 1827 ἔξω
1252 1770 1352 1816 τοῦ
1407 1765 1783 1833 προσήκοντος

90 1850 473 1920 γεγενημένων
513 1850 670 1904 αὐτοὶ
711 1852 982 1915 δώσοντες
1021 1853 1201 1920 λόγον.

211 2004 250 2049 Ο
329 2026 384 2041 =
417 2003 563 2048 codex
595 2004 842 2048 Chisianus

207 2064 253 2107 A
329 2086 385 2100 =
416 2063 709 2107 Monacensis
741 2079 808 2121 gr.
834 2068 920 2108 483
955 2064 1294 2121 (Augustanus)

208 2124 254 2166 P
327 2145 382 2159 =
414 2122 658 2167 Palatinus
690 2138 757 2180 gr.
785 2127 870 2167 282

207 2182 243 2224 I
327 2204 382 2218 =
414 2182 681 2226 Marcianus
715 2182 914 2239 append.
947 2181 1048 2227 XCI
1072 2187 1097 2225 2

208 2241 294 2285 Mo
326 2263 381 2278 =
413 2241 708 2285 Monacensis
740 2257 807 2298 gr.
836 2246 918 2286 101

208 2300 255 2343 Β
327 2323 383 2337 ==
414 2300 697 2344 Barberinus
726 2301 770 2344 Π
792 2306 847 2344 41

218 2360 286 2403 Va
329 2381 384 2396 =
417 2359 675 2404 Vaticanus
706 2375 774 2417 gr.
800 2365 854 2403 81

218 2419 262 2462 V
328 2441 383 2455 =
415 2418 790 2463 Vindobonensis
821 2419 935 2476 phil.
969 2434 1035 2476 gr.
1062 2418 1204 2462 XCIII

212 2563 235 2602 1
268 2566 350 2604 τοῦ
382 2561 527 2604 αὐτοῦ
561 2562 669 2604 ante
701 2560 820 2604 κατὰ
846 2562 891 2605 V
940 2562 945 2616 Ι
996 2562 1079 2603 ᾶθς
1111 2559 1204 2603 add
1230 2558 1301 2602 Ρ2
1392 2566 1572 2615 πρῶτος
1597 2560 1721 2603 BVa

93 2630 166 2661 om
194 2618 417 2663 OAMoV
466 2620 472 2678 Ι
522 2618 656 2676 λόγος
694 2618 1085 2669 ἐννακαιδέκατος
1121 2620 1228 2675 post
1260 2617 1447 2673 ἱκαρίου
1482 2619 1526 2662 V
1555 2617 1687 2672 rubr,
1730 2617 1781 2661 in

46 2688 50 2691 ’
92 2689 242 2749 marg
255 2676 337 2721 κθ’
364 2678 411 2734 Ο,
442 2637 601 2735 Myos-y
607 2677 675 2731 κζ’
697 2679 770 2734 Ι3,
802 2695 860 2735 μγ
892 2679 938 2722 Β
968 2678 1080 2721 rubr
1261 2682 1286 2721 3
1334 2677 1395 2734 μὴ
1427 2677 1478 2722 δὲ
1510 2677 1729 2722 IBMoV

92 2739 119 2778 5
153 2733 370 2791 φαίνοιτο
398 2713 536 2781 'Patm
568 2738 649 2781 sed
681 2755 735 2794 γρ
762 2738 949 2790 σώζοιτο
980 2737 1030 2779 111
1053 2750 1187 2794 marg
1210 2736 1279 2779 m²
1401 2741 1425 2779 6
1459 2739 1529 2780 ὃει
1559 2733 1667 2792 θείη
1694 2736 1780 2780 Mo

91 2793 195 2837 Mor
225 2795 306 2839 sed
336 2795 385 2838 in
408 2796 498 2840 hoc
528 2796 578 2839 in
602 2809 738 2854 marg
767 2814 821 2853 γρ
841 2793 1080 2869 δειχθείην
1202 2799 1228 2838 8
1261 2794 1410 2839 αλλων
1442 2808 1497 2838 ex
1555 2796 1647 2839 λων
1680 2808 1782 2838 corr

94 2852 201 2897 Mo²
368 2859 422 2898 10
454 2855 544 2900 κάν
573 2856 610 2899 Ι
634 2855 716 2899 sed
746 2855 796 2897 in
827 2872 916 2899 καν
949 2867 1051 2898 con·
1072 2854 1156 2909 1113,
1189 2855 1233 2898 Β
1276 2856 1282 2909 Ι
1324 2851 1603 2898 τούναντίου
1636 2855 1720 2898 Mo

91 2926 175 2955 του
235 2911 427 2958 ναντίον
452 2915 487 2957 I
503 2927 609 2957 cum
630 2927 706 2957 ras
725 2918 750 2957 2
775 2913 854 2958 litt
878 2915 985 2970 post
1007 2931 1050 2968 v,
1079 2926 1219 2970 supra
1245 2910 1401 2968 quod'
1430 2926 1515 2968 pos
1531 2912 1601 2955 m³
1628 2914 1634 2969 Ι
1661 2927 1780 2968 παρ-

93 2978 219 3014 αινεῖ
246 2973 278 3015 1
305 2971 387 3016 sed
419 2988 458 3016 ει
490 2972 539 3015 in
569 2989 597 3029 η
631 2986 732 3016 corr
754 2973 837 3027 m⁸‚
873 2974 957 3017 Mo
