1930 3082
419 760 1027 824 PRAEFATIO
1078 763 1510 825 ORITIOA.

236 895 377 952 Quod
408 896 657 944 volumine
690 897 903 945 secundo
931 898 1203 959 prodeunte
1235 899 1394 947 facere
1425 900 1526 946 iam
1550 915 1648 946 non
1672 901 1812 961 potui

122 973 180 1018 ut
218 986 347 1032 quae
395 985 617 1019 censores
663 971 931 1020 voluminis
975 974 1124 1034 primi
1171 973 1318 1020 aliter
1362 973 1558 1021 institui
1604 972 1811 1020 scribive

123 1045 388 1092 voluerunt
425 1045 479 1091 in
517 1044 927 1107 disceptationem
961 1061 1203 1107 vocarem,
1241 1047 1293 1093 id
1324 1046 1376 1093 in
1407 1047 1651 1108 posterius
1691 1049 1811 1094 tem-

122 1134 215 1180 pus
255 1118 450 1166 differre
488 1118 683 1182 fugiens
721 1120 1025 1182 praefationi
1061 1121 1209 1168 huius
1248 1120 1513 1168 voluminis
1550 1121 1811 1168 reservavi.

233 1193 462 1241 Profecto
493 1195 687 1256 tempus
716 1194 838 1240 mihi
869 1210 968 1242 non
991 1194 1149 1242 defuit
1173 1193 1477 1243 deliberandi
1501 1210 1598 1255 qua
1621 1195 1811 1242 ratione

124 1282 246 1328 opus
295 1267 441 1328 quale
488 1282 613 1315 unus
659 1267 803 1315 hodie
849 1284 948 1316 non
993 1270 1067 1316 ita
1113 1268 1258 1317 facile
1313 1268 1572 1330 suscipiat,
1627 1267 1811 1329 optime

123 1356 424 1402 exsequerer.
478 1340 815 1389 Nihilominus
844 1342 1050 1390 consilia
1080 1343 1282 1391 iHorum
1306 1344 1525 1390 virorum
1556 1341 1811 1389 doctorum

123 1415 318 1463 etiamsi
365 1430 394 1462 a
431 1416 553 1463 meis
591 1417 836 1464 institutis
877 1416 1141 1477 distarent,
1188 1418 1329 1477 sequi
1374 1431 1473 1464 non
1519 1415 1812 1475 dubitarem,

122 1489 389 1537 dummodo
429 1492 742 1551 praestarent
780 1490 859 1538 vel
899 1506 1036 1551 spem
1076 1490 1274 1538 effectus
1311 1490 1563 1537 haberent.

235 1563 526 1612 Fritzius
544 1557 585 1630 1)
640 1564 990 1628 prolegomena
1041 1565 1240 1626 copiosa
1290 1562 1589 1611 desideravit
1635 1562 1811 1624 quibus

123 1638 354 1685 universa
392 1653 596 1699 operum
635 1637 1025 1686 Libanianorum
1063 1639 1301 1686 memoria
1339 1639 1674 1698 exponeretur.
1743 1635 1813 1683 At

122 1711 235 1772 plus
276 1711 372 1758 duo
404 1712 658 1760 volumina
697 1712 956 1761 scribenda
985 1712 1196 1760 fuissent
1226 1711 1402 1774 quibus
1442 1711 1631 1759 codices
1671 1709 1809 1771 quin-

122 1785 259 1849 genti
314 1785 707 1834 describerentur
753 1789 802 1834 et
846 1788 898 1834 in
949 1786 1166 1834 familias
1217 1786 1554 1849 digererentur
1603 1786 1652 1832 et
1702 1799 1812 1831 cum

121 1860 420 1907 testimoniis
445 1861 742 1922 scriptorum
767 1861 1117 1920 conferrentur,
1145 1861 1433 1921 priusquam
1459 1873 1606 1905 unam
1630 1858 1811 1904 lineam

123 1948 325 1994 operum
363 1935 584 1996 ipsorum
622 1934 912 1982 exhiberem.
991 1932 1187 1994 Optime
1226 1950 1302 1979 me
1343 1933 1578 1980 brevitati
1617 1933 1666 1978 et
1702 1946 1813 1992 per-

122 2007 381 2068 spicuitati
421 2009 762 2056 consulturum
812 2023 915 2056 esse
955 2023 1234 2055 asseverare
1273 2022 1486 2068 possum,
1526 2006 1568 2052 si
1606 2004 1694 2051 illa
1732 2019 1810 2051 ex·

122 2080 304 2141 positio
365 2083 479 2142 post
543 2083 825 2130 contextum
894 2097 1096 2143 operum
1157 2083 1376 2142 ipsorum
1445 2080 1604 2127 locum
1669 2093 1812 2125 suum

121 2155 380 2204 invenerit.
465 2156 888 2204 Necessitudinem
940 2171 1055 2203 vero
1108 2170 1258 2216 quam
1306 2154 1438 2201 inter
1487 2152 1676 2201 codices
1726 2150 1812 2198 ad-

121 2227 305 2277 hibitos
344 2229 645 2278 intercedere
676 2231 730 2277 in
770 2229 1077 2293 singularum
1109 2230 1389 2276 orationum
1420 2224 1810 2288 praefationibus

122 2301 246 2363 dixi,
299 2305 467 2351 utrum
521 2306 680 2352 exstet
724 2318 897 2366 necne,
951 2304 1053 2350 iam
1106 2317 1235 2350 nunc
1291 2301 1627 2362 unusquisque
1673 2299 1849 2345 cuius.

121 2377 328 2425 interest
381 2393 406 2423 e
460 2377 610 2439 plena
666 2378 914 2439 scriptura
967 2375 1205 2424 librorum
1260 2374 1478 2423 exhibita
1532 2371 1808 2420 examinare

121 2451 300 2511 potest.

233 2523 514 2587 Descriptio
554 2524 777 2572 codicum
816 2538 942 2586 quae
982 2523 1156 2570 Fritzii
1202 2522 1429 2585 plausum
1476 2519 1594 2567 tulit
1639 2518 1711 2566 ita
1754 2520 1810 2563 ut

123 2611 233 2644 eam
279 2597 392 2646 aliis
439 2599 709 2660 exemplari
756 2612 857 2646 esse
903 2612 1044 2658 posse
1087 2596 1291 2656 diceret,
1338 2596 1468 2643 iusto
1515 2593 1666 2640 latior
1703 2593 1810 2638 visa

123 2672 198 2718 est
239 2666 614 2738 Oroenerto2)
658 2673 731 2719 ita
776 2674 833 2718 ut
878 2670 1147 2718 remedium
1188 2685 1218 2717 a
1255 2684 1331 2716 me
1382 2668 1552 2728 quaeri
1599 2663 1809 2712 voluerit

244 2827 286 2883 1)
318 2826 501 2871 Blatter
530 2826 607 2869 fiir
638 2827 721 2869 das
755 2822 1316 2881 Gymnasialschulwesen
1348 2821 1424 2864 XL
1455 2836 1500 2877 p.
1527 2824 1611 2863 256
1623 2833 1689 2874 sq.

243 2887 286 2941 2)
320 2884 691 2929 Gott.Ge1.Anz.
714 2888 825 2928 1904
858 2882 913 2926 N.
933 2887 958 2925 9
991 2898 1034 2939 p.
1057 2885 1216 2937 730sq.
