1992 3094
365 105 591 150 LIBANII
622 103 846 149 ORATIO
878 104 959 148 DE
991 104 1283 150 ANTIOCHI
1314 104 1520 150 UXORE
1718 105 1783 156 77

96 263 220 298 κειν
258 241 394 311 μέγα
444 242 727 295 δύνασθαι
772 241 832 293 τὸ
874 241 1106 293 δίκαιον.
1185 242 1233 293 εἰ
1272 237 1333 293 δὲ
1371 238 1519 294 τοῦτ’
1551 237 1638 309 ἧν,
1687 240 1786 309 οὐχ

103 332 316 405 ὅσῳπερ
369 337 493 399 νῦν,
534 328 782 383 ’ἐλείπετ’
821 328 892 382 ἄν
944 339 1057 383 τῶν
1109 331 1283 383 θείων
1337 330 1669 399 πραγμάτων
1722 330 1788 381 τὰ

99 420 439 490 ἀνθρώπεια.
529 426 639 472 νῦν
693 415 753 471 δὲ
816 416 961 471 τοῦτ’
1000 416 1116 471 ἔστι
1171 420 1232 472 τὸ
1296 418 1529 487 μάλιστα
1589 418 1787 486 πικρὸν

101 515 306 562 ποιοῦν
343 508 441 560 τὸν
477 507 744 577 ἡμέτερον
781 509 927 575 βίον,
968 507 1052 560 ὅτι
1091 508 1268 560 πολλὰ
1306 508 1407 574 μὲν
1444 509 1511 560 τὰ
1548 516 1660 560 τῶν
1697 508 1788 559 νό-

103 617 222 667 μων
260 597 563 665 γράμματα,
601 598 669 649 τὰ
706 593 809 664 μὲν
845 597 1073 664 παλαιά,
1112 597 1178 648 τὰ
1217 593 1278 648 δὲ
1316 595 1430 663 νέα,
1469 604 1788 648 καταπατεῖ-
1836 614 1855 646 5

98 706 190 739 ται
245 685 306 739 δὲ
358 685 467 739 ὑπὸ
528 694 640 738 τῶν
702 684 1048 739 ἀδικούντων
1101 684 1274 754 ἡδέως
1307 693 1423 753 »τῆς
1475 682 1790 747 πλεονεξίας

102 778 313 845 μᾶλλον
363 772 450 844 ἐφ’
491 772 692 844 ἑαυτὴν
744 772 1009 842 ἑλκούσης
1057 773 1090 843 ἢ
1141 774 1354 827 τούτων
1405 773 1789 842 ἀνειργόντων.

102 863 190 917 30.
243 861 350 932 ἐγὼ
398 859 460 916 δὲ
507 861 620 917 οὔτ’
653 864 847 916 ἄλλοτε
892 864 1109 916 πώποτε
1154 862 1479 932 προηκάμην
1520 870 1635 924 τοῖς
1674 861 1790 914 ἀδι-

99 960 265 1006 κοῦσι
310 954 441 1015 τοὺς
491 951 892 1019 ἀδικουμένους
938 953 1030 1004 διὰ
1075 953 1136 1005 τὸ
1183 954 1314 1014 τοὺς
1359 948 1462 1020 μὲν
1500 947 1643 1004 εἶναι
1681 959 1791 1003 τῶν

105 1040 513 1111 λαμπροτέρων,
567 1043 696 1104 τοὺς
743 1038 803 1094 δὲ
849 1050 960 1094 τῶν
1013 1039 1452 1109 καταδεεστέρων
1507 1040 1634 1092 οὔτε
1683 1047 1792 1091 νῦν
1816 1060 1858 1092 ιο

100 1127 252 1182 τοῦτ’
283 1131 514 1199 ἔμελλον
551 1122 857 1183 πείσεσθαι.
933 1130 1006 1199 μὴ
1053 1130 1158 1199 γὰρ
1199 1129 1282 1181 ὅτι
1321 1130 1628 1197 Κάνδιδον,
1667 1125 1783 1180 ἀλλ’

100 1216 226 1271 οὐδ’
256 1217 325 1271 ἂν
364 1219 462 1271 τὸν
508 1217 749 1287 ἐμαυτοῦ
795 1217 1003 1288 πατέρα
1049 1219 1219 1271 ταύτὰ
1258 1218 1523 1289 Κανδίδῳ
1568 1234 1792 1285 πεποιη-

102 1307 235 1360 κότα
273 1309 547 1377 πρότερον
585 1306 654 1360 ἂν
687 1309 897 1376 ἤγαγον
928 1315 1028 1360 τοῦ
1064 1310 1070 1376 Ι
1104 1315 1331 1360 τοιαῦτα
1361 1308 1643 1368 παθόντος
1673 1318 1715 1361 R
1735 1318 1880 1361 11339

109 1404 419 1463 σιτοποιοῦ,
467 1396 585 1450 ἀλλ’
618 1395 739 1450 οὐδ’
770 1396 840 1449 ἂν
885 1397 1056 1450 ἄλλου
1103 1397 1254 1458 τινὸς
1292 1405 1404 1448 τῶν
1444 1394 1504 1448 ἐν
1544 1394 1792 1447 ἐλάττονι

102 1483 267 1554 τέχνῃ
322 1484 440 1538 οὐδ’
472 1486 558 1553 ἄν,
612 1487 686 1554 μὰ
731 1488 862 1549 τοὺς
914 1486 1109 1553 θεούς,
1162 1486 1490 1553 τυροπώλου
1547 1483 1681 1536 οὐδέ
1730 1502 1793 1551 γε
1817 1504 1858 1537 15

110 1571 391 1636 ὀξοπώλου
455 1575 586 1627 οὐδὲ
642 1575 1024 1644 ἰσχαδοπώλου
1080 1573 1216 1627 οὐδέ
1265 1593 1326 1641 γε
1386 1573 1792 1643 νευρορράφου.

106 1662 181 1731 μὴ
235 1657 338 1715 οὖν
391 1683 484 1732 μοι
538 1662 738 1732 λεγέτω
798 1684 882 1726 τις
943 1663 1156 1734 ἅρματα
1217 1661 1250 1731 ἢ
1314 1662 1556 1731 ἀθλητὰς
1612 1661 1645 1730 ἢ
1700 1662 1793 1730 ἅρ-

104 1769 271 1813 κτους
324 1751 356 1820 ἢ
409 1750 732 1820 κυνηγέτας·
793 1752 1012 1814 τούτοις
1066 1752 1169 1821 γὰρ
1225 1752 1430 1804 ἅπασιν
1485 1750 1794 1818 ἀντιτεταγ-

108 1837 277 1907 μένου
326 1842 387 1893 τὸ
444 1841 664 1894 δίκαιον
717 1844 929 1909 μᾶλλον
984 1841 1130 1911 αὑτῷ
1184 1843 1368 1893 πείθει
1422 1839 1712 1908 προσέχειν
1761 1838 1794 1906 ἢ

122 1925 350 1991 ’κείνοις
428 1929 514 1982 31.
568 1931 754 1982 πεύθει
800 1926 861 1982 δὲ
907 1927 998 1982 καὶ
1043 1931 1109 1982 τὰ
1156 1929 1261 1981 ἀπὸ
1310 1936 1405 1996 τῆς
1450 1926 1655 1997 ἔχθρας
1699 1934 1795 1994 τῆς
1819 1949 1862 1981 20

110 2013 369 2085 ἐσομένης
432 2017 638 2087 φέρειν.
717 2018 802 2071 ὅτι
862 2015 965 2086 μὲν
1026 2019 1129 2087 γὰρ
1195 2018 1467 2085 δυσμενὴς
1528 2014 1614 2068 ἐπὶ
1669 2015 1794 2067 τού-

107 2123 225 2168 τοις
263 2104 471 2169 ἐκεῑνος
517 2105 607 2159 καὶ
645 2108 824 2160 πάντα
862 2106 1246 2174 ἐπιβουλεύσει
1284 2107 1494 2175 τρόπον
1531 2103 1623 2157 καὶ
1663 2118 1794 2156 συν-

111 2203 291 2262 εργῶν
329 2195 431 2248 οὐκ
470 2194 760 2265 ἀπορήσει,
806 2194 896 2248 καὶ
937 2197 1154 2264 σφόδρα
1201 2193 1505 2263 ἐπίσταμαι.
1583 2194 1648 2246 οὐ
1688 2193 1796 2261 μὴν

110 2283 270 2353 φόβῳ
311 2302 372 2349 γε
410 2291 509 2336 τοῦ
548 2285 805 2337 τοιούτου
852 2283 1095 2350 πολέμου
1142 2284 1415 2353 προδότης
1461 2281 1531 2335 ἂν
1574 2282 1796 2349 εἱλόμην

113 2379 224 2423 τῶν
262 2372 492 2426 δικαίων
532 2373 623 2426 καὶ
663 2372 924 2440 γενέσθαι
963 2373 1052 2425 καὶ
1092 2377 1444 2441 νομισθῆναι.
1522 2367 1652 2423 οὐδὲ
1691 2371 1794 2438 γὰρ
1820 2376 1893 2426 25‘

234 2623 260 2662 3
291 2620 593 2675 τάνθρώπεια
618 2621 686 2665 Re
809 2626 831 2664 7
864 2620 1053 2678 μᾶλλον]
1087 2633 1162 2663 om
1185 2620 1317 2677 Bong
1438 2623 1464 2662 8
1497 2618 1657 2663 ἄλλοτέ
1685 2634 1795 2662 ποτε

116 2677 162 2720 Β
283 2683 336 2721 12
370 2676 430 2722 αὖ
455 2681 500 2723 Β
624 2685 677 2724 13
709 2678 907 2736 πότερον
932 2680 1016 2724 Mo
1043 2683 1049 2735 1
1076 2674 1191 2736 ἦγον
1217 2679 1326 2723 ΒΜ
1346 2678 1478 2735 Bong
1505 2682 1511 2733 1
1538 2684 1730 2722 τοιαῦτα
1757 2678 1801 2720 P

114 2735 198 2779 sed.
230 2752 275 2780 οι
304 2737 354 2780 in
377 2751 453 2782 ras
476 2738 547 2782 m²
667 2744 721 2783 15
754 2755 804 2797 γε
838 2737 1072 2791 ὀξοπώλου
1096 2737 1206 2782 οὐδὲ
1230 2751 1305 2781 om
1328 2738 1372 2781 V
1487 2742 1540 2781 16
1573 2734 1675 2780 οὐδ’
1706 2736 1797 2779 edd

177 2798 231 2838 19
256 2803 379 2840 αυτῶ
406 2798 452 2842 U
503 2798 617 2842 αὐτὸ
636 2798 698 2841 Μ
754 2799 879 2858 αὐτῷ
901 2796 1072 2852 reliqui
1086 2796 1197 2840 libri
1224 2798 1230 2852 Ι
1258 2795 1499 2869 προσέχειν
1515 2793 1672 2839 πείθει
1692 2796 1803 2839 ΒΜ

178 2851 275 2896 20’
280 2853 450 2907 κείνοις
476 2857 523 2900 Ρ
551 2854 672 2901 sed’
702 2871 804 2901 oras
896 2854 1090 2907 ἐκείνοις
1123 2857 1166 2899 V
1249 2852 1422 2905 κείνοις
1452 2857 1480 2899 1
1506 2855 1511 2913 Ι
1539 2854 1596 2898 τὰ
1627 2868 1700 2898 om
1727 2855 1792 2898 I
1788 2881 1792 2912 1

118 2909 292 2968 ἔχθρας
322 2915 367 2957 Ρ
394 2915 476 2959 sed
505 2919 570 2971 θρ
602 2915 651 2958 in
674 2929 750 2959 ras
773 2915 844 2959 m²
964 2920 1020 2958 25
1052 2915 1133 2958 καὶ
1164 2916 1224 2971 (1)
1257 2928 1332 2958 om
1363 2916 1406 2959 V
