1992 3094
355 103 583 148 LIBANII
614 103 1075 150 GONSOLATORIA
1106 105 1190 149 AD
1222 105 1584 151 ANTIOCHUM
1706 106 1808 158 271

124 247 198 314 τῷ
247 239 298 294 δ’
337 240 438 293 οὐκ
493 242 577 292 ἔνι
624 241 697 309 μὴ
743 249 943 309 ποιεῖν,
997 239 1114 293 ἀλλ’
1146 240 1511 310 ἀναπηδῶντα
1565 243 1650 295 δεῖ
1703 250 1815 295 τῶν

124 331 447 383 δεδωκότων
486 324 643 383 εἶναι.
706 330 906 398 μικρὸν
945 326 1006 382 δὲ
1046 330 1193 402 αὐτῷ
1226 331 1287 383 τὸ
1326 331 1484 383 πολύ.
1546 331 1636 383 καὶ
1676 331 1814 398 πρὸς

122 419 299 490 τούτῳ
338 436 400 486 γε
439 418 519 479 εἰς
552 415 737 485 ἑτέρας
775 418 958 486 κώμας
997 419 1234 487 μεγάλας
1271 419 1443 472 αὑτὸν
1475 420 1681 487 εἰσάγει
1722 421 1814 472 διὰ

121 506 371 576 πλέθρου
411 506 675 568 πολλάκις
716 505 855 572 ἑνός,
895 501 963 558 οὗ
1002 508 1090 559 καὶ
1130 508 1256 576 περὶ
1294 509 1396 576 τὴν
1426 509 1588 577 τιμὴν
1627 507 1814 576 ἀδική-

123 609 221 658 σας
259 594 319 648 ἐν
357 601 431 667 τῷ
470 597 664 664 βραχεῖ
701 595 762 647 τὸ
801 603 913 647 πᾶν
945 597 1091 664 ἔχειν
1122 595 1265 659 ἀξιοῖ
1295 597 1632 664 πραγμάτων
1664 595 1812 649 ἀπεί-
1861 616 1880 649 5

123 703 240 753 ροις
278 683 602 752 ἀνθρώποις
642 681 917 752 ἐπισείων,
958 685 1007 737 εἰ
1045 686 1117 752 μὴ
1157 685 1336 737 πάντα
1374 687 1681 753 πείθοιντο,
1720 686 1815 747 τὰς

121 771 246 842 παρ’
280 771 479 826 ἑαυτοῦ
519 772 743 840 βλάβας.

235 861 316 914 12.
383 859 595 930 Ἐξεῦρε
647 863 844 915 τοίνυν
897 861 926 914 ὁ
973 861 1112 931 ἀνὴρ
1166 863 1257 915 καὶ
1304 864 1578 931 γεωργίαν
1623 861 1815 931 ἑτέραν

123 949 478 1019 ἀδικωτέραν,
511 951 770 1012 δικαστὰς
794 950 883 1003 καὶ
917 951 1238 1019 δικαστήρια
1269 950 1360 1004 καὶ
1394 952 1562 1014 δίκας.
1622 952 1815 1014 διδοὺς

123 1041 225 1109 γὰρ
265 1039 439 1092 αὑτὸν
476 1049 588 1092 τῶν
628 1039 1001 1108 δικαζομένων
1038 1048 1155 1102 τοῖς
1194 1039 1362 1093 οὐδὲν
1400 1041 1552 1108 ὑγιὲς
1588 1040 1813 1109 λέγουσι
1838 1061 1880 1092 ιο

123 1137 228 1182 νῦν
266 1128 368 1197 μὲν
399 1126 461 1181 ἐν
496 1130 864 1197 κατηγορίαις,
905 1137 1012 1181 νῦν
1051 1128 1113 1182 δὲ
1152 1127 1213 1181 ἐν
1252 1127 1590 1197 ἀπολογίαις,
1630 1131 1815 1198 εἰσπη-

121 1219 236 1271 δῶν
275 1218 354 1280 εἰς
390 1218 485 1279 τὰς
523 1218 731 1285 κρίσεις
778 1217 880 1286 οὐχ
919 1218 1053 1286 ὅπερ
1094 1216 1207 1270 ἐστὶ
1248 1218 1482 1284 δίκαιον,
1529 1215 1647 1270 ἀλλ’
1678 1218 1812 1286 ὅπερ

123 1306 269 1376 αὐτῷ
309 1305 625 1375 κερδαλέον,
671 1304 820 1359 τοῦτ’
853 1306 1084 1376 ἰσχυρὸν
1127 1314 1380 1375 πειρᾶται
1425 1314 1607 1359 ποιεῖν
1651 1305 1742 1360 καὶ
1781 1307 1815 1375 ἧ

123 1393 343 1464 δεηθεὶς
396 1396 604 1463 ἤνυσεν
657 1393 689 1462 ἢ
745 1393 836 1447 καὶ
891 1395 1305 1463 κατηνάγκασεν
1366 1394 1607 1448 ἀπειλῶν
1667 1394 1815 1464 ἐρεῖν

121 1493 319 1547 κακῶς·
373 1484 591 1546 πάντως
630 1484 691 1536 δὲ
730 1477 872 1537 εἶναι
911 1485 1103 1554 κύριος
1143 1483 1306 1552 δόξης
1343 1485 1590 1553 χείρονός
1626 1503 1684 1536 τε
1722 1482 1814 1537 καὶ
1839 1505 1881 1537 15

122 1576 418 1642 βελτίονος.
493 1573 582 1626 καὶ
637 1573 855 1636 τούτοις
910 1574 962 1626 οἱ
1015 1573 1116 1640 μὲν
1168 1571 1606 1641 καταπλαγέντες
1658 1573 1814 1642 ἡττή-

122 1667 324 1730 θησαν,
356 1663 411 1714 οἱ
444 1659 493 1714 δ’
517 1661 867 1730 ἀντισχόντες
899 1663 977 1724 εἰς
1008 1663 1288 1731 λοιδορίας
1319 1658 1470 1730 ἧκον.
1529 1661 1612 1714 13.
1644 1669 1815 1714 ταῦτα

122 1757 322 1804 τοῦτον
361 1751 481 1818 ἄγει
519 1751 658 1818 πρὸς
696 1752 763 1804 τὰ
800 1752 1139 1819 δικαστήρια,
1179 1757 1350 1803 ταῦτα
1381 1750 1605 1818 εἰσάγει,
1644 1757 1816 1803 ταῦτα

124 1837 314 1907 ἐξάγει.
390 1839 483 1892 καὶ
522 1840 714 1893 δεινὸν
753 1840 938 1906 οὐδέν,
981 1839 1050 1909 ἢν
1090 1837 1319 1907 ἑκάστης
1356 1838 1560 1909 ἡμέρας
1599 1839 1816 1903 δεκάκις

123 1926 394 1996 ἑκατέρων
424 1927 661 1997 γένηται.
697 1933 704 1992 Ι
739 1927 768 1981 ὁ
802 1927 852 1981 δ’
884 1922 1002 1981 οἶδε
1032 1929 1122 1981 καὶ
1158 1929 1374 1997 νύκτωρ
1415 1927 1663 1997 ἐνοχλεῖν
1694 1940 1736 1983 R
1757 1939 1902 1983 [1358

123 2015 214 2069 καὶ
250 2017 516 2079 πολλάκις
553 2013 687 2085 ἧκεν
725 2017 988 2086 ἄρχοντος
1027 2017 1421 2083 καθεύδοντος,
1464 2016 1613 2078 ὅπως
1650 2016 1814 2069 ἀκού·
1838 2038 1879 2071 21

125 2118 223 2168 σας
261 2125 313 2158 τι
351 2107 500 2173 παρὰ
537 2107 706 2158 τοῦδε
744 2107 1016 2174 πρότερον
1055 2102 1150 2158 εἶτ’
1182 2104 1271 2158 ἐπὶ
1318 2106 1415 2158 τὸν
1462 2107 1678 2172 θρόνον
1726 2110 1814 2158 ἴοι.

125 2193 230 2247 ἀπὸ
286 2194 347 2246 δὲ
401 2193 633 2247 ἑκάστου
694 2195 908 2247 τούτων
971 2194 1257 2262 ἀργύριον,
1319 2195 1566 2263 χρυσίον,
1628 2192 1813 2262 ἐσθής,

125 2280 496 2351 ἀνδράποδον,
537 2283 725 2351 ἵππος,
766 2283 943 2336 ὁπόσα
982 2283 1175 2351 γαστρὶ
1216 2285 1501 2351 χαρίζεται.
1582 2282 1664 2335 14.
1713 2283 1815 2335 οὐκ

124 2371 380 2438 ἤκουσας,
420 2370 673 2440 Ἀντίοχε,
712 2373 1060 2441 κεκραγότων
1093 2380 1261 2424 τινῶν
1297 2370 1598 2440 ἀρχόντων,
1637 2371 1726 2439 ὡς,
1767 2373 1815 2424 εἰ
1840 2367 1905 2424 ειτιΚ

125 2461 197 2527 μή
235 2479 317 2522 τις
354 2459 603 2523 ἐκκόψειε
642 2459 865 2513 τουτονὶ
904 2461 1003 2513 τὸν
1042 2461 1300 2528 ὄλεθρον,
1345 2460 1447 2512 οὐκ
1487 2462 1637 2512 ε”στιν
1676 2459 1812 2529 ἀρχῇ

246 2684 268 2722 1
296 2678 347 2723 δὲ
372 2679 440 2723 Re
561 2684 587 2722 6
620 2679 852 2723 πύθοιντο
881 2680 919 2724 0
1038 2682 1061 2720 7
1087 2679 1232 2722 αὐτοῦ
1256 2679 1299 2723 V
1415 2683 1468 2721 10
1494 2678 1663 2723 ἑαυτὸν
1686 2678 1754 2721 Re

129 2741 180 2780 11
214 2738 263 2781 et
295 2743 349 2782 15
382 2735 428 2783 δ’
456 2738 524 2782 Re
648 2743 701 2781 17
735 2737 788 2782 οἴ
815 2739 858 2782 V
889 2739 895 2796 Ι
934 2735 1170 2792 λοιδορίας
1201 2737 1364 2794 scripsi
1397 2751 1452 2780 ex
1483 2739 1527 2782 A
1561 2737 1643 2781 sed
1674 2751 1700 2780 σ
1731 2750 1755 2780 e
1787 2753 1814 2779 ν

127 2808 242 2849 corr,
274 2797 398 2841 PUI
405 2797 448 2841 V
501 2795 741 2853 λοιδορίαν
776 2798 884 2842 ΟΡα
915 2796 1006 2841 edd
1140 2800 1194 2839 19
1227 2796 1269 2841 εἰ
1299 2797 1335 2839 Ι
1360 2796 1492 2854 Bong
1624 2801 1680 2839 20
1712 2795 1814 2840 ἑκα-

127 2852 270 2910 τέρων
301 2855 466 2912 scripsi
498 2869 523 2900 e
556 2856 600 2899 V
655 2855 872 2910 ἑκάτερον
902 2855 1073 2911 reliqui
1103 2855 1213 2898 libri
1245 2855 1333 2898 edd
1375 2858 1381 2910 Ι
1421 2853 1445 2900 ὃ
1470 2857 1514 2900 A
1589 2852 1612 2899 ὅ
1647 2855 1761 2899 CIV

128 2917 183 2955 22
214 2911 258 2956 τί
285 2914 327 2956 V
441 2918 497 2957 26
530 2915 649 2972 ἀρχῇ
682 2915 755 2959 Ρα
787 2916 867 2958 sed
901 2914 1018 2971 ἀρχὴ
1050 2914 1100 2957 in
1131 2928 1263 2971 marg
1324 2914 1443 2972 ἀρχὴ
1476 2915 1520 2958 V
