1992 3094
458 117 688 162 LIBANII
721 116 945 161 ORATIO
978 117 1061 161 AD
1094 116 1496 162 TIMOCRATEM
1718 117 1822 170 297

132 263 242 308 τῶν
280 251 341 307 δὲ
380 254 446 307 τὰ
483 250 587 323 μὲν
629 252 1048 322 ὑποσχομένων,
1095 254 1161 307 τὰ
1208 250 1269 306 δὲ
1317 253 1660 321 αἰτησάντων
1699 253 1827 323 ὁμο-

132 345 290 411 λογία
322 345 532 411 γίνεται
564 344 694 405 τοὺς
725 339 828 411 μὲν
859 345 1183 411 βοήσεσθαι,
1214 344 1312 396 τὸν
1345 339 1405 395 δὲ
1431 343 1645 395 ἅπαντα
1676 362 1827 412 χαρι-

130 438 331 485 εῖσθαι.
407 431 457 484 4.
505 432 641 484 κατὰ
671 438 873 484 τοῦτον
905 431 1004 484 τὸν
1035 433 1212 498 νόμον
1243 430 1333 484 καὶ
1366 439 1474 484 νῦν
1506 432 1826 500 σεσιγήκασι

128 521 219 574 καὶ
273 527 348 593 τῷ
396 539 459 588 γε
514 521 739 573 εἰωθότι
789 517 796 592 Ι
844 521 1187 589 μηχανήματι
1242 518 1332 572 καὶ
1386 521 1524 572 κατὰ
1573 528 1676 573 σοῦ
1709 532 1913 576 R11381

129 608 419 679 κέχρηνται
481 607 571 662 καὶ
633 611 696 662 τό
760 628 821 676 γε
878 610 1221 676 δεινότατον,
1288 609 1372 662 ὅτι
1431 609 1520 662 καὶ
1575 607 1825 679 ᾑρήκασι.
1873 631 1892 663 5

129 700 302 767 δῆλον
340 698 470 767 γάρ,
518 697 603 751 ὅτι
651 699 698 750 εἰ
746 704 822 770 τῷ
869 699 941 766 μὴ
991 696 1349 766 φθέγξασθαι
1391 701 1730 751 ταπεινῶσαί
1766 712 1826 751 σε

130 787 463 856 δεδύνηνται
501 787 590 840 καὶ
623 787 1129 854 κατεδουλώσαντο,
1168 795 1232 857 τῇ
1265 807 1327 855 γε
1358 789 1463 856 βοῇ
1495 786 1665 840 πάλιν
1698 787 1826 840 ἀνα-

130 878 425 946 στήσαντες
486 875 708 940 ἔξουσιν
775 874 1045 944 ἑπόμενον
1099 874 1189 929 καὶ
1243 876 1382 946 πρὸς
1442 873 1616 945 μηδὲν
1678 875 1827 929 ἀντι-

128 967 394 1019 τείνοντα.

239 1053 287 1106 5.
344 1053 476 1123 Ἐγὼ
510 1054 572 1107 δὲ
603 1054 859 1124 ἠχθόμην
889 1050 991 1122 μὲν
1019 1055 1112 1107 διὰ
1143 1062 1314 1107 ταῦτα
1344 1055 1444 1107 τὸν
1474 1056 1827 1124 παρελθόντα
1851 1074 1895 1107 10

127 1146 357 1213 χρόνον,
405 1142 695 1213 ἠχθέσθην
743 1140 804 1196 δὲ
851 1142 943 1196 καὶ
997 1151 1106 1197 νῦν
1158 1142 1249 1197 καὶ
1299 1145 1556 1213 μειζόνως
1603 1163 1665 1211 γε
1718 1151 1826 1196 νῦν

129 1231 417 1300 ἀμείνονός
463 1252 556 1301 μοι
607 1230 1022 1301 διεφθαρμένης
1068 1230 1304 1295 ἐλπίδος.
1389 1230 1545 1305 ᾤμην
1591 1233 1722 1302 γάρ,
1778 1234 1824 1286 εἰ

127 1321 216 1374 καὶ
266 1322 456 1389 μηδεὶς
506 1320 714 1392 ἕτερος,
772 1321 837 1374 σέ
882 1341 944 1390 γε
995 1318 1164 1375 οὐδὲν
1213 1323 1281 1375 τὰ
1329 1322 1544 1374 τούτων
1595 1330 1825 1388 νομιεῖν,

129 1408 248 1462 ἀλλ’
282 1415 407 1463 ἴσον
445 1411 756 1479 ἡγήσεσθαι
795 1413 897 1479 τήν
927 1430 984 1464 τε
1015 1411 1157 1479 βοὴν
1187 1413 1288 1479 τήν
1326 1430 1384 1463 τε
1420 1413 1648 1479 σιωπήν.
1718 1418 1826 1463 νῦν

129 1498 190 1551 δὲ
220 1497 311 1552 καὶ
345 1501 415 1551 σὺ
446 1498 733 1562 πέπτωκας
763 1501 896 1569 ἡμῖν
926 1498 1016 1552 καὶ
1056 1501 1318 1552 πλείστου
1358 1514 1447 1552 σοι
1486 1500 1551 1552 τὰ
1589 1500 1825 1568 μηδενὸς
1850 1517 1894 1550 15

130 1587 265 1651 ἄξια.
343 1589 495 1651 τίνος
534 1589 638 1659 γὰρ
680 1587 835 1652 ἄξιον
875 1590 935 1641 αἱ
972 1589 1121 1658 παρὰ
1160 1588 1374 1641 τούτων
1413 1588 1676 1657 εὐφημίαι
1715 1598 1826 1641 τῶν

129 1674 188 1728 ἐκ
226 1677 444 1729 παίδων
482 1676 639 1747 μέχρι
678 1685 774 1746 τῆς
812 1680 1051 1747 τήμερον
1090 1676 1292 1746 ἡμέρας
1331 1676 1392 1730 ἐν
1431 1676 1597 1747 ἀργίᾳ
1635 1696 1693 1730 τε
1735 1678 1825 1730 καὶ

128 1767 290 1836 κακίᾳ
329 1769 506 1835 πολλῇ
545 1768 920 1835 βεβιωκότων;
960 1767 1064 1819 οὐκ
1104 1762 1274 1819 οἶσθα
1314 1766 1534 1834 αὐτούς,
1575 1761 1616 1818 ὦ
1662 1767 1824 1834 Τιμό-

128 1873 345 1922 κρατες,
399 1854 489 1907 καὶ
544 1862 716 1908 ταῦτα
764 1856 908 1909 οὕτω
956 1857 1136 1908 πολὺν
1181 1853 1308 1923 παρ’
1348 1854 1481 1923 ἡμῖν
1536 1855 1826 1922 διατρίψας

129 1944 355 2011 χρόνον;
396 1943 443 1996 6.
485 1939 828 2019 οὗτοι-ξένοι
866 1945 1067 2006 πάντες
1099 1942 1204 1996 εἰσὶ
1244 1953 1422 2006 κακῶς
1453 1944 1621 2013 δεῦρο
1661 1944 1823 2011 ἥκον-
1849 1962 1893 1994 20

129 2050 214 2094 τες
275 2030 368 2084 ὑπ’
416 2032 601 2085 αὐτῶν
654 2028 734 2086 ὧν
788 2034 1021 2102 ἠδίκουν
1077 2031 1396 2094 ἐκπεσόντες
1449 2041 1560 2084 τῶν
1614 2031 1825 2085 ἑαυτῶν

128 2122 435 2189 πατρίδων,
491 2122 550 2174 οἱ
590 2119 692 2189 μὲν
737 2121 974 2191 πατέρας
1019 2123 1423 2189 συγκόψαντες,
1478 2121 1536 2173 οἱ
1583 2117 1643 2173 δὲ
1690 2121 1825 2173 κατὰ

129 2208 378 2279 μητέρων
408 2219 529 2273 ταῖς
560 2212 712 2280 χερσὶ
743 2211 1095 2280 χρησάμενοι,
1132 2211 1432 2278 φεύγοντες
1464 2210 1559 2272 τὰς
1590 2229 1823 2279 χειροτε-

129 2299 285 2365 χνίας
325 2297 412 2367 ἐφ’
443 2299 507 2362 ἃς
547 2299 750 2362 αὐτοὺς
796 2297 936 2368 ἦγον
984 2301 1036 2352 οἱ
1080 2308 1275 2368 γονεῖς.
1352 2300 1541 2361 παῖδες
1579 2298 1681 2367 μὲν
1719 2294 1825 2351 οὖν

252 2523 273 2560 1
299 2535 356 2561 τα
382 2519 487 2575 (bis)
514 2521 560 2564 P
660 2524 684 2563 2
711 2517 917 2576 γίγνεται
943 2519 1034 2562 edd
1140 2524 1166 2562 4
1192 2520 1271 2563 καὶ
1290 2521 1349 2575 (2)
1369 2532 1442 2562 om
1467 2518 1600 2575 Bong
1620 2517 1625 2576 Ι
1646 2517 1765 2560 κατὰ
1783 2519 1829 2561 Ρ

131 2576 213 2620 sed
239 2574 249 2591 ⁸
290 2578 384 2621 add
415 2579 485 2621 m³
577 2583 602 2622 5
636 2578 825 2635 ἰρήκασι
851 2578 993 2623 Vsed
1023 2592 1099 2621 ras
1133 2584 1155 2621 1
1190 2578 1270 2622 litfi
1301 2580 1408 2622 ante
1441 2594 1457 2620 ι
1490 2579 1551 2635 (1)
1613 2575 1824 2630 εἰρήκασι

130 2634 263 2694 Bong
413 2642 440 2682 6
472 2652 522 2682 σε
552 2637 621 2682 Re
660 2659 662 2661 >
712 2654 760 2682 τε
790 2637 901 2681 libri
929 2638 1065 2694 Bong
1225 2642 1248 2680 7
1282 2653 1332 2694 γε
1359 2637 1486 2681 VRe
1575 2651 1623 2680 τε
1654 2635 1824 2694 reliqui

130 2693 240 2738 libri
271 2694 404 2753 Bong
525 2701 550 2740 8
582 2696 846 2754 προςμηδὲν
871 2697 914 2739 V
1033 2701 1087 2740 10
1120 2699 1348 2741 διαταῦτα
1372 2696 1416 2740 V
1530 2700 1585 2738 14
1618 2691 1719 2739 ἴσον
1747 2695 1828 2739 ΟΡ

132 2753 213 2797 sed
243 2754 293 2797 in
323 2754 412 2798 hoc
449 2757 473 2768 ⁰
510 2755 559 2798 in
594 2755 605 2770 ‘
637 2769 739 2799 corr
769 2755 840 2799 m⁸
877 2756 883 2814 Ι
922 2754 1183 2812 ἡγήσεσθαι
1209 2755 1337 2800 VRe
1431 2753 1702 2811 ἡγήσασθαι
1735 2755 1829 2797 AP

56 2837 66 2846 =
131 2812 212 2856 sed
242 2813 292 2856 in
322 2813 411 2858 hoc
443 2831 474 2857 α
505 2814 555 2857 in
586 2831 606 2859 ε
640 2829 741 2859 corr
770 2815 853 2868 111⁸,
885 2816 919 2858 Ι
936 2815 1070 2872 Bong
1130 2814 1350 2871 ἡγεῖσθαι
1384 2814 1422 2859 0
1547 2818 1600 2856 16
1634 2812 1761 2865 ἄξιαι
1788 2814 1832 2857 V

130 2870 264 2929 Bong
325 2872 381 2916 cf.
407 2888 452 2929 p.
479 2877 579 2926 299,
601 2879 654 2917 15
798 2879 850 2917 17
884 2871 1070 2917 παίδων
1098 2874 1291 2931 Vssong
1349 2874 1535 2917 παιδῶν
1566 2874 1601 2915 Ι
1654 2872 1825 2922 παιδὸς

137 2930 265 2974 CAP
291 2931 359 2975 Ro
481 2937 535 2975 21
570 2931 748 2977 ἑαυτῶν
779 2933 828 2976 in
859 2946 936 2976 ras
967 2932 1026 2977 1²
1148 2938 1203 2976 24
1236 2933 1407 2982 αὐτοὺς
1440 2932 1477 2976 C
