1992 3094
354 135 582 180 LIBANII
614 135 837 180 ORATIO
872 135 1117 181 CONTRA
1147 137 1402 183 ICARIUM
1433 139 1476 182 H
1706 140 1779 193 53

89 273 372 326 τοσούτων
406 279 571 325 τοῦτο
602 276 931 341 τηλικοῦτον
964 274 1030 327 ὂν
1062 274 1165 327 οὐκ
1198 274 1415 343 ὠφελεῖ,
1455 273 1570 328 ἀλλ’
1604 274 1781 343 ἕτεραι

89 359 294 430 πληγαὶ
332 369 444 414 τῶν
484 359 680 414 ἑκατὸν
720 361 823 414 οὐκ
855 361 1022 434 ὀλίγῳ
1053 363 1165 415 τινὶ
1195 365 1434 426 πλείους.
1489 361 1579 416 καὶ
1611 371 1783 421 ταῦτα

93 449 236 519 ἑώρα
274 450 557 519 Κυριακὸς
595 449 624 504 ὁ
665 453 880 520 λῃστής,
922 451 951 503 ὁ
992 452 1194 514 δοῦλος
1234 452 1262 504 ὁ
1302 453 1449 521 παρὰ
1487 452 1664 524 τούτῳ
1704 473 1782 504 τι-

88 539 338 608 μώμενος
374 536 466 591 καὶ
505 545 601 607 τῆς
639 547 740 591 τοῦ
771 541 1033 602 παιόντος
1065 538 1244 603 δεξιᾶς
1275 540 1336 592 τὸ
1369 540 1508 610 ὑπὲρ
1541 544 1782 609 κεφαλῆς

90 627 432 696 κρεμάμενον
471 626 699 696 ἀγγεῖον
729 627 965 680 ὑάλινον
1005 628 1065 681 ἐν
1097 621 1140 699 ᾧ
1178 627 1305 697 μεθ’
1336 628 1539 691 ὕδατος
1577 631 1782 698 ἔλαιον,
1829 650 1850 682 5

90 717 467 786 συντριψάσης
527 714 618 769 καὶ
674 717 918 786 ῥεόντων
971 716 1189 770 ἐκεῖθεν
1244 713 1323 770 ὧν
1376 716 1518 787 ἔφην
1580 717 1667 771 ε’πὶ
1721 719 1782 771 τὸ

88 804 435 874 μετάφρενον
485 805 588 858 οὐκ
638 803 865 875 ἔφριξεν
916 805 1035 859 οὐδ’
1067 805 1300 876 ἠλέησεν
1340 807 1473 859 οὐδὲ
1520 807 1697 860 ἔπαθέ
1731 827 1782 860 τι

88 901 154 963 τῇ
193 901 367 964 ψυχῇ,
407 893 546 947 ἀλλὰ
583 893 707 963 μεθ’
743 895 934 963 ὁμοίας
972 903 1068 965 τῆς
1108 895 1279 965 ὁρμῆς
1317 894 1514 966 προῄει
1551 898 1784 950 κόπτων.

93 980 177 1034 15.
230 982 320 1035 καὶ
366 983 428 1036 τὸ
475 980 554 1036 ἔτι
603 985 935 1054 δεινότερον,
991 984 1124 1038 οὐδὲ
1170 986 1275 1054 γὰρ
1316 985 1492 1047 εὐθὺς
1540 984 1785 1038 ἀπέδωκε

87 1078 206 1133 ταῖς
250 1080 363 1124 τῶν
409 1071 829 1142 οἰκείων,χερσὶ
883 1073 984 1126 τὸν
1038 1073 1182 1126 οὕτω
1237 1074 1604 1142 διακείμενον,
1659 1072 1775 1127 ἀλλ’
1810 1094 1852 1126 10

91 1157 472 1228 ἑπεισαγαγὼν
511 1158 705 1230 ἑτέραν
742 1163 867 1214 τινὰ
907 1163 1090 1215 αἰτίαν
1120 1160 1359 1232 ὑστέραν
1398 1170 1493 1231 τῆς
1523 1164 1785 1232 τιμωρίας

89 1247 192 1301 οὐκ
237 1245 433 1317 ἔχοντα
480 1247 702 1303 ἑστάναι
748 1251 848 1304 τὸν
895 1252 1138 1320 δυστυχῆ
1186 1260 1654 1320 προσαποστερῶν
1690 1259 1786 1320 τῆς

91 1340 390 1407 θεραπείας
424 1338 491 1391 τά
529 1337 574 1391 τ’
606 1340 746 1391 ἄλλα
785 1340 932 1412 αὐτῷ
965 1338 1057 1392 καὶ
1088 1340 1186 1392 τὸν
1217 1339 1549 1409 ἀπειρηκότα
1581 1339 1785 1409 αὐχένα

90 1427 296 1492 μείζονι
341 1433 490 1500 κακῷ
535 1429 712 1500 τούτῳ
759 1428 1147 1499 προσκατέλυε.
1224 1429 1316 1481 καὶ
1363 1428 1391 1482 ὁ
1432 1425 1534 1497 μὲν
1573 1429 1787 1482 ἅπαντα

90 1515 357 1584 ἔπραττεν
388 1514 476 1569 ἐπὶ
511 1518 739 1590 θανάτῳ
779 1516 870 1570 καὶ
909 1516 1058 1570 τοῦτ’
1088 1514 1160 1586 ἦν
1198 1518 1231 1586 ἡ
1270 1519 1486 1586 σπουδὴ
1525 1518 1625 1570 τὸν
1654 1516 1785 1570 νέον
1811 1536 1853 1569 15

92 1601 419 1672 ἀποθανεῖν,
474 1613 539 1676 τῇ
596 1603 658 1659 δὲ
710 1615 824 1660 τῶν
876 1605 964 1660 ἐπὶ
1010 1614 1110 1659 τοῦ
1157 1608 1342 1660 παίειν
1388 1608 1786 1677 φιλανθρωπίᾳ

93 1691 361 1746 σέσωσται
399 1695 701 1762 βελτιόνων
739 1715 797 1748 τε
828 1695 1032 1748 τοῦτου
1066 1694 1357 1765 φανέντων
1395 1693 1487 1748 καὶ
1517 1697 1653 1757 τοὺς
1691 1695 1788 1748 αὑ-

92 1789 205 1834 τῶν
263 1782 585 1851 προεμένων
638 1785 943 1847 δακτύλους
1004 1783 1093 1838 ἐπὶ
1146 1792 1210 1855 τῇ
1270 1783 1472 1837 ’κείνου
1530 1787 1785 1854 σωτηρία.

97 1870 180 1923 16.
218 1869 310 1924 καὶ
347 1873 457 1941 μὴν
496 1873 525 1927 ὁ
557 1874 804 1938 κολάζων
834 1875 1123 1944 πρότερον,
1164 1869 1279 1926 εἶτα
1317 1874 1526 1942 κρίνων
1564 1881 1678 1935 πῶς
1718 1873 1784 1926 οὐ

91 1960 159 2011 τὰ
211 1959 437 2028 μέγιστα
492 1971 707 2031 συγχεῐ;
762 1963 791 2016 ὁ
848 1961 897 2014 δ’
930 1963 1090 2024 εἰδὼς
1144 1962 1211 2015 οὐ
1268 1962 1453 2014 δίκαια
1506 1962 1785 2029 δεδρακὼς
1810 1981 1858 2013 20

95 2048 264 2117 ε’ζήτει
303 2052 725 2119 περιερχόμενος
764 2051 1079 2120 φάρμακον·
1121 2051 1187 2104 οὐ
1226 2052 1336 2119 μὴν
1368 2045 1545 2119 εὗρεν.
1606 2049 1640 2118 ἡ
1680 2050 1784 2118 γὰρ

95 2136 163 2204 δὴ
214 2139 582 2207 βαρβαλισσὸς
636 2138 727 2192 καὶ
780 2139 808 2192 ὁ
862 2148 1012 2202 σῖτος
1064 2138 1154 2192 καὶ
1208 2140 1387 2192 πάντα
1440 2139 1507 2190 τὰ
1559 2145 1785 2191 τοιαῦτα
1816 2136 1857 2204 ἦ·

218 2303 239 2340 1
280 2305 416 2343 τοῦτο
451 2313 526 2343 om
551 2301 597 2344 B
749 2304 774 2343 3
816 2299 840 2343 ὁ
873 2299 1050 2358 λῃστής,
1084 2298 1108 2342 ὁ
1142 2301 1308 2349 δοῦλος
1339 2298 1503 2355 scripsi
1536 2312 1560 2342 e
1595 2299 1676 2343 CA
1707 2298 1788 2352 qui

96 2413 122 2457 ὁ
154 2416 320 2467 δοῦλος
351 2390 385 2460 3²
407 2417 592 2474 ληιστής
620 2417 862 2474 praebent,
887 2418 1149 2461 IBNVaV
1234 2416 1257 2460 ὁ
1292 2419 1470 2471 δοῦλος,
1503 2416 1526 2459 ὁ
1559 2415 1723 2474 λῃστὴς
1747 2417 1794 2458 Ρ

98 2473 166 2518 Re
289 2480 314 2517 ὃ
347 2475 531 2521 ὑέλινον
563 2477 606 2519 V
723 2481 748 2520 8
782 2476 925 2533 ὁρμῆς
956 2477 1120 2532 scripsi
1153 2490 1176 2519 e
1210 2477 1252 2519 V
1311 2475 1448 2532 ὀργῆς
1478 2475 1649 2529 reliqui
1679 2474 1788 2517 libri

100 2532 169 2576 Re
290 2540 344 2577 13
371 2537 516 2579 αυτοῦ
536 2537 580 2580 Υ
703 2541 758 2579 14
781 2536 929 2595 τούτῳ
955 2549 1030 2579 om
1047 2537 1080 2579 I
1103 2538 1108 2591 Ι
1136 2534 1475 2589 προσκατέὸυε
1461 2540 1481 2568 ³
1605 2538 1657 2576 17
1683 2533 1790 2576 τού-

95 2607 180 2635 του
202 2594 249 2637 Ρ
270 2594 351 2637 sed
375 2611 431 2638 ov
448 2595 547 2651 (2)
534 2610 584 2638 ln
607 2609 684 2639 ras
707 2594 778 2638 m²
805 2595 811 2653 Ι
840 2581 1017 2638 ἑαυτῶν
1035 2595 1088 2638 Ν
1096 2596 1163 2639 Υα
1180 2594 1247 2638 Re
1371 2592 1460 2637 18'
1465 2591 1623 2637 κείνου
1640 2593 1686 2636 Ρ
1707 2592 1789 2635 sed

136 2664 238 2695 eras
299 2650 458 2698 κείνου
485 2655 603 2699 ΟΑΙ
627 2655 707 2698 sed
737 2654 786 2697 in
811 2651 938 2697 hoc'
968 2655 1077 2697 ante
1109 2670 1136 2696 κ
1161 2654 1286 2697 inser
1308 2653 1392 2706 m³‚
1426 2654 1479 2696 N
1486 2653 1526 2694 1
1524 2667 1553 2695 α
1676 2655 1728 2694 19
1762 2650 1787 2694 ὁ

98 2709 301 2763 κολάζων
326 2738 381 2743 -
409 2717 466 2766 20
499 2721 678 2780 συγχεῖς
709 2713 826 2756 citafi
856 2712 1017 2756 Macar
1047 2712 1125 2756 fol.
1153 2716 1208 2755 89
1332 2716 1387 2754 20
1425 2709 1704 2781 ταμέγιστα
1706 2709 1750 2751 V
1779 2710 1784 2767 Ι

98 2776 257 2835 συγχεῖ
270 2770 316 2813 Ρ
343 2772 424 2815 sed
449 2787 490 2816 ει
513 2772 654 2816 inras
679 2772 763 2826 m2,
797 2774 934 2816 Patm
959 2771 1040 2815 sed
1066 2789 1119 2827 γρ
1144 2772 1300 2816 ἀδικεῖ
1328 2771 1377 2814 in
1401 2783 1534 2825 marg
1550 2768 1619 2812 m²
1646 2771 1651 2822 Ι
1682 2765 1704 2811 ὅ
1724 2768 1797 2813 ΥΙ

99 2827 164 2870 eti
181 2842 213 2870 n
226 2842 303 2872 ras
319 2830 385 2874 1³²
441 2828 464 2874 ὃ
478 2832 524 2874 Α
623 2836 679 2874 22
705 2830 1012 2889 βαρβαλισσὸς
1030 2831 1068 2875 G
1075 2832 1119 2875 V
1173 2829 1479 2901 βαρβάλισσος
1494 2827 1663 2882 reliqui
1679 2826 1789 2870 libri

98 2886 222 2929 sed'
256 2901 358 2932 eras
389 2889 457 2944 A,
496 2889 564 2933 Re
655 2890 785 2933 locus
818 2891 1062 2945 corruptus
1154 2888 1470 2947 Βαρβαλισσὸς
1511 2886 1720 2944 (Ptolem.
1747 2885 1790 2930 V

99 2948 170 3000 15,
189 2949 257 2990 17.
291 2946 450 3004 Steph.
475 2948 526 2992 B.
553 2963 586 2992 s.
604 2951 662 3006 v.)
695 2961 833 3005 aegre
866 2948 1099 2992 satisfacit
