1992 3094
673 82 1015 128 PRAEFATIO
1048 83 1284 130 CRITICA
1738 89 1820 133 vn

130 221 424 272 Groenertus
478 222 601 270 vult.
688 223 747 270 In
801 225 1086 271 universum
1142 225 1338 286 quidem
1391 227 1515 274 nihil
1571 227 1700 289 quod
1755 229 1814 276 ad

100 296 436 364 ,intellectum
468 297 796 344 necessarium
830 297 1080 345 videretur
1119 314 1148 345 a
1186 315 1262 346 me
1304 301 1537 348 omissum
1577 316 1677 349 esse
1717 317 1814 349 cre-

127 370 355 431 diderim,
394 370 479 418 sed
518 370 688 419 eadem
726 372 920 419 ratione
960 387 1058 434 qua
1096 372 1394 420 scholiorum
1432 390 1664 422 numerus
1695 392 1812 437 pau·

130 444 272 492 latim
310 444 549 503 decrevit,
596 445 764 506 plures
805 460 834 491 a
873 461 949 492 me
997 446 1094 493 1001
1137 446 1371 509 adscripti
1410 450 1549 506 sunt,
1596 448 1645 495 id
1686 449 1813 510 quod

129 518 441 581 potissimum
467 520 520 565 in
544 518 635 566 hoc
659 520 864 566 tertium
888 520 1116 567 volumen
1150 520 1282 567 cadit
1314 537 1410 582 quo
1443 537 1567 583 quae
1600 537 1813 584 compre-

129 592 309 640 hensae
349 595 465 639 sunt
504 591 752 640 orationes
791 593 925 641 locos
965 594 1028 640 ad
1067 594 1451 657 intellegendum
1498 595 1813 644 difficillimos

129 665 377 728 praebent.
439 666 546 714 Hoc
577 666 727 714 velim
760 667 1057 715 adminiculo
1091 667 1175 730 qui
1209 667 1474 716 editionem
1506 669 1813 731 usurpabunt

127 740 391 804 diligenter
447 742 675 801 utantur,
736 741 886 788 immo
941 757 1055 789 vero
1110 741 1397 805 diligentius
1454 757 1602 804 quam
1658 743 1813 791 adhuc

127 814 313 862 factum
360 816 447 862 est.
525 814 654 862 Nam
701 829 987 876 persuasum
1032 815 1156 862 mihi
1202 819 1276 864 est
1322 831 1419 863 non
1465 816 1622 864 solum
1661 832 1812 878 genus

126 887 260 936 istud
304 888 543 936 lectorum
589 889 934 936 festinantium
981 889 1111 950 quod
1153 887 1446 937 Croenertus
1486 890 1683 951 statuit,
1724 906 1812 953 ego

127 961 414 1024 reformido,
462 978 765 1024 quamquam
811 966 915 1010 tam
954 978 1122 1010 rarum
1161 964 1264 1011 fore
1304 963 1517 1011 arbitror
1555 966 1611 1010 ut
1648 964 1811 1011 nullus

123 1035 294 1084 timori
331 1036 468 1084 100113
509 1036 588 1097 3113,
628 1037 713 1088 3οᾶ
753 1038 903 1085 etiam
944 1053 1164 1085 censores
1205 1037 1446 1098 quosdam
1484 1037 1711 1084 editionis
1752 1037 1811 1084 ab

125 1109 380 1158 intellectu
425 1111 775 1158 nonnullorum
828 1112 1049 1159 locorum
1093 1111 1229 1158 haud
1277 1112 1498 1158 afuturos
1545 1111 1717 1170 fuisse,
1771 1111 1811 1158 si

124 1183 256 1232 notis
293 1183 394 1232 illis
434 1186 655 1232 animum
694 1185 815 1233 satis
857 1185 1197 1233 attendissent.

234 1257 507 1306 Numerum
535 1260 868 1320 exemplorum
893 1259 1226 1320 similiumque
1259 1259 1430 1320 augeri
1461 1258 1679 1319 potuisse
1711 1259 1810 1306 scio

126 1334 177 1380 et
215 1347 273 1379 ex
311 1332 466 1380 animi
506 1335 752 1381 sententia
791 1334 979 1397 gratias
1020 1348 1112 1396 ago
1149 1332 1359 1380 Rudolfo
1400 1331 1550 1379 Asmo
1591 1331 1719 1393 quod
1758 1333 1810 1378 in

126 1407 341 1454 censuris
379 1406 781 1470 locupletissimis
824 1407 1032 1454 duorum
1070 1406 1375 1454 voluminum
1389 1399 1429 1470 ¹)
1469 1421 1494 1453 e
1533 1421 1661 1466 penu
1699 1421 1809 1467 pro-

124 1480 275 1528 fundo
314 1480 569 1530 doctrinae
601 1497 718 1529 suae
753 1481 935 1529 multos
966 1481 1099 1529 locos
1131 1480 1413 1542 aptissimos
1453 1495 1563 1526 cum
1603 1480 1809 1527 aliorum

125 1553 418 1616 scriptorum
463 1557 571 1603 tum
619 1557 723 1604 eius
771 1555 822 1602 in
870 1571 965 1617 quo
1012 1553 1228 1613 habitat,
1281 1552 1528 1600 Iulianum
1575 1553 1705 1611 dico,
1758 1553 1805 1599 in

123 1627 340 1676 medium
399 1629 625 1691 protulit.
717 1630 787 1677 At
850 1644 986 1677 secus
1043 1629 1163 1676 haec
1216 1642 1293 1675 res
1347 1626 1510 1674 evenit
1565 1625 1807 1674 Guilelmo

126 1699 439 1751 Schmidio.
509 1704 639 1751 Nam
680 1719 801 1765 quos
832 1703 912 1751 hic
943 1702 1244 1750 desideravit
1273 1701 1406 1748 locos
1418 1693 1476 1765 ²),
1511 1700 1563 1746 hi
1594 1703 1681 1747 aut
1711 1715 1807 1747 non

122 1776 196 1823 ita
226 1776 439 1824 multum
464 1778 527 1826 ad
550 1778 860 1826 intellectum
884 1777 1104 1824 1000111111
1127 1774 1511 1823 Libanianorum
1538 1775 1808 1832 conferunt,

123 1849 260 1898 velut
277 1850 487 1899 Thuc.H
507 1853 631 1912 38,2
661 1852 724 1899 ad
741 1850 1007 1899 Lib.or.XI
1030 1850 1389 1912 p.531‚13sq.,
1421 1850 1507 1895 aut
1535 1850 1641 1895 toto
1674 1847 1807 1894 caelo

124 1923 186 1971 ab
209 1923 286 1971 1113
311 1924 513 1973 (1131331113.
577 1925 721 1974 Α11113
754 1928 843 1985 0313,
875 1927 917 1974 31
946 1941 1048 1972 rem
1084 1923 1144 1970 ad
1178 1923 1409 1971 amussim
1442 1920 1609 1984 exigis,
1640 1935 1807 1968 sensus

122 1995 219 2045 1001
252 1997 557 2062 Thucydidei
579 2000 631 2047 Π
656 2001 799 2061 44,3,
832 1999 960 2046 311113
987 1997 1253 2045 Libaniani
1284 2011 1350 2043 or.
1377 1995 1447 2042 XI
1469 2012 1516 2057 p.
1536 1995 1697 2054 486,9
1713 2009 1806 2056 sq.;

20 2079 27 2087 ’
123 2069 325 2119 Pindari
356 2089 473 2121 vero
505 2075 737 2122 carminis
763 2071 1010 2135 Olympici
1041 2071 1187 2133 primi
1220 2085 1414 2118 versum
1445 2069 1656 2130 primum
1689 2067 1804 2115 3110·

122 2159 244 2208 gans
283 2160 334 2194 se
372 2147 533 2195 locum
581 2147 1000 2210 simplicissimum
1039 2144 1237 2192 Libanii
1280 2159 1348 2191 or.
1380 2142 1451 2190 XI
1480 2158 1526 2203 p.
1555 2143 1715 2199 524,9
1735 2155 1803 2201 sq.

121 2234 376 2281 perperam
414 2221 716 2270 intellexisse
757 2220 963 2283 aperuit.

234 2293 457 2342 Tertium
495 2311 650 2359 genus
685 2294 1035 2353 adnotationis,
1076 2292 1206 2354 quod
1245 2307 1344 2339 una
1383 2305 1498 2338 voce
1536 2288 1804 2350 paraphra-

120 2365 299 2414 sticum
337 2368 565 2429 dixerim,
605 2370 787 2432 quippe
828 2384 926 2430 quo
964 2366 1061 2415 loci
1100 2365 1376 2428 ellipsibus,
1418 2360 1804 2418 traiectionibus,
1833 2368 1838 2372 “

122 2442 304 2489 coactis
342 2442 665 2491 relationibus
705 2442 928 2491 difficiles
973 2456 1144 2503 graece
1192 2440 1466 2495 solvantur,
1515 2435 1804 2483 Croenertus

124 2513 241 2562 addi
277 2516 400 2577 vult,
440 2532 530 2580 ego
574 2517 904 2565 adhibendum
945 2530 1048 2563 esse
1089 2529 1227 2576 nego.
1296 2512 1424 2559 Nam
1464 2511 1674 2572 primum
1713 2508 1803 2554 hoc

122 2603 275 2650 genus
314 2589 374 2637 ab
414 2590 644 2639 instituto
677 2590 1016 2638 Bibliothecae
1049 2586 1417 2635 Teubnerianae
1449 2583 1646 2630 omnino
1687 2580 1802 2628 alie·

243 2775 284 2830 1)
316 2773 694 2818 Wochenschrift
730 2774 807 2817 fiir
844 2771 1102 2816 klassische
1142 2769 1402 2825 Philologie
1436 2771 1547 2810 1904
1580 2764 1634 2808 N.
1662 2768 1716 2806 23
1756 2765 1803 2806 013

126 2833 238 2875 1905
267 2831 325 2877 N.
350 2833 495 2892 33s34.

241 2892 285 2948 2)
316 2891 648 2936 Literarisches
681 2890 993 2935 Zentralblatt
1027 2893 1139 2932 1904
1173 2886 1228 2930 N.
1254 2891 1277 2929 7
1313 2884 1396 2929 001.
1424 2888 1521 2927 232.
