1992 3094
396 150 626 194 LIBANII
657 149 882 196 ORATIO
916 125 1159 196 CONTRA
1190 152 1552 198 TISAMENUM
1715 154 1816 207 185

127 287 446 355 λυπήσαντα
506 286 605 339 τὸν
664 284 950 355 βέλτιστον
1013 288 1219 356 ἰατρόν,
1282 283 1360 342 ὧν
1422 288 1646 352 ἕκαστος
1696 302 1738 346 R
1761 303 1907 347 H264

128 375 259 429 ὅτου
309 376 610 443 μνησθείη,
667 373 816 428 τοῦτ’
849 375 1022 438 εὐθὺς
1079 377 1189 429 ἔδει
1243 382 1583 447 πεπρᾶχθαι,
1637 374 1708 447 ἦν
1758 376 1818 432 δὲ

128 463 229 533 οὐχ
269 456 392 516 οἶόν
430 482 488 515 τε
537 462 678 532 ὁμοῦ
726 464 817 516 καὶ
864 466 995 526 τοὺς
1041 467 1246 534 νόμους
1292 475 1513 534 κρατεῖν
1557 465 1648 520 καὶ
1695 469 1818 521 τού-

125 571 256 615 τους
292 553 620 620 κερδαίνειν.
700 553 753 605 οῑ
794 552 856 605 δὲ
894 551 1217 622 ἐκέρδαινον
1263 553 1388 607 καθ’
1424 554 1656 624 ἑκάστην
1694 556 1817 625 ἡμέ-

129 661 248 710 ραν.
325 641 426 694 οὐκ
467 642 573 709 ἄρα
611 649 728 703 τοῖς
767 643 958 708 νόμοις
1003 641 1212 711 ὑπῆρχε
1258 653 1493 713 κρατεῖν.
1571 643 1600 697 ὁ
1649 644 1709 697 δὲ
1754 645 1815 696 τὸ
1864 666 1884 698 5

128 730 408 782 δύνασθαι
446 731 577 791 τοὺς
609 732 817 796 νόμους
849 729 1256 799 ἀφαιρούμενος
1290 720 1481 797 σώζειν
1513 731 1582 786 ἂν
1614 733 1815 796 αὐτοὺς

129 813 292 881 οὗτος
331 818 510 883 δοκοῖς
550 819 607 871 τί
636 818 764 887 γᾶρ;
805 820 853 872 εἰ
891 819 952 872 τὸ
992 822 1226 889 χρυσίον
1266 822 1342 883 εἰς
1380 817 1482 890 μὲν
1520 823 1615 884 τὰς
1654 823 1815 875 τοῦδε

128 915 312 977 χεῖρας
365 907 468 960 οὐκ
513 905 754 977 ἔρχοιτο,
809 909 886 970 εἰς
934 908 996 961 δὲ
1040 909 1135 971 τὰς
1190 908 1391 979 ἑτέρων
1436 911 1636 963 τούτου
1686 910 1816 978 πέμ-

128 1014 353 1062 ποντος,
406 993 572 1065 ἧττον
624 998 686 1050 τὸ
744 998 962 1050 δίκαιον
1008 996 1068 1050 ἐκ
1123 999 1462 1068 δωροδοκίας
1510 998 1816 1061 ἀπόλωλενς

127 1084 212 1138 39.
275 1085 367 1138 διὰ
420 1092 585 1138 τοῦτο
642 1086 776 1139 ὅταν
831 1105 914 1149 τις
966 1085 1103 1155 μέγα
1159 1086 1450 1156 ἐργάσηται
1503 1088 1673 1140 κακὸν
1725 1086 1814 1140 καὶ
1843 1109 1884 1142 10

127 1175 295 1242 φόβοι
340 1174 488 1245 παρὰ
525 1183 638 1227 τῶν
678 1177 864 1243 νόμων
903 1171 1021 1243 ὦσι,
1062 1179 1215 1246 γελοῖ’
1271 1176 1480 1245 δρόμον
1534 1177 1635 1246 γὰρ
1677 1175 1824 1248 αὑτῷ

126 1262 228 1332 μὲν
258 1259 486 1316 ἔσεσθαι
517 1264 666 1333 παρὰ
697 1264 796 1317 τὸν
827 1265 1097 1332 κηδεστὴν
1124 1265 1257 1332 μετὰ
1287 1264 1595 1334 χρημάτων,
1627 1263 1816 1335 ἐκείνῳ

129 1351 190 1404 δὲ
235 1352 383 1421 παρὰ
421 1352 520 1405 τὸν
557 1351 766 1422 πατέρα
812 1361 907 1421 τῆς
946 1354 1230 1420 γυναικός,
1282 1352 1339 1405 ἐκ
1380 1349 1439 1405 δὲ
1487 1362 1598 1405 τῶν
1637 1356 1818 1406 καλῶν

128 1440 341 1493 τούτων
380 1441 615 1494 εἰσόδων
653 1440 743 1494 καὶ
784 1443 967 1510 λόγων
1007 1443 1330 1510 οἰχήσεσθαι
1369 1442 1429 1494 τὸ
1470 1442 1687 1494 δίκαιον
1725 1461 1817 1494 κα-

127 1529 454 1598 ταπατηθέν.
533 1526 694 1593 οὗτος
743 1531 845 1599 μὲν
885 1527 988 1584 οὗν
1027 1530 1129 1583 οὐκ
1168 1533 1290 1599 ε”σχε
1328 1532 1505 1597 πόρον
1542 1537 1814 1595 τοιοῦτον,
1841 1551 1883 1584 15

129 1614 331 1687 ἑτέροις
378 1618 440 1672 δὲ
484 1618 743 1689 παρέσχε,
797 1620 887 1672 καὶ
938 1620 1003 1672 τὰ
1050 1618 1220 1671 αὑτοῦ
1267 1619 1369 1687 μὲν
1415 1617 1676 1671 ἐντεῦθεν
1716 1618 1817 1670 οὐκ

127 1704 379 1775 ηὔξησεν,
420 1700 577 1761 οἷκον
616 1705 676 1761 δὲ
718 1707 1023 1778 ἀνθρώπου
1061 1715 1325 1777 πονηροῦ.
1387 1707 1472 1760 40.
1514 1704 1708 1759 πολλοὶ
1749 1707 1816 1774 δὴ

128 1803 239 1848 τῶν
291 1795 617 1850 πανδοκέων
673 1805 789 1860 τοῖς
839 1801 1065 1868 ’λῃσταῖς
1121 1798 1533 1866 συμπράττουσι
1587 1795 1688 1862 μὲν
1741 1795 1818 1857 εἰς

128 1884 229 1952 τὴν
275 1883 381 1937 ἀπὸ
422 1895 534 1938 τῶν
574 1888 768 1955 φόνων
806 1887 1106 1956 πρόσοδον,
1147 1886 1488 1954 λαμβάνουσι
1535 1883 1596 1936 δὲ
1634 1882 1817 1949 οὐδέν,

130 1970 246 2026 ἀλλ’
277 1973 489 2043 ἀρκοῦν
542 1975 729 2037 αὐτοῖς
775 1974 968 2043 κέρδος
1013 1975 1073 2027 τὸ
1128 1982 1244 2037 τοῖς
1288 1973 1617 2042 κακούργοις
1663 1990 1816 2040 κεχα-
1840 1994 1886 2026 20

131 2063 336 2130 ρίσθαι.
398 2060 490 2116 καὶ
522 2064 762 2131 κάθηται
794 2063 1092 2132 Τισαμενὸς
1131 2063 1354 2131 ψήφους
1392 2061 1514 2130 περὶ
1551 2060 1819 2113 τοιούτων

130 2148 332 2218 φέρων.
409 2144 535 2204 οἶδα
575 2151 640 2205 δέ
675 2172 828 2215 τινας
866 2153 1080 2206 τούτων
1118 2148 1219 2221 μὲν
1259 2148 1553 2219 οὐδέτερον
1595 2167 1818 2216 πεποιη-

130 2239 289 2301 κότας
327 2239 443 2292 οὔτ’
473 2241 675 2304 αὐτοὺς
721 2243 991 2310 λαβόντας
1035 2238 1163 2293 οὔθ’
1195 2238 1413 2308 ἑτέρους
1457 2238 1819 2306 πεποιηκότας

251 2493 276 2531 2
308 2489 585 2548 πεπράχθαι
609 2491 655 2535 Ρ
684 2490 765 2533 sod
790 2489 801 2503 '
827 2490 876 2532 in
893 2493 911 2501 ”
939 2502 1040 2532 corr
1056 2488 1138 2543 m⁸‚
1158 2489 1185 2531 1
1322 2491 1344 2529 7
1372 2488 1487 2542 δοκῆ
1508 2487 1545 2530 C
1675 2491 1699 2522 Η
1726 2491 1817 2528 τῶν

133 2548 240 2590 anie
280 2546 446 2604 ἑτέρων
479 2550 524 2593 Α
571 2549 653 2593 sed
692 2548 768 2592 del
799 2549 882 2602 m¹‚
929 2548 996 2591 Re
1036 2547 1117 2603 qui
1155 2553 1247 2591 τῶν
1286 2543 1479 2600 ἑταίρων
1522 2543 1817 2588 scribendum

134 2605 332 2650 coniecit
401 2607 555 2652 delevi
595 2607 697 2652 coll.
723 2608 827 2653 1.16
914 2614 1046 2662 σφῶν
1082 2607 1118 2651 Ο
1164 2608 1170 2661 Ι
1219 2603 1501 2660 πέμποντοςς
1548 2602 1759 2646 Monnier

134 2666 160 2706 9
193 2663 427 2710 ἀπόλωλεν
451 2669 487 2711 Ι
511 2667 592 2711 sed
616 2684 643 2710 ν
668 2667 827 2710 delm¹
890 2665 1095 2709 ἀπόλωλε
1123 2665 1166 2708 V
1282 2668 1335 2707 10
1368 2667 1584 2708 διατοῦτο
1606 2662 1768 2706 ΑΡΙΒ
1784 2661 1825 2704 V

139 2722 143 2779 Ι
177 2721 246 2774 τίς
275 2725 310 2767 Ι
483 2730 536 2769 11
585 2726 712 2786 αὐτῷ
746 2726 784 2771 G
810 2725 877 2768 Re
969 2725 1112 2768 αὐτῶι
1144 2724 1188 2767 A
1279 2723 1402 2766 αὐτῶ
1444 2720 1611 2776 reliqui
1649 2719 1757 2763 libri

138 2786 191 2824 15
224 2779 359 2834 οὗτος
389 2784 435 2827 Ρ
461 2785 544 2828 sed.
576 2801 600 2828 ο
633 2784 682 2827 in
706 2798 781 2828 ras
806 2784 876 2827 m⁸
998 2788 1051 2826 16
1085 2782 1229 2826 αὑτοῦ
1262 2782 1308 2824 Ρ
1335 2781 1416 2824 sed
1441 2778 1451 2794 ²
1493 2781 1540 2823 in
1564 2793 1639 2823 ras
1663 2779 1746 2831 ωδ,
1781 2779 1824 2821 V

134 2839 202 2884 Re
292 2843 436 2887 αὐτοῦ
466 2843 636 2899 reliqui
666 2843 776 2887 libri
929 2846 980 2886 17
1014 2841 1071 2897 δὴ
1106 2840 1269 2897 scripsi
1301 2842 1487 2883 auctore
1520 2836 1757 2882 Mounerio

136 2898 186 2942 δὲ
216 2899 326 2944 libri
357 2901 448 2945 odd
589 2906 643 2946 18
675 2905 864 2959 λῃσταῖς
893 2902 969 2945 ΙΒ
1113 2905 1166 2943 21
1201 2900 1306 2954 περὶ
1338 2898 1500 2954 scripsi
1561 2896 1676 2951 ὑπὲρ
1707 2895 1817 2939 libri

134 2956 202 3001 Re
229 2960 235 3014 1
262 2966 353 3004 τῶν
383 2961 607 3005 τοιούτων
640 2963 675 3005 Ι
788 2966 843 3003 22
877 2960 1016 3005 οὐδὲν
1049 2960 1093 3002 Β
