1992 3094
140 134 370 179 LIBANII
393 134 617 180 ORATIO
651 134 967 180 ADVERSUS
999 137 1351 184 PAEDAGOGI
1379 139 1662 186 CONVICIA
1724 142 1831 196 203

139 271 323 339 δίκην;
363 269 447 322 25.
489 271 556 324 οὐ
589 274 801 338 τοίνυν,
833 268 876 324 ὦ
908 273 1115 341 παῖδες,
1149 273 1271 327 οὐδ’
1302 274 1478 328 ἐκεῖνο
1510 279 1831 345 τολμήσειεν

137 359 209 412 ἂν
259 360 451 428 εἰπεῖν,
505 360 580 422 ὡς
632 361 699 412 οὐ
753 363 996 424 πολλοὺς
1050 363 1271 426 δεινοὺς
1326 364 1508 432 λέγειν
1560 368 1715 420 τουτὶ
1768 369 1829 421 τὸ

135 450 342 518 χωρίον
387 447 606 511 ἔδειξεν.
685 444 764 502 ὧν
811 451 864 502 οὶ
910 447 1013 518 μὲν
1061 449 1121 503 ἐν
1169 453 1346 515 δίκαις
1398 452 1721 524 ἐξέλαμψαν,
1776 458 1834 509 οἱ

135 537 198 590 δὲ
236 535 298 590 ἐν
336 543 413 608 τῷ
452 537 708 605 δικάζειν,
760 539 814 591 οἱ
854 534 915 591 δὲ
954 537 1016 592 ἐν
1054 546 1128 612 τῷ
1162 549 1280 603 ταῖς
1316 545 1539 610 πατρίσι
1578 546 1827 612 βοηθεῖν.

133 622 214 679 ὧν
251 625 476 688 ἕκαστος
514 627 648 695 μετὰ
686 635 846 696 τιμῆς
876 635 976 680 τοῦ
1009 630 1184 694 νόμου
1219 631 1385 682 τοῦδε
1423 631 1630 700 ταύτην
1666 629 1827 701 ἔλαβε
1872 654 1892 686 ⁶

131 716 234 783 τὴν
272 715 533 781 δύναμιν.
593 716 642 767 εἰ
682 714 742 767 δ’
773 717 889 768 ε”στι
927 715 1032 768 κάν
1069 724 1144 789 τῷ
1178 719 1478 786 φυλάττειν
1514 720 1613 773 τὸν
1652 723 1827 789 νόμον

130 804 447 873 εὐδοκιμεῖν
492 803 598 857 κάν
642 803 840 873 μηδενὶ
886 806 1231 872 βλάπτεσθαι
1276 806 1401 876 περὶ
1451 810 1580 870 τοὺς
1626 811 1825 877 λόγους

128 893 220 946 καὶ
259 892 511 946 συνιέναι
549 901 722 946 ταῦτα
757 893 1041 964 ἀμφότερα
1073 896 1320 963 δύναται,
1360 899 1442 959 τίς
1473 897 1661 950 δικαία
1691 900 1823 967 πρό-

128 995 297 1049 φασις
336 990 401 1052 τῇ
440 983 576 1035 κατὰ
614 991 728 1034 τῶν
767 982 1241 1051 ἀποθνησκόντων
1277 985 1461 1053 ὕβρεις

240 1070 325 1123 26.
390 1069 515 1140 Ἐφ’
544 1065 588 1142 ᾧ
628 1069 689 1127 δ’
720 1071 791 1124 ἄν
828 1091 911 1134 τις
948 1073 1183 1139 μάλιστα
1221 1073 1567 1142 ἀποπνιγείη,
1607 1075 1692 1127 ὅτι
1730 1076 1819 1128 καὶ
1845 1096 1888 1129 ιο

125 1160 222 1222 τὰς
267 1159 470 1229 ἡμέρας
516 1161 574 1212 αἳ
622 1161 718 1222 τὰς
771 1169 884 1213 τῶν
939 1170 1222 1228 σοφιστῶν
1275 1161 1561 1226 ἐπιδείξεις
1616 1166 1820 1232 ἔχουσι,

125 1250 257 1317 μετὰ
295 1259 408 1301 τῶν
451 1249 734 1316 τηνάλλως
783 1247 788 1320 Ι
840 1248 1288 1316 ἀναλισκομένων
1334 1250 1652 1321 ἀριθμοῦσι.
1698 1265 1740 1308 R
1761 1265 1908 1310 H280

31 1335 35 1337 ’
121 1346 262 1405 πῶς,
310 1333 352 1390 ὦ
391 1338 594 1407 μιαρὸν
630 1340 855 1407 θηρίον,
902 1348 1017 1401 πῶς
1056 1341 1210 1407 λόγοι
1251 1341 1436 1408 λόγοις
1473 1341 1673 1408 βλάβη;
1726 1342 1818 1394 καὶ

121 1435 238 1489 πῶς
285 1426 314 1479 ὁ
363 1425 542 1494 λέγων
588 1426 622 1480 ἃ
668 1428 770 1496 χρὴ
823 1433 1139 1496 μιμεῖσθαι,
1192 1427 1317 1497 περὶ
1364 1431 1566 1496 λόγους
1617 1432 1815 1498 ζημιοῖ;

123 1514 228 1583 ἐγὼ
267 1517 373 1584 γὰρ
413 1517 515 1584 τὴν
559 1512 662 1585 μὲν
707 1526 820 1570 τῶν
869 1517 1222 1570 διδασκάλων
1269 1518 1482 1586 σιωπὴν
1526 1519 1662 1570 κατὰ
1703 1528 1816 1571 τῶν
1839 1541 1882 1574 15

118 1606 527 1673 μανθανόντων
564 1598 713 1658 εἶναι’
749 1626 908 1674 φημι,
941 1606 1008 1658 H>
1051 1606 1225 1674 ῥεῦμα
1264 1607 1325 1659 δὲ
1362 1615 1475 1659 τῶν
1512 1605 1650 1675 παρ’
1681 1607 1815 1660 ε’κεί-

118 1712 237 1746 νων
282 1695 465 1761 λόγων
511 1692 599 1746 ἐπὶ
646 1695 708 1748 τὸ
758 1694 927 1747 ταύτὰ
974 1695 1255 1748 δύνασθαι
1302 1703 1484 1748 ποιεῖν
1532 1696 1812 1765 προάγειν.

29 1836 32 1837 ⁷
118 1779 434 1851 ἑωράκαμεν
487 1781 554 1835 δέ
595 1801 706 1836 που
751 1782 842 1836 καὶ
889 1784 1274 1852 παιδοτρίβας,
1330 1784 1402 1846 ὡς
1450 1782 1510 1835 ἐν
1556 1793 1674 1846 ταῖς
1711 1802 1812 1836 πα-

118 1874 403 1940 λαίστραις
451 1869 543 1924 καὶ
590 1873 683 1925 διὰ
728 1881 841 1925 τῶν
895 1870 1107 1924 ἑαυτῶν
1161 1872 1428 1940 σωμάτων
1482 1873 1810 1925 παιδεύουσι

114 1962 387 2028 παλαίειν,
440 1958 532 2012 καὶ
587 1961 726 2030 πρὸς
765 1962 982 2023 τούτοις
1036 1959 1257 2024 τοξότας
1310 1959 1398 2013 ἐπὶ
1450 1962 1646 2030 διδαχῇ
1697 1970 1808 2014 τῶν
1833 1983 1876 2016 so

116 2053 385 2116 μαθητῶν
423 2048 685 2117 ἀφιέντας
723 2049 855 2118 βέλη
903 2048 994 2102 καὶ
1042 2052 1140 2102 τόν
1187 2069 1246 2117 γε
1289 2048 1524 2102 Ἀπόλλω
1567 2052 1809 2113 πολλοὺς

112 2135 335 2200 τοξότας
395 2137 570 2201 οὕτως
631 2137 1074 2207 ἀπειργασμένον
1126 2138 1369 2205 (ἴσμεν).
1458 2138 1542 2189 27.
1599 2137 1807 2191 οὐκοῦν

234 2315 290 2354 10
320 2311 450 2357 Dem.
478 2313 535 2357 de
559 2313 662 2357 fals.
689 2313 779 2371 leg.
806 2329 850 2370 p.
876 2318 977 2367 403,
998 2318 1050 2356 16
1174 2318 1225 2356 21
1262 2312 1319 2356 cf.
1345 2315 1377 2357 t.
1396 2313 1459 2356 IV
1490 2327 1533 2369 p.
1561 2317 1646 2356 855
1660 2312 1704 2371 β’
1721 2319 1746 2357 5

132 2495 133 2498 “
233 2478 256 2517 1
291 2472 396 2518 οὐδ’
426 2475 576 2520 ἐκεῖνο
608 2477 658 2519 in
690 2475 802 2520 οὐδὲ
828 2473 973 2520 ’κεῖνο
1008 2490 1109 2519 corr
1132 2475 1190 2519 1²
1339 2480 1364 2518 3
1398 2475 1556 2528 ἔδοξεν
1588 2475 1690 2518 Μοι·
1720 2475 1801 2531 qui

111 2530 286 2586 ἔδειξεν
317 2534 423 2578 coni
566 2540 592 2578 4
625 2532 671 2580 δ’
700 2535 808 2591 (bis)
840 2535 908 2579 Re
1046 2539 1070 2578 6
1102 2535 1211 2584 τοὺς
1240 2532 1412 2591 νόμους
1443 2535 1515 2578 Pa
1653 2539 1676 2577 7
1711 2535 1800 2578 κάν

110 2590 278 2648 scripsi
336 2594 419 2637 καὶ
448 2593 557 2636 libri
589 2595 680 2638 edd
708 2596 714 2650 Ι
742 2595 886 2650 μηδὲν
917 2594 985 2636 Re
1108 2599 1156 2636 11
1194 2591 1458 2646 ἀποδείξεις
1488 2595 1520 2636 Ι
1638 2598 1691 2637 12
1723 2610 1799 2649 τη-

112 2649 262 2702 νάλως
292 2651 363 2695 C'I
485 2657 540 2696 13
571 2652 726 2710 λόγοις
755 2652 883 2709 λόγοι
917 2654 1143 2697 ClPaMo
1167 2652 1270 2695 Mor
1403 2658 1455 2695 15
1488 2651 1576 2710 γὰρ
1608 2666 1684 2696 om
1719 2653 1761 2695 V
1790 2654 1794 2709 ζ

111 2707 195 2764 μὲν
224 2709 308 2766 τὴν
342 2712 387 2755 V
523 2716 577 2755 16
610 2711 952 2768 μανθανόντων
985 2738 1039 2743 -
1072 2708 1188 2766 παρ’
1223 2726 1297 2755 om
1321 2711 1424 2755 Mor
1567 2716 1619 2754 17
1650 2718 1797 2755 ταῦτα

113 2768 197 2812 Mo
228 2769 310 2812 sed
341 2769 391 2812 in
420 2769 568 2814 ταυτὰ
599 2785 712 2823 corr,
746 2771 848 2814 Mor
897 2771 903 2828 Ι
952 2769 1143 2827 προάγω
1169 2770 1271 2814 Mor
1300 2771 1381 2813 sed
1414 2788 1467 2827 γρ
1491 2770 1717 2827 προάγειν
1746 2770 1795 2813 in

109 2839 244 2884 marg
386 2833 441 2873 18
474 2828 527 2874 δέ
557 2831 603 2874 Ρ
632 2831 714 2873 sed
747 2846 768 2874 ε
799 2830 848 2872 in
870 2842 947 2873 ras
972 2830 1042 2872 m⁶
1185 2834 1238 2871 22
1273 2828 1418 2880 οὕτως
1447 2831 1494 2873 Ρ
1521 2830 1601 2873 sed
1634 2845 1716 2872 ουτ
1747 2829 1793 2871 in

108 2897 184 2928 ras
206 2885 279 2987 ml²
320 2887 326 2943 Ι
368 2886 499 2944 ἴσμεν
530 2888 705 2932 inserui
737 2891 926 2932 auctore
949 2888 1017 2932 Re
1067 2889 1072 2946 Ι
1124 2888 1210 2931 οὐκ
1251 2888 1294 2932 V
1317 2889 1399 2931 sed
1431 2891 1537 2944 post
1569 2905 1595 2931 κ
1627 2887 1794 2931 lacuna

110 2946 226 2987 4—5
276 2945 337 2988 itt
