<?xml version="1.0" encoding="UTF-8"?>
<!DOCTYPE html PUBLIC "-//W3C//DTD XHTML 1.0 Transitional//EN"
    "http://www.w3.org/TR/xhtml1/DTD/xhtml1-transitional.dtd">
<html xmlns="http://www.w3.org/1999/xhtml" xml:lang="en" lang="en">
 <head>
  <title>
</title>
<meta http-equiv="Content-Type" content="text/html;charset=utf-8" />
  <meta name='ocr-system' content='tesseract 3.04.00' />
  <meta name='ocr-capabilities' content='ocr_page ocr_carea ocr_par ocr_line ocrx_word'/>
</head>
<body>
  <div class='ocr_page' id='page_1' title='image "./operarecensuitri03libauoft_0082.png"; bbox 0 0 1992 3094; ppageno 0'>
   <div class='ocr_carea' id='block_1_1' title="bbox 217 133 1397 190">
    <p class='ocr_par' dir='ltr' id='par_1_1' title="bbox 217 133 1397 190">
     <span class='ocr_line' id='line_1_1' title="bbox 217 133 1397 190; baseline -0.002 -9"><span class='ocrx_word' id='word_1_1' title='bbox 217 139 284 190; x_wconf 81' lang='grc'><strong><em>12</em></strong></span> <span class='ocrx_word' id='word_1_2' title='bbox 732 135 960 180; x_wconf 89' lang='lat' dir='ltr'><strong>LIBANII</strong></span> <span class='ocrx_word' id='word_1_3' title='bbox 992 133 1215 178; x_wconf 87' lang='lat' dir='ltr'><strong>ORATIO</strong></span> <span class='ocrx_word' id='word_1_4' title='bbox 1247 134 1397 179; x_wconf 87' lang='lat' dir='ltr'><strong>XXVI</strong></span> 
     </span>
    </p>
   </div>
   <div class='ocr_carea' id='block_1_2' title="bbox 212 267 1986 342">
    <p class='ocr_par' dir='ltr' id='par_1_2' title="bbox 212 267 1986 342">
     <span class='ocr_line' id='line_1_2' title="bbox 212 267 1986 342; baseline -0.002 -16"><span class='ocrx_word' id='word_1_5' title='bbox 212 276 444 342; x_wconf 83' lang='grc' dir='ltr'><em>ποιήσας</em></span> <span class='ocrx_word' id='word_1_6' title='bbox 485 277 688 341; x_wconf 77' lang='grc' dir='ltr'><strong><em>ἴσχυσε.</em></strong></span> <span class='ocrx_word' id='word_1_7' title='bbox 750 271 880 341; x_wconf 76' lang='grc' dir='ltr'><strong><em>τῇδε</em></strong></span> <span class='ocrx_word' id='word_1_8' title='bbox 922 267 982 323; x_wconf 77' lang='grc' dir='ltr'><strong><em>δὲ</em></strong></span> <span class='ocrx_word' id='word_1_9' title='bbox 1021 270 1169 339; x_wconf 81' lang='grc' dir='ltr'><strong><em>παρὰ</em></strong></span> <span class='ocrx_word' id='word_1_10' title='bbox 1207 273 1430 323; x_wconf 80' lang='grc' dir='ltr'><strong><em>πολλῶν</em></strong></span> <span class='ocrx_word' id='word_1_11' title='bbox 1470 269 1752 339; x_wconf 79' lang='grc' dir='ltr'><em>ἀρχόντων</em></span> <span class='ocrx_word' id='word_1_12' title='bbox 1792 270 1903 322; x_wconf 88' lang='grc' dir='ltr'><strong><em>διε-</em></strong></span> <span class='ocrx_word' id='word_1_13' title='bbox 1983 269 1986 276; x_wconf 84' lang='grc'><strong>’</strong></span> 
     </span>
    </p>
   </div>
   <div class='ocr_carea' id='block_1_3' title="bbox 213 356 1903 431">
    <p class='ocr_par' dir='ltr' id='par_1_3' title="bbox 213 356 1903 431">
     <span class='ocr_line' id='line_1_3' title="bbox 213 356 1903 431; baseline -0.002 -17"><span class='ocrx_word' id='word_1_14' title='bbox 213 362 404 431; x_wconf 79' lang='grc' dir='ltr'><strong><em>φθάρη</em></strong></span> <span class='ocrx_word' id='word_1_15' title='bbox 459 361 890 428; x_wconf 81' lang='grc' dir='ltr'><strong><em>κολακευόμενος</em></strong></span> <span class='ocrx_word' id='word_1_16' title='bbox 935 356 1270 427; x_wconf 82' lang='grc' dir='ltr'><strong><em>ὠνουμένων</em></strong></span> <span class='ocrx_word' id='word_1_17' title='bbox 1319 359 1413 420; x_wconf 81' lang='grc' dir='ltr'><strong><em>τὰς</em></strong></span> <span class='ocrx_word' id='word_1_18' title='bbox 1467 358 1903 426; x_wconf 77' lang='grc' dir='ltr'><strong><em>καταγελάστους</em></strong></span> 
     </span>
    </p>
   </div>
   <div class='ocr_carea' id='block_1_4' title="bbox 123 442 1989 517">
    <p class='ocr_par' dir='ltr' id='par_1_4' title="bbox 123 442 1989 517">
     <span class='ocr_line' id='line_1_4' title="bbox 123 442 1989 517; baseline -0.004 -10"><span class='ocrx_word' id='word_1_19' title='bbox 123 462 327 506; x_wconf 85' lang='lat' dir='ltr'>RII101</span> <span class='ocrx_word' id='word_1_20' title='bbox 369 449 569 511; x_wconf 90' lang='grc' dir='ltr'><strong><em>ταύτας</em></strong></span> <span class='ocrx_word' id='word_1_21' title='bbox 622 448 907 517; x_wconf 82' lang='grc' dir='ltr'><strong><em>εὐφημίας.</em></strong></span> <span class='ocrx_word' id='word_1_22' title='bbox 965 447 971 516; x_wconf 79' lang='grc' dir='ltr'>Ι</span> <span class='ocrx_word' id='word_1_23' title='bbox 1033 447 1115 500; x_wconf 90' lang='grc'><strong><em>19.</em></strong></span> <span class='ocrx_word' id='word_1_24' title='bbox 1168 456 1280 500; x_wconf 88' lang='grc' dir='ltr'><strong><em>τῶν</em></strong></span> <span class='ocrx_word' id='word_1_25' title='bbox 1331 455 1679 516; x_wconf 78' lang='grc' dir='ltr'><strong><em>στρατιωτῶν</em></strong></span> <span class='ocrx_word' id='word_1_26' title='bbox 1731 466 1907 515; x_wconf 81' lang='grc' dir='ltr'><strong><em>τινας,</em></strong></span> <span class='ocrx_word' id='word_1_27' title='bbox 1985 442 1989 448; x_wconf 60' lang='grc'><strong>’</strong></span> 
     </span>
    </p>
   </div>
   <div class='ocr_carea' id='block_1_5' title="bbox 169 534 1904 697">
    <p class='ocr_par' dir='ltr' id='par_1_5' title="bbox 169 534 1904 697">
     <span class='ocr_line' id='line_1_5' title="bbox 211 534 1904 608; baseline -0.001 -17"><span class='ocrx_word' id='word_1_28' title='bbox 211 537 339 608; x_wconf 86' lang='grc' dir='ltr'><strong><em>παρ’</em></strong></span> <span class='ocrx_word' id='word_1_29' title='bbox 370 534 448 591; x_wconf 80' lang='grc' dir='ltr'><strong><em>ὧν</em></strong></span> <span class='ocrx_word' id='word_1_30' title='bbox 487 535 639 591; x_wconf 81' lang='grc' dir='ltr'><strong><em>ἔστιν</em></strong></span> <span class='ocrx_word' id='word_1_31' title='bbox 685 535 922 590; x_wconf 86' lang='grc' dir='ltr'><strong><em>ἀκοῦσαί</em></strong></span> <span class='ocrx_word' id='word_1_32' title='bbox 963 555 1017 588; x_wconf 89' lang='grc' dir='ltr'><strong><em>τι</em></strong></span> <span class='ocrx_word' id='word_1_33' title='bbox 1062 534 1189 605; x_wconf 84' lang='grc' dir='ltr'><strong><em>περὶ</em></strong></span> <span class='ocrx_word' id='word_1_34' title='bbox 1235 536 1573 605; x_wconf 78' lang='grc' dir='ltr'><strong><em>πραγμάτων</em></strong></span> <span class='ocrx_word' id='word_1_35' title='bbox 1622 534 1904 604; x_wconf 77' lang='grc' dir='ltr'><strong><em>δεομένων</em></strong></span> 
     </span>
     <span class='ocr_line' id='line_1_6' title="bbox 169 623 1904 697; baseline -0.002 -17"><span class='ocrx_word' id='word_1_36' title='bbox 169 649 187 680; x_wconf 85' lang='lat'>5</span> <span class='ocrx_word' id='word_1_37' title='bbox 214 627 529 697; x_wconf 77' lang='grc' dir='ltr'><strong><em>φροντίδος,</em></strong></span> <span class='ocrx_word' id='word_1_38' title='bbox 567 625 762 696; x_wconf 85' lang='grc' dir='ltr'><strong><em>ὑφορῶ</em></strong></span> <span class='ocrx_word' id='word_1_39' title='bbox 802 623 893 677; x_wconf 87' lang='grc' dir='ltr'><strong><em>καὶ</em></strong></span> <span class='ocrx_word' id='word_1_40' title='bbox 924 626 1107 692; x_wconf 81' lang='grc' dir='ltr'><strong><em>νόμιζε</em></strong></span> <span class='ocrx_word' id='word_1_41' title='bbox 1146 632 1323 687; x_wconf 89' lang='grc' dir='ltr'><strong><em>κακῶς</em></strong></span> <span class='ocrx_word' id='word_1_42' title='bbox 1353 632 1417 694; x_wconf 75' lang='grc' dir='ltr'><strong><em>τῇ</em></strong></span> <span class='ocrx_word' id='word_1_43' title='bbox 1451 625 1638 694; x_wconf 81' lang='grc' dir='ltr'><strong><em>γνώμῃ</em></strong></span> <span class='ocrx_word' id='word_1_44' title='bbox 1679 624 1770 676; x_wconf 84' lang='grc' dir='ltr'><strong><em>καὶ</em></strong></span> <span class='ocrx_word' id='word_1_45' title='bbox 1801 623 1904 678; x_wconf 88' lang='grc' dir='ltr'><strong><em>οὐκ</em></strong></span> 
     </span>
    </p>
   </div>
   <div class='ocr_carea' id='block_1_6' title="bbox 212 711 1992 785">
    <p class='ocr_par' dir='ltr' id='par_1_6' title="bbox 212 711 1992 785">
     <span class='ocr_line' id='line_1_7' title="bbox 212 711 1992 785; baseline -0.002 -18"><span class='ocrx_word' id='word_1_46' title='bbox 212 715 422 777; x_wconf 77' lang='grc' dir='ltr'><strong><em>ἀδόλως</em></strong></span> <span class='ocrx_word' id='word_1_47' title='bbox 469 715 750 767; x_wconf 86' lang='grc' dir='ltr'><strong><em>διακονεῖν</em></strong></span> <span class='ocrx_word' id='word_1_48' title='bbox 796 714 958 783; x_wconf 92' lang='grc' dir='ltr'><strong><em>χάριν</em></strong></span> <span class='ocrx_word' id='word_1_49' title='bbox 1011 713 1136 765; x_wconf 81' lang='grc' dir='ltr'><strong><em>τινὰ</em></strong></span> <span class='ocrx_word' id='word_1_50' title='bbox 1188 714 1395 781; x_wconf 89' lang='grc' dir='ltr'><strong><em>ταύτην</em></strong></span> <span class='ocrx_word' id='word_1_51' title='bbox 1448 718 1523 784; x_wconf 80' lang='grc' dir='ltr'><strong><em>τῷ</em></strong></span> <span class='ocrx_word' id='word_1_52' title='bbox 1571 711 1905 785; x_wconf 71' lang='grc' dir='ltr'><strong><em>πεπαυμένῳι</em></strong></span> <span class='ocrx_word' id='word_1_53' title='bbox 1983 718 1992 731; x_wconf 78' lang='grc'>’</span> 
     </span>
    </p>
   </div>
   <div class='ocr_carea' id='block_1_7' title="bbox 146 798 1910 2110">
    <p class='ocr_par' dir='ltr' id='par_1_7' title="bbox 146 798 1910 2110">
     <span class='ocr_line' id='line_1_8' title="bbox 212 798 1896 874; baseline -0.002 -17"><span class='ocrx_word' id='word_1_54' title='bbox 212 803 497 874; x_wconf 87' lang='grc' dir='ltr'><strong><em>φέροντας.</em></strong></span> <span class='ocrx_word' id='word_1_55' title='bbox 574 800 662 855; x_wconf 86' lang='grc' dir='ltr'><strong><em>σοὶ</em></strong></span> <span class='ocrx_word' id='word_1_56' title='bbox 715 798 818 871; x_wconf 74' lang='grc' dir='ltr'><strong><em>μὲν</em></strong></span> <span class='ocrx_word' id='word_1_57' title='bbox 871 802 975 872; x_wconf 83' lang='grc' dir='ltr'><strong><em>γὰρ</em></strong></span> <span class='ocrx_word' id='word_1_58' title='bbox 1031 801 1133 854; x_wconf 85' lang='grc' dir='ltr'><strong><em>οὐκ</em></strong></span> <span class='ocrx_word' id='word_1_59' title='bbox 1186 798 1412 870; x_wconf 81' lang='grc' dir='ltr'><strong><em>ἔχουσιν</em></strong></span> <span class='ocrx_word' id='word_1_60' title='bbox 1468 800 1719 868; x_wconf 79' lang='grc' dir='ltr'><strong><em>ἐγκαλεῖν</em></strong></span> <span class='ocrx_word' id='word_1_61' title='bbox 1773 798 1896 854; x_wconf 87' lang='grc' dir='ltr'><strong><em>οὐδ’</em></strong></span> 
     </span>
     <span class='ocr_line' id='line_1_9' title="bbox 211 888 1905 962; baseline -0.002 -17"><span class='ocrx_word' id='word_1_62' title='bbox 211 894 404 958; x_wconf 81' lang='grc' dir='ltr'><strong><em>εἰπεῖν,</em></strong></span> <span class='ocrx_word' id='word_1_63' title='bbox 438 889 565 944; x_wconf 79' lang='grc' dir='ltr'><strong><em>ἀνθ’</em></strong></span> <span class='ocrx_word' id='word_1_64' title='bbox 591 891 724 944; x_wconf 82' lang='grc' dir='ltr'><strong><em>ὅτου</em></strong></span> <span class='ocrx_word' id='word_1_65' title='bbox 755 897 1035 958; x_wconf 77' lang='grc' dir='ltr'><strong><em>μισοῦσιν,</em></strong></span> <span class='ocrx_word' id='word_1_66' title='bbox 1067 888 1258 962; x_wconf 78' lang='grc' dir='ltr'><strong><em>ἐκείνῳ</em></strong></span> <span class='ocrx_word' id='word_1_67' title='bbox 1285 890 1347 942; x_wconf 82' lang='grc' dir='ltr'><strong><em>δὲ</em></strong></span> <span class='ocrx_word' id='word_1_68' title='bbox 1374 894 1558 943; x_wconf 80' lang='grc' dir='ltr'><strong><em>ἴσασιν</em></strong></span> <span class='ocrx_word' id='word_1_69' title='bbox 1586 889 1905 958; x_wconf 83' lang='grc' dir='ltr'><strong><em>ὀφείλοντες</em></strong></span> 
     </span>
     <span class='ocr_line' id='line_1_10' title="bbox 212 968 1906 1049; baseline -0.002 -15"><span class='ocrx_word' id='word_1_70' title='bbox 212 980 440 1049; x_wconf 82' lang='grc' dir='ltr'><strong><em>ἀμοιβὰς</em></strong></span> <span class='ocrx_word' id='word_1_71' title='bbox 494 975 573 1032; x_wconf 81' lang='grc' dir='ltr'><strong><em>ὧν</em></strong></span> <span class='ocrx_word' id='word_1_72' title='bbox 627 979 774 1047; x_wconf 81' lang='grc' dir='ltr'><strong><em>παρὰ</em></strong></span> <span class='ocrx_word' id='word_1_73' title='bbox 826 987 938 1032; x_wconf 91' lang='grc' dir='ltr'><strong><em>τῶν</em></strong></span> <span class='ocrx_word' id='word_1_74' title='bbox 988 976 1081 1031; x_wconf 83' lang='grc' dir='ltr'><strong><em>ὑπ’</em></strong></span> <span class='ocrx_word' id='word_1_75' title='bbox 1121 978 1292 1031; x_wconf 82' lang='grc' dir='ltr'><strong><em>αὐτοῦ</em></strong></span> <span class='ocrx_word' id='word_1_76' title='bbox 1347 987 1526 1041; x_wconf 89' lang='grc' dir='ltr'><strong><em>κακῶς</em></strong></span> <span class='ocrx_word' id='word_1_77' title='bbox 1577 968 1906 1048; x_wconf 81' lang='grc' dir='ltr'><strong><em>πασχόντων</em></strong></span> 
     </span>
     <span class='ocr_line' id='line_1_11' title="bbox 146 1062 1903 1139; baseline -0.001 -17"><span class='ocrx_word' id='word_1_78' title='bbox 146 1090 187 1122; x_wconf 79' lang='lat'><strong><em>10</em></strong></span> <span class='ocrx_word' id='word_1_79' title='bbox 213 1068 545 1139; x_wconf 83' lang='grc' dir='ltr'><strong><em>ἐκέρδαινον.</em></strong></span> <span class='ocrx_word' id='word_1_80' title='bbox 622 1068 922 1134; x_wconf 91' lang='grc' dir='ltr'><strong><em>βούλονται</em></strong></span> <span class='ocrx_word' id='word_1_81' title='bbox 962 1062 1066 1119; x_wconf 81' lang='grc' dir='ltr'><strong><em>οὗν</em></strong></span> <span class='ocrx_word' id='word_1_82' title='bbox 1106 1062 1248 1120; x_wconf 79' lang='grc' dir='ltr'><strong><em>εἶναι</em></strong></span> <span class='ocrx_word' id='word_1_83' title='bbox 1293 1065 1419 1134; x_wconf 80' lang='grc' dir='ltr'><strong><em>περὶ</em></strong></span> <span class='ocrx_word' id='word_1_84' title='bbox 1458 1067 1659 1129; x_wconf 89' lang='grc' dir='ltr'><strong><em>ταύτας</em></strong></span> <span class='ocrx_word' id='word_1_85' title='bbox 1697 1067 1903 1120; x_wconf 87' lang='grc' dir='ltr'><strong><em>δίκαιοι</em></strong></span> 
     </span>
     <span class='ocr_line' id='line_1_12' title="bbox 208 1154 1906 1225; baseline -0.001 -16"><span class='ocrx_word' id='word_1_86' title='bbox 208 1155 300 1209; x_wconf 88' lang='grc' dir='ltr'><strong><em>καὶ</em></strong></span> <span class='ocrx_word' id='word_1_87' title='bbox 331 1157 430 1209; x_wconf 91' lang='grc' dir='ltr'><strong><em>τὸν</em></strong></span> <span class='ocrx_word' id='word_1_88' title='bbox 462 1157 766 1225; x_wconf 75' lang='grc' dir='ltr'><strong><em>ἄνθρωπον</em></strong></span> <span class='ocrx_word' id='word_1_89' title='bbox 790 1155 1139 1209; x_wconf 79' lang='grc' dir='ltr'><strong><em>ἀντευποιεῖν</em></strong></span> <span class='ocrx_word' id='word_1_90' title='bbox 1179 1154 1239 1208; x_wconf 83' lang='grc' dir='ltr'><strong><em>ἐκ</em></strong></span> <span class='ocrx_word' id='word_1_91' title='bbox 1277 1163 1373 1223; x_wconf 83' lang='grc' dir='ltr'><strong><em>τῆς</em></strong></span> <span class='ocrx_word' id='word_1_92' title='bbox 1403 1155 1528 1224; x_wconf 84' lang='grc' dir='ltr'><strong><em>περὶ</em></strong></span> <span class='ocrx_word' id='word_1_93' title='bbox 1560 1156 1626 1207; x_wconf 78' lang='grc' dir='ltr'><strong><em>τὰ</em></strong></span> <span class='ocrx_word' id='word_1_94' title='bbox 1657 1157 1906 1225; x_wconf 90' lang='grc' dir='ltr'><strong><em>παρόντα</em></strong></span> 
     </span>
     <span class='ocr_line' id='line_1_13' title="bbox 210 1242 1907 1312; baseline 0 -16"><span class='ocrx_word' id='word_1_95' title='bbox 210 1245 429 1312; x_wconf 85' lang='grc' dir='ltr'><strong><em>βλάβης.</em></strong></span> <span class='ocrx_word' id='word_1_96' title='bbox 509 1246 594 1297; x_wconf 90' lang='grc' dir='ltr'><strong><em>δεῖ</em></strong></span> <span class='ocrx_word' id='word_1_97' title='bbox 647 1244 715 1312; x_wconf 82' lang='grc' dir='ltr'><strong><em>δή</em></strong></span> <span class='ocrx_word' id='word_1_98' title='bbox 764 1257 825 1296; x_wconf 92' lang='grc' dir='ltr'><strong><em>σε</em></strong></span> <span class='ocrx_word' id='word_1_99' title='bbox 877 1243 1026 1296; x_wconf 91' lang='grc' dir='ltr'><strong><em>πάνυ</em></strong></span> <span class='ocrx_word' id='word_1_100' title='bbox 1074 1244 1387 1312; x_wconf 82' lang='grc' dir='ltr'><strong><em>δοκιμάζειν</em></strong></span> <span class='ocrx_word' id='word_1_101' title='bbox 1431 1253 1543 1296; x_wconf 90' lang='grc' dir='ltr'><strong><em>τῶν</em></strong></span> <span class='ocrx_word' id='word_1_102' title='bbox 1589 1242 1907 1312; x_wconf 87' lang='grc' dir='ltr'><strong><em>λεγομένων</em></strong></span> 
     </span>
     <span class='ocr_line' id='line_1_14' title="bbox 211 1330 1730 1404; baseline -0.001 -19"><span class='ocrx_word' id='word_1_103' title='bbox 211 1332 440 1386; x_wconf 80' lang='grc' dir='ltr'><strong><em>ἕκαστον</em></strong></span> <span class='ocrx_word' id='word_1_104' title='bbox 478 1331 570 1385; x_wconf 84' lang='grc' dir='ltr'><strong><em>καὶ</em></strong></span> <span class='ocrx_word' id='word_1_105' title='bbox 610 1333 790 1402; x_wconf 85' lang='grc' dir='ltr'><strong><em>ὥσπερ</em></strong></span> <span class='ocrx_word' id='word_1_106' title='bbox 831 1330 893 1385; x_wconf 80' lang='grc' dir='ltr'><strong><em>ἐν</em></strong></span> <span class='ocrx_word' id='word_1_107' title='bbox 930 1331 1149 1404; x_wconf 78' lang='grc' dir='ltr'><strong><em>πολέμῳ</em></strong></span> <span class='ocrx_word' id='word_1_108' title='bbox 1190 1334 1318 1386; x_wconf 87' lang='grc' dir='ltr'><strong><em>λίαν</em></strong></span> <span class='ocrx_word' id='word_1_109' title='bbox 1357 1331 1730 1402; x_wconf 81' lang='grc' dir='ltr'><strong><em>ἐγρηγορέναι.</em></strong></span> 
     </span>
     <span class='ocr_line' id='line_1_15' title="bbox 321 1418 1907 1491; baseline 0.001 -18"><span class='ocrx_word' id='word_1_110' title='bbox 321 1421 406 1473; x_wconf 83' lang='grc'><strong><em>20.</em></strong></span> <span class='ocrx_word' id='word_1_111' title='bbox 458 1421 919 1491; x_wconf 88' lang='grc' dir='ltr'><strong><em>Παρρησιάσομαι</em></strong></span> <span class='ocrx_word' id='word_1_112' title='bbox 967 1422 1035 1489; x_wconf 86' lang='grc' dir='ltr'><strong><em>δὴ</em></strong></span> <span class='ocrx_word' id='word_1_113' title='bbox 1075 1421 1166 1473; x_wconf 79' lang='grc' dir='ltr'><strong><em>καὶ</em></strong></span> <span class='ocrx_word' id='word_1_114' title='bbox 1212 1418 1338 1491; x_wconf 82' lang='grc' dir='ltr'><strong><em>περὶ</em></strong></span> <span class='ocrx_word' id='word_1_115' title='bbox 1385 1430 1497 1474; x_wconf 90' lang='grc' dir='ltr'><strong><em>τῶν</em></strong></span> <span class='ocrx_word' id='word_1_116' title='bbox 1544 1420 1650 1474; x_wconf 88' lang='grc' dir='ltr'><strong><em>ἀπὸ</em></strong></span> <span class='ocrx_word' id='word_1_117' title='bbox 1689 1430 1803 1474; x_wconf 90' lang='grc' dir='ltr'><strong><em>τῶν</em></strong></span> <span class='ocrx_word' id='word_1_118' title='bbox 1841 1419 1907 1474; x_wconf 81' lang='grc' dir='ltr'><strong><em>ἐν</em></strong></span> 
     </span>
     <span class='ocr_line' id='line_1_16' title="bbox 146 1508 1903 1581; baseline 0 -18"><span class='ocrx_word' id='word_1_119' title='bbox 146 1531 186 1563; x_wconf 83' lang='lat'><strong><em>15</em></strong></span> <span class='ocrx_word' id='word_1_120' title='bbox 210 1509 357 1581; x_wconf 77' lang='grc' dir='ltr'><strong><em>μέσῳ</em></strong></span> <span class='ocrx_word' id='word_1_121' title='bbox 396 1518 508 1563; x_wconf 90' lang='grc' dir='ltr'><strong><em>τῶν</em></strong></span> <span class='ocrx_word' id='word_1_122' title='bbox 544 1512 749 1562; x_wconf 89' lang='grc' dir='ltr'><strong><em>κιόνων</em></strong></span> <span class='ocrx_word' id='word_1_123' title='bbox 788 1519 1026 1578; x_wconf 79' lang='grc' dir='ltr'><strong><em>σκηνῶν,</em></strong></span> <span class='ocrx_word' id='word_1_124' title='bbox 1078 1511 1135 1562; x_wconf 90' lang='grc' dir='ltr'><strong><em>τί</em></strong></span> <span class='ocrx_word' id='word_1_125' title='bbox 1177 1510 1281 1579; x_wconf 81' lang='grc' dir='ltr'><strong><em>γὰρ</em></strong></span> <span class='ocrx_word' id='word_1_126' title='bbox 1330 1508 1400 1563; x_wconf 77' lang='grc' dir='ltr'><strong><em>ἂν</em></strong></span> <span class='ocrx_word' id='word_1_127' title='bbox 1447 1511 1580 1562; x_wconf 80' lang='grc' dir='ltr'><strong><em>ἄλλο</em></strong></span> <span class='ocrx_word' id='word_1_128' title='bbox 1627 1529 1710 1572; x_wconf 86' lang='grc' dir='ltr'><strong><em>τις</em></strong></span> <span class='ocrx_word' id='word_1_129' title='bbox 1756 1514 1903 1563; x_wconf 77' lang='grc' dir='ltr'><strong><em>εἴποι</em></strong></span> 
     </span>
     <span class='ocr_line' id='line_1_17' title="bbox 212 1596 1901 1668; baseline 0 -18"><span class='ocrx_word' id='word_1_130' title='bbox 212 1605 404 1662; x_wconf 81' lang='grc' dir='ltr'><strong><em>ταῦτα;</em></strong></span> <span class='ocrx_word' id='word_1_131' title='bbox 466 1597 887 1667; x_wconf 86' lang='grc' dir='ltr'><strong><em>συλλεγομένων</em></strong></span> <span class='ocrx_word' id='word_1_132' title='bbox 939 1599 1244 1668; x_wconf 91' lang='grc' dir='ltr'><strong><em>χρημάτων.</em></strong></span> <span class='ocrx_word' id='word_1_133' title='bbox 1321 1596 1476 1651; x_wconf 85' lang='grc' dir='ltr'><strong><em>τουτὶ</em></strong></span> <span class='ocrx_word' id='word_1_134' title='bbox 1538 1599 1643 1668; x_wconf 82' lang='grc' dir='ltr'><strong><em>γὰρ</em></strong></span> <span class='ocrx_word' id='word_1_135' title='bbox 1705 1599 1901 1667; x_wconf 79' lang='grc' dir='ltr'><strong><em>ἥκιστα</em></strong></span> 
     </span>
     <span class='ocr_line' id='line_1_18' title="bbox 211 1681 1904 1758; baseline 0.001 -19"><span class='ocrx_word' id='word_1_136' title='bbox 211 1695 349 1756; x_wconf 82' lang='grc' dir='ltr'><strong><em>χρῆν</em></strong></span> <span class='ocrx_word' id='word_1_137' title='bbox 388 1685 676 1755; x_wconf 89' lang='grc' dir='ltr'><strong><em>γεγονέναι</em></strong></span> <span class='ocrx_word' id='word_1_138' title='bbox 714 1689 775 1741; x_wconf 90' lang='grc' dir='ltr'><strong><em>τὸ</em></strong></span> <span class='ocrx_word' id='word_1_139' title='bbox 816 1684 1001 1757; x_wconf 79' lang='grc' dir='ltr'><strong><em>ἔργον,</em></strong></span> <span class='ocrx_word' id='word_1_140' title='bbox 1047 1685 1134 1755; x_wconf 79' lang='grc' dir='ltr'><strong><em>ἐφ’</em></strong></span> <span class='ocrx_word' id='word_1_141' title='bbox 1166 1681 1208 1758; x_wconf 78' lang='grc' dir='ltr'><em>ᾧ</em></span> <span class='ocrx_word' id='word_1_142' title='bbox 1241 1696 1419 1749; x_wconf 88' lang='grc' dir='ltr'><strong><em>κακῶς</em></strong></span> <span class='ocrx_word' id='word_1_143' title='bbox 1468 1688 1602 1755; x_wconf 79' lang='grc' dir='ltr'><strong><em>μετὰ</em></strong></span> <span class='ocrx_word' id='word_1_144' title='bbox 1642 1687 1904 1756; x_wconf 86' lang='grc' dir='ltr'><strong><em>δακρύων</em></strong></span> 
     </span>
     <span class='ocr_line' id='line_1_19' title="bbox 214 1773 1903 1846; baseline 0.002 -20"><span class='ocrx_word' id='word_1_145' title='bbox 214 1774 486 1843; x_wconf 79' lang='grc' dir='ltr'><strong><em>ἀκούομεν</em></strong></span> <span class='ocrx_word' id='word_1_146' title='bbox 539 1775 645 1828; x_wconf 86' lang='grc' dir='ltr'><strong><em>ὑπὸ</em></strong></span> <span class='ocrx_word' id='word_1_147' title='bbox 701 1785 813 1829; x_wconf 92' lang='grc' dir='ltr'><strong><em>τῶν</em></strong></span> <span class='ocrx_word' id='word_1_148' title='bbox 866 1775 968 1828; x_wconf 87' lang='grc' dir='ltr'><strong><em>οὐκ</em></strong></span> <span class='ocrx_word' id='word_1_149' title='bbox 1018 1773 1107 1828; x_wconf 78' lang='grc' dir='ltr'><strong><em>ἐπὶ</em></strong></span> <span class='ocrx_word' id='word_1_150' title='bbox 1156 1776 1373 1838; x_wconf 85' lang='grc' dir='ltr'><strong><em>τούτοις</em></strong></span> <span class='ocrx_word' id='word_1_151' title='bbox 1432 1775 1598 1838; x_wconf 81' lang='grc' dir='ltr'><strong><em>αὐτὰς</em></strong></span> <span class='ocrx_word' id='word_1_152' title='bbox 1655 1779 1756 1844; x_wconf 88' lang='grc' dir='ltr'><strong><em>τὴν</em></strong></span> <span class='ocrx_word' id='word_1_153' title='bbox 1807 1775 1903 1846; x_wconf 87' lang='grc' dir='ltr'><strong><em>ἀρ-</em></strong></span> 
     </span>
     <span class='ocr_line' id='line_1_20' title="bbox 150 1862 1906 1932; baseline 0.001 -16"><span class='ocrx_word' id='word_1_154' title='bbox 150 1885 188 1916; x_wconf 77' lang='lat'><strong><em>19</em></strong></span> <span class='ocrx_word' id='word_1_155' title='bbox 212 1864 314 1931; x_wconf 87' lang='grc' dir='ltr'><strong><em>χὴν</em></strong></span> <span class='ocrx_word' id='word_1_156' title='bbox 367 1865 760 1932; x_wconf 83' lang='grc' dir='ltr'><strong><em>πεποιηκότων,</em></strong></span> <span class='ocrx_word' id='word_1_157' title='bbox 822 1862 937 1916; x_wconf 87' lang='grc' dir='ltr'><strong><em>ἀλλ’</em></strong></span> <span class='ocrx_word' id='word_1_158' title='bbox 982 1863 1128 1926; x_wconf 79' lang='grc' dir='ltr'><strong><em>ὅπως</em></strong></span> <span class='ocrx_word' id='word_1_159' title='bbox 1191 1862 1456 1918; x_wconf 82' lang='grc' dir='ltr'><strong><em>ἐντεῦθεν</em></strong></span> <span class='ocrx_word' id='word_1_160' title='bbox 1526 1868 1608 1932; x_wconf 75' lang='grc' dir='ltr'><strong><em>εἴη</em></strong></span> <span class='ocrx_word' id='word_1_161' title='bbox 1679 1884 1733 1917; x_wconf 89' lang='grc' dir='ltr'><strong><em>τι</em></strong></span> <span class='ocrx_word' id='word_1_162' title='bbox 1785 1873 1906 1928; x_wconf 82' lang='grc' dir='ltr'><strong><em>τοῖς</em></strong></span> 
     </span>
     <span class='ocr_line' id='line_1_21' title="bbox 151 1950 1910 2022; baseline 0.001 -19"><span class='ocrx_word' id='word_1_163' title='bbox 151 1952 189 2019; x_wconf 83' lang='lat'>†</span> <span class='ocrx_word' id='word_1_164' title='bbox 212 1950 532 2019; x_wconf 87' lang='grc' dir='ltr'><strong><em>ἀνηλωκόσι.</em></strong></span> <span class='ocrx_word' id='word_1_165' title='bbox 624 1953 826 2006; x_wconf 90' lang='grc' dir='ltr'><strong><em>τούτου</em></strong></span> <span class='ocrx_word' id='word_1_166' title='bbox 894 1954 1090 2006; x_wconf 90' lang='grc' dir='ltr'><strong><em>τοίνυν</em></strong></span> <span class='ocrx_word' id='word_1_167' title='bbox 1152 1953 1339 2016; x_wconf 84' lang='grc' dir='ltr'><strong><em>αὐτοῖς</em></strong></span> <span class='ocrx_word' id='word_1_168' title='bbox 1400 1952 1788 2022; x_wconf 90' lang='grc' dir='ltr'><strong><em>ἀπολλυμένου</em></strong></span> <span class='ocrx_word' id='word_1_169' title='bbox 1849 1955 1910 2005; x_wconf 84' lang='grc' dir='ltr'><strong><em>τί</em></strong></span> 
     </span>
     <span class='ocr_line' id='line_1_22' title="bbox 215 2040 1906 2110; baseline 0.002 -18"><span class='ocrx_word' id='word_1_170' title='bbox 215 2040 317 2092; x_wconf 82' lang='grc' dir='ltr'><strong><em>οἴει</em></strong></span> <span class='ocrx_word' id='word_1_171' title='bbox 355 2042 751 2108; x_wconf 81' lang='grc' dir='ltr'><strong><em>μισθώσασθαι</em></strong></span> <span class='ocrx_word' id='word_1_172' title='bbox 792 2043 1083 2110; x_wconf 85' lang='grc' dir='ltr'><strong><em>σοφιστήν,</em></strong></span> <span class='ocrx_word' id='word_1_173' title='bbox 1135 2041 1284 2104; x_wconf 82' lang='grc' dir='ltr'><strong><em>ὅστις</em></strong></span> <span class='ocrx_word' id='word_1_174' title='bbox 1322 2041 1511 2105; x_wconf 85' lang='grc' dir='ltr'><strong><em>αὐτοῖς</em></strong></span> <span class='ocrx_word' id='word_1_175' title='bbox 1549 2043 1648 2095; x_wconf 91' lang='grc' dir='ltr'><strong><em>τὸν</em></strong></span> <span class='ocrx_word' id='word_1_176' title='bbox 1685 2042 1906 2095; x_wconf 88' lang='grc' dir='ltr'><strong><em>τούτων</em></strong></span> 
     </span>
    </p>
   </div>
   <div class='ocr_carea' id='block_1_8' title="bbox 317 2138 567 2143">
    <p class='ocr_par' dir='ltr' id='par_1_8' title="bbox 317 2138 567 2143">
     <span class='ocr_line' id='line_1_23' title="bbox 317 2138 567 2143; baseline 0 0"><span class='ocrx_word' id='word_1_177' title='bbox 317 2138 567 2143; x_wconf 95' lang='lat' dir='ltr'><strong><em> </em></strong></span> 
     </span>
    </p>
   </div>
   <div class='ocr_carea' id='block_1_9' title="bbox 335 2184 861 2241">
    <p class='ocr_par' dir='ltr' id='par_1_9' title="bbox 335 2184 861 2241">
     <span class='ocr_line' id='line_1_24' title="bbox 335 2184 861 2241; baseline 0.008 -15"><span class='ocrx_word' id='word_1_178' title='bbox 335 2190 388 2227; x_wconf 85' lang='lat'><strong><em>15</em></strong></span> <span class='ocrx_word' id='word_1_179' title='bbox 422 2184 478 2228; x_wconf 82' lang='lat' dir='ltr'><strong><em>cf.</em></strong></span> <span class='ocrx_word' id='word_1_180' title='bbox 503 2187 536 2228; x_wconf 61' lang='grc' dir='ltr'><strong><em>ι.</em></strong></span> <span class='ocrx_word' id='word_1_181' title='bbox 558 2185 599 2228; x_wconf 89' lang='grc' dir='ltr'>Π</span> <span class='ocrx_word' id='word_1_182' title='bbox 622 2200 667 2241; x_wconf 90' lang='lat' dir='ltr'><strong><em>p.</em></strong></span> <span class='ocrx_word' id='word_1_183' title='bbox 686 2190 787 2240; x_wconf 82' lang='lat'>490,</span> <span class='ocrx_word' id='word_1_184' title='bbox 808 2190 861 2229; x_wconf 88' lang='lat'><strong><em>15</em></strong></span> 
     </span>
    </p>
   </div>
   <div class='ocr_carea' id='block_1_10' title="bbox 211 2267 567 2279">
    <p class='ocr_par' dir='ltr' id='par_1_10' title="bbox 211 2267 567 2279">
     <span class='ocr_line' id='line_1_25' title="bbox 211 2267 567 2279; baseline 0 -4"><span class='ocrx_word' id='word_1_185' title='bbox 211 2267 481 2279; x_wconf 26' lang='lat' dir='ltr'><strong><em>——u—r—</em></strong></span> <span class='ocrx_word' id='word_1_186' title='bbox 485 2272 516 2275; x_wconf 23' lang='lat' dir='ltr'><strong><em>-r</em></strong></span> <span class='ocrx_word' id='word_1_187' title='bbox 528 2272 567 2275; x_wconf 68' lang='grc'><strong><em>--</em></strong></span> 
     </span>
    </p>
   </div>
   <div class='ocr_carea' id='block_1_11' title="bbox 213 2318 1956 2877">
    <p class='ocr_par' dir='ltr' id='par_1_11' title="bbox 337 2318 1586 2383">
     <span class='ocr_line' id='line_1_26' title="bbox 337 2318 1586 2383; baseline 0.002 -16"><span class='ocrx_word' id='word_1_188' title='bbox 337 2328 387 2367; x_wconf 85' lang='grc'><strong><em>17</em></strong></span> <span class='ocrx_word' id='word_1_189' title='bbox 424 2322 503 2379; x_wconf 83' lang='grc' dir='ltr'><strong><em>ἐφ’</em></strong></span> <span class='ocrx_word' id='word_1_190' title='bbox 532 2318 579 2383; x_wconf 76' lang='grc' dir='ltr'><strong><em>ᾧ]</em></strong></span> <span class='ocrx_word' id='word_1_191' title='bbox 614 2324 716 2379; x_wconf 83' lang='grc' dir='ltr'><strong><em>ἤτοι</em></strong></span> <span class='ocrx_word' id='word_1_192' title='bbox 748 2324 820 2370; x_wconf 87' lang='grc' dir='ltr'><strong><em>δι’</em></strong></span> <span class='ocrx_word' id='word_1_193' title='bbox 850 2324 874 2371; x_wconf 84' lang='grc' dir='ltr'><strong>ὃ</strong></span> <span class='ocrx_word' id='word_1_194' title='bbox 907 2325 936 2383; x_wconf 83' lang='grc' dir='ltr'>ἢ</span> <span class='ocrx_word' id='word_1_195' title='bbox 969 2327 1075 2372; x_wconf 84' lang='grc' dir='ltr'><strong><em>ἀντὶ</em></strong></span> <span class='ocrx_word' id='word_1_196' title='bbox 1105 2334 1207 2371; x_wconf 85' lang='grc' dir='ltr'><strong><em>τοῦ·</em></strong></span> <span class='ocrx_word' id='word_1_197' title='bbox 1243 2326 1380 2383; x_wconf 80' lang='grc' dir='ltr'><strong><em>ὑπὲρ</em></strong></span> <span class='ocrx_word' id='word_1_198' title='bbox 1415 2323 1476 2370; x_wconf 84' lang='grc' dir='ltr'><strong><em>οὗ</em></strong></span> <span class='ocrx_word' id='word_1_199' title='bbox 1517 2325 1586 2371; x_wconf 70' lang='lat' dir='ltr'><strong><em>V*</em></strong></span> 
     </span>
    </p>

    <p class='ocr_par' dir='ltr' id='par_1_12' title="bbox 213 2465 1956 2877">
     <span class='ocr_line' id='line_1_27' title="bbox 338 2465 1956 2523; baseline 0.004 -17"><span class='ocrx_word' id='word_1_200' title='bbox 338 2470 357 2506; x_wconf 93' lang='lat'>1</span> <span class='ocrx_word' id='word_1_201' title='bbox 392 2467 501 2518; x_wconf 69' lang='grc' dir='ltr'><strong><em>τῇδε</em></strong></span> <span class='ocrx_word' id='word_1_202' title='bbox 534 2466 608 2508; x_wconf 80' lang='lat' dir='ltr'><strong><em>Pa</em></strong></span> <span class='ocrx_word' id='word_1_203' title='bbox 640 2466 719 2509; x_wconf 79' lang='lat' dir='ltr'><strong><em>sed</em></strong></span> <span class='ocrx_word' id='word_1_204' title='bbox 754 2483 807 2522; x_wconf 81' lang='grc' dir='ltr'><strong><em>γρ</em></strong></span> <span class='ocrx_word' id='word_1_205' title='bbox 833 2466 857 2510; x_wconf 86' lang='grc' dir='ltr'><strong><em>ὁ</em></strong></span> <span class='ocrx_word' id='word_1_206' title='bbox 889 2470 1000 2522; x_wconf 82' lang='grc' dir='ltr'><strong><em>τῆὸε</em></strong></span> <span class='ocrx_word' id='word_1_207' title='bbox 1031 2467 1081 2510; x_wconf 85' lang='lat' dir='ltr'><strong><em>in</em></strong></span> <span class='ocrx_word' id='word_1_208' title='bbox 1103 2480 1236 2522; x_wconf 79' lang='lat' dir='ltr'>marg</span> <span class='ocrx_word' id='word_1_209' title='bbox 1260 2465 1329 2509; x_wconf 73' lang='lat' dir='ltr'><strong><em>m2</em></strong></span> <span class='ocrx_word' id='word_1_210' title='bbox 1480 2471 1504 2510; x_wconf 84' lang='lat'>2</span> <span class='ocrx_word' id='word_1_211' title='bbox 1538 2465 1903 2523; x_wconf 82' lang='grc' dir='ltr'><strong><em>κολακευόμενος</em></strong></span> <span class='ocrx_word' id='word_1_212' title='bbox 1948 2475 1956 2477; x_wconf 40' lang='lat'><em>*</em></span> 
     </span>
     <span class='ocr_line' id='line_1_28' title="bbox 218 2523 1850 2583; baseline 0.002 -17"><span class='ocrx_word' id='word_1_213' title='bbox 218 2523 290 2566; x_wconf 82' lang='lat' dir='ltr'><strong><em>Pa</em></strong></span> <span class='ocrx_word' id='word_1_214' title='bbox 324 2523 402 2565; x_wconf 83' lang='lat' dir='ltr'><strong><em>sed</em></strong></span> <span class='ocrx_word' id='word_1_215' title='bbox 436 2540 490 2579; x_wconf 85' lang='grc' dir='ltr'><strong><em>γρ</em></strong></span> <span class='ocrx_word' id='word_1_216' title='bbox 515 2523 892 2580; x_wconf 84' lang='grc' dir='ltr'><strong><em>κολακευομένων</em></strong></span> <span class='ocrx_word' id='word_1_217' title='bbox 925 2526 973 2568; x_wconf 90' lang='lat' dir='ltr'><strong><em>in</em></strong></span> <span class='ocrx_word' id='word_1_218' title='bbox 998 2540 1131 2583; x_wconf 83' lang='lat' dir='ltr'>marg</span> <span class='ocrx_word' id='word_1_219' title='bbox 1155 2525 1225 2568; x_wconf 81' lang='lat' dir='ltr'><strong><em>m²</em></strong></span> <span class='ocrx_word' id='word_1_220' title='bbox 1406 2530 1430 2568; x_wconf 89' lang='grc'>6</span> <span class='ocrx_word' id='word_1_221' title='bbox 1474 2524 1782 2583; x_wconf 82' lang='grc' dir='ltr'><strong><em>πεπραγμένω</em></strong></span> <span class='ocrx_word' id='word_1_222' title='bbox 1814 2527 1850 2570; x_wconf 94' lang='grc' dir='ltr'><em>Ι</em></span> 
     </span>
     <span class='ocr_line' id='line_1_29' title="bbox 216 2580 1902 2642; baseline 0.003 -19"><span class='ocrx_word' id='word_1_223' title='bbox 216 2586 241 2624; x_wconf 84' lang='grc'>8</span> <span class='ocrx_word' id='word_1_224' title='bbox 275 2581 485 2625; x_wconf 79' lang='grc' dir='ltr'><strong><em>ἀνθότου</em></strong></span> <span class='ocrx_word' id='word_1_225' title='bbox 520 2582 589 2640; x_wconf 71' lang='lat' dir='ltr'><strong><em>V}</em></strong></span> <span class='ocrx_word' id='word_1_226' title='bbox 617 2580 664 2627; x_wconf 87' lang='grc' dir='ltr'><strong><em>δ’</em></strong></span> <span class='ocrx_word' id='word_1_227' title='bbox 692 2583 761 2626; x_wconf 80' lang='lat' dir='ltr'><strong><em>Re</em></strong></span> <span class='ocrx_word' id='word_1_228' title='bbox 907 2589 959 2627; x_wconf 89' lang='lat'><strong><em>10</em></strong></span> <span class='ocrx_word' id='word_1_229' title='bbox 992 2585 1239 2642; x_wconf 84' lang='grc' dir='ltr'><strong><em>βούλονται</em></strong></span> <span class='ocrx_word' id='word_1_230' title='bbox 1272 2584 1438 2640; x_wconf 81' lang='lat' dir='ltr'>scripsi</span> <span class='ocrx_word' id='word_1_231' title='bbox 1470 2596 1494 2627; x_wconf 85' lang='lat' dir='ltr'>e</span> <span class='ocrx_word' id='word_1_232' title='bbox 1520 2584 1595 2628; x_wconf 91' lang='lat' dir='ltr'><strong><em>VI</em></strong></span> <span class='ocrx_word' id='word_1_233' title='bbox 1619 2585 1702 2629; x_wconf 81' lang='lat' dir='ltr'><strong><em>sed</em></strong></span> <span class='ocrx_word' id='word_1_234' title='bbox 1732 2585 1782 2628; x_wconf 88' lang='lat' dir='ltr'><strong><em>in</em></strong></span> <span class='ocrx_word' id='word_1_235' title='bbox 1812 2585 1902 2628; x_wconf 83' lang='lat' dir='ltr'><strong><em>hoe</em></strong></span> 
     </span>
     <span class='ocr_line' id='line_1_30' title="bbox 215 2638 1901 2700; baseline 0.002 -17"><span class='ocrx_word' id='word_1_236' title='bbox 215 2656 290 2683; x_wconf 88' lang='grc' dir='ltr'><strong><em>ται</em></strong></span> <span class='ocrx_word' id='word_1_237' title='bbox 322 2639 371 2682; x_wconf 90' lang='lat' dir='ltr'><strong><em>in</em></strong></span> <span class='ocrx_word' id='word_1_238' title='bbox 394 2654 470 2683; x_wconf 80' lang='lat' dir='ltr'><strong><em>ras</em></strong></span> <span class='ocrx_word' id='word_1_239' title='bbox 494 2640 563 2683; x_wconf 83' lang='lat' dir='ltr'><strong><em>m³</em></strong></span> <span class='ocrx_word' id='word_1_240' title='bbox 653 2638 865 2699; x_wconf 82' lang='grc' dir='ltr'><strong><em>βούλοντ’</em></strong></span> <span class='ocrx_word' id='word_1_241' title='bbox 904 2643 983 2687; x_wconf 82' lang='lat' dir='ltr'><strong><em>CA</em></strong></span> <span class='ocrx_word' id='word_1_242' title='bbox 1023 2643 1114 2688; x_wconf 85' lang='lat' dir='ltr'><strong><em>edd</em></strong></span> <span class='ocrx_word' id='word_1_243' title='bbox 1197 2639 1426 2700; x_wconf 82' lang='grc' dir='ltr'><strong><em>βούλοιντ’</em></strong></span> <span class='ocrx_word' id='word_1_244' title='bbox 1454 2643 1501 2687; x_wconf 87' lang='grc' dir='ltr'><strong><em>Ρ</em></strong></span> <span class='ocrx_word' id='word_1_245' title='bbox 1536 2643 1618 2686; x_wconf 81' lang='lat' dir='ltr'><strong><em>sed</em></strong></span> <span class='ocrx_word' id='word_1_246' title='bbox 1650 2661 1696 2688; x_wconf 88' lang='grc' dir='ltr'><strong><em>ιν</em></strong></span> <span class='ocrx_word' id='word_1_247' title='bbox 1727 2644 1776 2687; x_wconf 75' lang='lat' dir='ltr'><strong><em>et</em></strong></span> <span class='ocrx_word' id='word_1_248' title='bbox 1805 2641 1817 2657; x_wconf 92' lang='lat'>’</span> <span class='ocrx_word' id='word_1_249' title='bbox 1851 2643 1901 2687; x_wconf 86' lang='lat' dir='ltr'><strong><em>in</em></strong></span> 
     </span>
     <span class='ocr_line' id='line_1_31' title="bbox 214 2698 1902 2758; baseline 0.004 -17"><span class='ocrx_word' id='word_1_250' title='bbox 214 2711 290 2741; x_wconf 80' lang='lat' dir='ltr'><strong><em>ras</em></strong></span> <span class='ocrx_word' id='word_1_251' title='bbox 314 2698 396 2752; x_wconf 57' lang='grc' dir='ltr'><strong><em>ωδ,</em></strong></span> <span class='ocrx_word' id='word_1_252' title='bbox 430 2699 503 2742; x_wconf 86' lang='grc' dir='ltr'><strong><em>Ρα</em></strong></span> <span class='ocrx_word' id='word_1_253' title='bbox 535 2699 614 2742; x_wconf 82' lang='lat' dir='ltr'><strong><em>sed</em></strong></span> <span class='ocrx_word' id='word_1_254' title='bbox 639 2717 693 2756; x_wconf 76' lang='grc' dir='ltr'><strong><em>γρ</em></strong></span> <span class='ocrx_word' id='word_1_255' title='bbox 719 2700 965 2757; x_wconf 81' lang='grc' dir='ltr'><strong><em>βούλονται</em></strong></span> <span class='ocrx_word' id='word_1_256' title='bbox 997 2701 1047 2745; x_wconf 88' lang='lat' dir='ltr'><strong><em>in</em></strong></span> <span class='ocrx_word' id='word_1_257' title='bbox 1070 2716 1204 2758; x_wconf 84' lang='lat' dir='ltr'>marg</span> <span class='ocrx_word' id='word_1_258' title='bbox 1226 2701 1309 2754; x_wconf 80' lang='lat' dir='ltr'><strong><em>m²‚</em></strong></span> <span class='ocrx_word' id='word_1_259' title='bbox 1337 2701 1421 2745; x_wconf 89' lang='lat' dir='ltr'><strong><em>Mo</em></strong></span> <span class='ocrx_word' id='word_1_260' title='bbox 1544 2706 1596 2745; x_wconf 87' lang='lat'><strong><em>11</em></strong></span> <span class='ocrx_word' id='word_1_261' title='bbox 1632 2701 1682 2747; x_wconf 81' lang='grc' dir='ltr'><strong><em>ἐκ</em></strong></span> <span class='ocrx_word' id='word_1_262' title='bbox 1714 2715 1790 2746; x_wconf 91' lang='lat' dir='ltr'><strong><em>om</em></strong></span> <span class='ocrx_word' id='word_1_263' title='bbox 1816 2703 1902 2748; x_wconf 89' lang='lat' dir='ltr'><strong><em>Mo</em></strong></span> 
     </span>
     <span class='ocr_line' id='line_1_32' title="bbox 217 2755 1902 2817; baseline 0.003 -17"><span class='ocrx_word' id='word_1_264' title='bbox 217 2758 224 2812; x_wconf 85' lang='grc' dir='ltr'>Ι</span> <span class='ocrx_word' id='word_1_265' title='bbox 257 2755 316 2800; x_wconf 83' lang='grc' dir='ltr'><strong><em>τὰ</em></strong></span> <span class='ocrx_word' id='word_1_266' title='bbox 341 2758 386 2800; x_wconf 91' lang='lat' dir='ltr'><em>P</em></span> <span class='ocrx_word' id='word_1_267' title='bbox 413 2757 494 2801; x_wconf 83' lang='lat' dir='ltr'><strong><em>sed</em></strong></span> <span class='ocrx_word' id='word_1_268' title='bbox 526 2775 556 2800; x_wconf 85' lang='grc' dir='ltr'><strong><em>α</em></strong></span> <span class='ocrx_word' id='word_1_269' title='bbox 588 2760 636 2802; x_wconf 77' lang='lat' dir='ltr'><strong><em>et</em></strong></span> <span class='ocrx_word' id='word_1_270' title='bbox 659 2758 668 2772; x_wconf 76' lang='grc'><em>“</em></span> <span class='ocrx_word' id='word_1_271' title='bbox 711 2771 736 2801; x_wconf 85' lang='lat' dir='ltr'>e</span> <span class='ocrx_word' id='word_1_272' title='bbox 759 2762 778 2771; x_wconf 72' lang='lat'><strong><em>&#39;⁴</em></strong></span> <span class='ocrx_word' id='word_1_273' title='bbox 813 2773 914 2803; x_wconf 84' lang='lat' dir='ltr'>con·</span> <span class='ocrx_word' id='word_1_274' title='bbox 945 2759 993 2803; x_wconf 88' lang='lat' dir='ltr'><strong><em>in</em></strong></span> <span class='ocrx_word' id='word_1_275' title='bbox 1017 2775 1093 2804; x_wconf 83' lang='lat' dir='ltr'><strong><em>ras</em></strong></span> <span class='ocrx_word' id='word_1_276' title='bbox 1116 2760 1186 2803; x_wconf 80' lang='lat'><em>111²</em></span> <span class='ocrx_word' id='word_1_277' title='bbox 1315 2764 1369 2803; x_wconf 91' lang='lat'><strong><em>15</em></strong></span> <span class='ocrx_word' id='word_1_278' title='bbox 1401 2758 1470 2810; x_wconf 86' lang='grc' dir='ltr'><strong><em>τίς</em></strong></span> <span class='ocrx_word' id='word_1_279' title='bbox 1492 2761 1554 2816; x_wconf 90' lang='grc' dir='ltr'><strong><em>ΙΙ</em></strong></span> <span class='ocrx_word' id='word_1_280' title='bbox 1582 2758 1611 2816; x_wconf 77' lang='grc' dir='ltr'>ἢ</span> <span class='ocrx_word' id='word_1_281' title='bbox 1645 2762 1753 2817; x_wconf 74' lang='lat' dir='ltr'><strong>post</strong></span> <span class='ocrx_word' id='word_1_282' title='bbox 1776 2760 1902 2805; x_wconf 79' lang='grc' dir='ltr'><strong><em>εἴποι</em></strong></span> 
     </span>
     <span class='ocr_line' id='line_1_33' title="bbox 213 2815 1902 2877; baseline 0.004 -19"><span class='ocrx_word' id='word_1_283' title='bbox 213 2815 337 2858; x_wconf 81' lang='lat' dir='ltr'>inser</span> <span class='ocrx_word' id='word_1_284' title='bbox 371 2815 436 2859; x_wconf 83' lang='lat' dir='ltr'><strong><em>V²</em></strong></span> <span class='ocrx_word' id='word_1_285' title='bbox 467 2817 515 2859; x_wconf 78' lang='lat' dir='ltr'><strong><em>et</em></strong></span> <span class='ocrx_word' id='word_1_286' title='bbox 544 2816 593 2859; x_wconf 88' lang='lat' dir='ltr'><strong><em>in</em></strong></span> <span class='ocrx_word' id='word_1_287' title='bbox 616 2830 749 2873; x_wconf 84' lang='lat' dir='ltr'>marg</span> <span class='ocrx_word' id='word_1_288' title='bbox 779 2832 839 2860; x_wconf 90' lang='lat' dir='ltr'><strong><em>m.</em></strong></span> <span class='ocrx_word' id='word_1_289' title='bbox 863 2831 954 2862; x_wconf 82' lang='lat' dir='ltr'>rec.</span> <span class='ocrx_word' id='word_1_290' title='bbox 1094 2823 1147 2862; x_wconf 83' lang='grc'><strong><em>17</em></strong></span> <span class='ocrx_word' id='word_1_291' title='bbox 1177 2818 1264 2877; x_wconf 82' lang='grc' dir='ltr'><strong><em>χρὴ</em></strong></span> <span class='ocrx_word' id='word_1_292' title='bbox 1288 2819 1324 2862; x_wconf 93' lang='grc' dir='ltr'><em>Ι</em></span> <span class='ocrx_word' id='word_1_293' title='bbox 1461 2823 1516 2862; x_wconf 87' lang='grc'><strong><em>19</em></strong></span> <span class='ocrx_word' id='word_1_294' title='bbox 1547 2816 1592 2862; x_wconf 81' lang='grc' dir='ltr'><strong><em>τί</em></strong></span> <span class='ocrx_word' id='word_1_295' title='bbox 1625 2820 1695 2877; x_wconf 72' lang='lat' dir='ltr'><strong><em>Vl</em></strong></span> <span class='ocrx_word' id='word_1_296' title='bbox 1723 2820 1902 2877; x_wconf 76' lang='grc' dir='ltr'><strong><em>ἀνηλω-</em></strong></span> 
     </span>
    </p>
   </div>
   <div class='ocr_carea' id='block_1_12' title="bbox 214 2872 1900 2984">
    <p class='ocr_par' dir='ltr' id='par_1_13' title="bbox 214 2872 1900 2984">
     <span class='ocr_line' id='line_1_34' title="bbox 214 2872 1900 2938; baseline 0.004 -22"><span class='ocrx_word' id='word_1_297' title='bbox 214 2872 346 2917; x_wconf 77' lang='grc' dir='ltr'><strong><em>κόσιν</em></strong></span> <span class='ocrx_word' id='word_1_298' title='bbox 366 2876 448 2918; x_wconf 89' lang='lat' dir='ltr'><strong><em>Mo</em></strong></span> <span class='ocrx_word' id='word_1_299' title='bbox 569 2879 627 2918; x_wconf 84' lang='lat'><strong><em>20</em></strong></span> <span class='ocrx_word' id='word_1_300' title='bbox 659 2875 978 2932; x_wconf 82' lang='grc' dir='ltr'><strong><em>ἀπολυομένου</em></strong></span> <span class='ocrx_word' id='word_1_301' title='bbox 997 2878 1041 2922; x_wconf 91' lang='lat' dir='ltr'><strong><em>V</em></strong></span> <span class='ocrx_word' id='word_1_302' title='bbox 1062 2880 1068 2934; x_wconf 87' lang='grc' dir='ltr'>Ι</span> <span class='ocrx_word' id='word_1_303' title='bbox 1095 2875 1166 2922; x_wconf 85' lang='grc' dir='ltr'><strong><em>τίν</em></strong></span> <span class='ocrx_word' id='word_1_304' title='bbox 1215 2877 1319 2921; x_wconf 83' lang='lat' dir='ltr'><strong>coni</strong></span> <span class='ocrx_word' id='word_1_305' title='bbox 1343 2876 1410 2921; x_wconf 83' lang='lat' dir='ltr'><strong><em>Re</em></strong></span> <span class='ocrx_word' id='word_1_306' title='bbox 1471 2891 1583 2921; x_wconf 88' lang='lat' dir='ltr'><strong><em>num</em></strong></span> <span class='ocrx_word' id='word_1_307' title='bbox 1605 2875 1900 2938; x_wconf 67' lang='grc' dir='ltr'><strong><em>τίνος&lt;ὃὶν&gt;ἳ</em></strong></span> 
     </span>
     <span class='ocr_line' id='line_1_35' title="bbox 274 2933 1078 2984; baseline 0.006 -10"><span class='ocrx_word' id='word_1_308' title='bbox 274 2936 327 2975; x_wconf 78' lang='lat'><strong><em>‘21</em></strong></span> <span class='ocrx_word' id='word_1_309' title='bbox 363 2933 521 2984; x_wconf 83' lang='grc' dir='ltr'><strong><em>αὐτοῖς</em></strong></span> <span class='ocrx_word' id='word_1_310' title='bbox 551 2935 597 2977; x_wconf 92' lang='grc' dir='ltr'><strong><em>Ρ</em></strong></span> <span class='ocrx_word' id='word_1_311' title='bbox 626 2933 706 2977; x_wconf 81' lang='lat' dir='ltr'><strong><em>sed</em></strong></span> <span class='ocrx_word' id='word_1_312' title='bbox 738 2950 807 2984; x_wconf 84' lang='grc' dir='ltr'><strong><em>οις</em></strong></span> <span class='ocrx_word' id='word_1_313' title='bbox 838 2934 886 2977; x_wconf 89' lang='lat' dir='ltr'><strong><em>in</em></strong></span> <span class='ocrx_word' id='word_1_314' title='bbox 910 2948 985 2979; x_wconf 80' lang='lat' dir='ltr'><strong><em>ras</em></strong></span> <span class='ocrx_word' id='word_1_315' title='bbox 1010 2936 1078 2978; x_wconf 78' lang='lat' dir='ltr'><strong><em>m²</em></strong></span> 
     </span>
    </p>
   </div>
  </div>
 </body>
</html>
