1992 3094
641 89 984 134 PRAEFATIO
1018 91 1252 137 CRITICA
1690 98 1795 142 XIX

40 247 50 294 j
113 230 321 279 coniecit
366 226 787 296 ὃιατεθρυμμένῃ,
834 233 891 278 ut
929 230 1161 280 adverbio
1201 233 1628 299 διατεθρυμμένως
1666 239 1799 286 simi·

111 304 229 354 liter
264 302 410 352 Plato
449 302 566 366 Leg.
598 302 670 350 XI
704 304 807 351 922
828 304 869 350 B
909 320 1025 354 usus
1065 309 1154 354 est.

220 393 269 439 p.
305 379 424 438 131,
444 378 514 426 20
560 374 614 425 ἐν
656 380 757 435 τοῖς
797 375 1011 442 ἐσχάτοις
1049 386 1136 442 τῆς
1174 379 1357 439 πόλεως
1395 380 1503 445 περὶ
1543 382 1627 442 τὰς
1665 383 1800 433 ὑπω-

39 510 46 514 -
113 450 243 515 ρείας
281 448 431 499 ἔκειτο
470 449 943 515 συγκεκαλυμμένος.
1012 453 1126 501 Non
1166 454 1433 503 audiendus
1474 459 1547 505 est
1578 458 1798 506 Herwer-

113 525 281 585 denus,
315 540 426 573 cum
458 522 875 590 ἐγκεκαλυμμένος
898 526 1210 576 scribendum
1240 531 1461 577 coniecit.
1523 531 1651 578 Nam
1683 546 1798 596 συγ-

31 636 42 659 ,
111 595 472 662 κεκαλυμμένος
524 598 656 646 idem
711 599 959 662 significat
1017 603 1164 663 atque
1217 599 1629 666 ἐγκεκαλυμμένος
1691 621 1797 653 cum

38 731 41 734 Α
114 672 244 736 apud
282 672 407 720 alios
447 675 727 735 scriptores,
765 689 791 720 e
832 674 1009 736 quibus
1040 675 1358 723 Plutarchum
1398 680 1596 725 nomino
1637 674 1798 744 (Dem.

35 749 40 771 ³
118 740 263 813 7‚1)‚
307 748 416 794 tum
457 747 588 809 apud
626 747 892 795 Libanium
930 752 965 796 t.
996 749 1048 796 H
1081 750 1243 810 33‚18
1284 748 1365 797 καὶ
1404 750 1799 814 συνεκαλύπτετο,

21 858 38 888 .·
112 820 205 869 ubi'
250 819 608 869 Herwerdenus
669 822 849 869 iterum
910 820 1251 871 ἐνεκαλύπτετο
1307 824 1515 872 scribere
1573 825 1732 873 voluit
1742 820 1798 892 ¹).

19 894 31 922 '³
112 894 220 943 Hoc
257 894 366 943 loco
404 895 484 943 vel
522 895 655 959 leges
693 897 748 943 in
786 896 928 943 hiatu
966 897 1169 944 vitando
1204 913 1232 944 a
1262 896 1471 946 Libanio
1512 898 1799 948 observatae

113 970 386 1030 scripturae
426 967 845 1034 ἐγκεκαλυμμένος
884 970 1144 1018 obsistunt.

16 1055 23 1075 f
224 1060 271 1105 p.
307 1043 427 1103 136,
447 1046 475 1092 9
518 1044 670 1092 verba
715 1045 768 1090 in
808 1047 1054 1106 apparatu
1099 1044 1291 1092 critico:
1339 1043 1449 1105 ,,καὶ
1496 1053 1582 1094 τοῦ
1626 1049 1800 1106 scripsi

17 1131 35 1164 ,ἱ
113 1131 222 1164 eum
252 1117 326 1164 Re
354 1115 508 1165 Anim
547 1121 590 1165 et
617 1117 842 1166 ›S'imenff‘
883 1118 1090 1166 delenda
1130 1120 1181 1166 et
1218 1135 1308 1180 pro
1347 1135 1493 1180 „num
1531 1117 1611 1167 καὶ
1651 1118 1799 1168 τοῦὶ)“

17 1162 37 1241 ³}
114 1190 422 1240 scribendum
474 1193 569 1240 est:
625 1189 737 1254 ,,καὶ
786 1198 873 1240 τοῦ
924 1193 997 1240 Re
1046 1191 1199 1241 Anim
1250 1196 1293 1240 et
1338 1192 1551 1241 Sintenis
1596 1195 1801 1253 fortasse

13 1246 35 1330 3
115 1263 276 1313 reete“.
345 1264 539 1313 Vitium
573 1267 706 1314 inter
744 1266 865 1314 duas
904 1267 1106 1314 ultimas
1139 1282 1260 1328 quas
1292 1266 1463 1315 dicunt
1500 1269 1799 1316 correcturas

12 1336 33 1413 J}
113 1339 327 1402 irrepsit,
365 1341 424 1387 ut
460 1341 593 1388 recte
634 1340 952 1388 Schenkelius
991 1342 1268 1403 suspicatus
1307 1343 1394 1388 est.

223 1429 271 1475 p.
299 1413 462 1474 138,3
503 1412 694 1479 ῥήματα
733 1412 790 1462 τὰ
825 1412 979 1463 πολλὰ
1017 1410 1106 1478 μὲν
1144 1413 1212 1472 εἰς
1250 1413 1411 1478 χώραν
1449 1412 1540 1477 τὴν
1578 1411 1798 1476 ἀλλήλων

9 1495 13 1514 ‘
114 1484 354 1550 μεταθεὶς.
430 1487 596 1536 Verba
645 1487 736 1552 τὴν
789 1486 1011 1551 ἀλλήλων
1063 1490 1193 1536 tueri
1246 1487 1437 1535 studuit
1483 1487 1798 1536 Schenkelius

114 1577 271 1623 neque
310 1561 594 1610 coniectura
632 1557 726 1610 τιν’
761 1559 913 1626 ἄλλην
952 1578 1075 1624 opus
1115 1577 1219 1611 esse
1257 1561 1465 1609 videtur.

198 1651 271 1697 p.
307 1637 427 1698 144,
448 1637 517 1685 10
571 1634 664 1702 ἐγὼ
719 1633 771 1684 δὲ
821 1634 995 1700 ἑτέρων
1044 1630 1170 1684 εἶναι
1219 1627 1426 1700 τοῦργον
1475 1632 1626 1683 εἰπὼν
1679 1632 1799 1682 κατὰ

35 1775 37 1780 Α
115 1706 330 1774 θατέραν
361 1709 541 1774 φωνὴν
573 1708 665 1759 οὐκ
695 1708 897 1775 ἤργουν.
958 1709 1251 1758 Oroenertus
1283 1725 1392 1757 cum
1424 1705 1638 1772 θατέραν
1670 1708 1799 1769 quod

116 1797 143 1830 e
188 1784 468 1832 coniectura
521 1784 696 1847 scripsi
747 1783 1034 1847 improbans
1086 1783 1347 1831 lectionem
1398 1782 1635 1830 traditam
1690 1797 1798 1829 cum

116 1855 316 1905 Reiskio
353 1858 619 1906 tenendam
659 1874 763 1907 esse
802 1859 944 1918 dicit,
993 1873 1141 1920 quam
1188 1859 1414 1906 accurate
1454 1871 1557 1903 rem
1596 1870 1799 1917 perpen-

117 1928 245 1978 derit
300 1931 620 1981 demonstrat.
719 1933 849 1980 Nam
904 1932 1024 1995 quid
1077 1928 1339 1979 Reiskius‘?
1395 1931 1577 1991 „Iocum
1636 1928 1800 1990 inquit

115 2003 243 2053 hume
271 2008 419 2054 totum
447 2020 547 2054 non
575 2007 802 2068 intelliqo,
844 2009 887 2054 et
923 2009 1108 2054 tantum
1138 2020 1233 2065 per
1261 2005 1488 2052 nebulam
1523 2003 1657 2051 video
1695 2017 1799 2049 sen-

26 2079 36 2147 ¹.
117 2080 338 2128 tentiam.-
397 2094 507 2128 oum
566 2081 796 2129 dixissem
847 2095 923 2128 me
974 2080 1123 2127 latine
1175 2078 1309 2126 haud
1361 2078 1533 2126 callere
1592 2077 1800 2136 adeoque

36 2176 38 2178 v
115 2165 302 2201 necesse
351 2167 451 2203 esse
498 2158 553 2202 ut
597 2156 738 2203 alteri
786 2155 1044 2202 mwndetur
1091 2154 1247 2201 latina
1296 2153 1449 2199 oratio
1485 2150 1797 2210 paneqyriea,

117 2225 173 2273 v'n
201 2227 357 2276 altera
385 2228 571 2289 linqua,
606 2227 798 2277 Graeca
819 2231 960 2288 puta,
991 2241 1088 2275 non
1121 2241 1253 2274 eram
1283 2226 1441 2286 seqnis
1472 2222 1582 2272 etc.“
1642 2222 1798 2270 Nemo

118 2297 249 2348 hunc
285 2315 481 2350 sensum
519 2302 571 2349 in
609 2303 821 2350 lectione
864 2301 1052 2349 tradita
1090 2293 1208 2347 καθ’
1245 2295 1472 2361 ἑκατέραν
1511 2294 1688 2359 φωνὴν
1725 2297 1797 2342 in·

26 2373 29 2378 ⁴
121 2387 224 2422 esse
252 2390 396 2436 posse
428 2377 703 2424 contendet.
761 2375 953 2432 Quaero
984 2376 1140 2438 igitur
1155 2372 1291 2439 guid
1320 2372 1441 2419 haec
1471 2370 1619 2418 verba
1649 2368 1796 2431 signi-
1860 2367 1876 2373 ‘⁷

23 2504 30 2514 Δ
119 2445 264 2495 ficare
319 2447 612 2498 Croenertus
667 2452 909 2511 opinetur.
986 2449 1094 2511 Ego
1143 2463 1259 2495 vero
1313 2443 1607 2493 sententiam
1660 2442 1797 2489 illam

120 2521 428 2582 aptissimam
490 2540 640 2586 quam
693 2524 920 2571 Reiskius
981 2523 1227 2586 sagaciter
1282 2517 1557 2566 enucleavit
1609 2517 1797 2563 ratione

24 2623 26 2626 ·
121 2593 360 2643 facillima
391 2599 566 2646 nactus
597 2613 704 2646 sum
736 2614 761 2645 e
793 2590 910 2645 καθ’
932 2594 1161 2659 ἑκατέραν
1197 2608 1322 2655 quae
1354 2594 1428 2640 est
1459 2590 1604 2638 lectio
1635 2588 1796 2636 arche·

22 2660 26 2679 ³
120 2667 252 2730 ίῦῬί,
305 2685 416 2718 cum
466 2671 507 2717 V
550 2671 684 2719 solus
730 2664 849 2718 καθ’
893 2666 1058 2733 ἑτέραν
1104 2667 1360 2730 praebeat,
1411 2664 1608 2712 eliciens
1658 2658 1797 2708 κατὰ

123 2739 378 2807 θατέραν
427 2746 695 2807 tutansque
741 2745 937 2792 collatis
982 2745 1017 2790 t.
1057 2741 1108 2789 H
1147 2741 1281 2801 42,3
1330 2734 1512 2804 θατέρᾳ
1558 2741 1702 2802 φωνῇ
1749 2737 1798 2780 et

241 2899 284 2954 1)
314 2897 431 2943 Mus.
453 2899 599 2943 Rhen.
626 2899 704 2942 LX
731 2903 829 2943 111.
1474 2963 1534 3006 b·
