1992 3094
175 77 285 128 434
671 74 900 119 LIBANH
931 73 1155 119 ORATIO
1188 75 1375 119 XLVIII

174 220 375 274 κακοῖς.
460 212 541 263 12.
590 213 647 263 τί
679 206 781 263 οὖν
815 211 867 263 οἱ
898 210 1077 263 πάντα
1115 213 1356 272 σείοντες
1387 210 1542 279 ὑμεῖς
1573 211 1661 264 καὶ
1695 211 1869 264 θανᾶ-

85 314 125 356 R
146 313 289 356 H532
323 320 422 352 του
464 300 560 352 τὸν
589 297 592 370 1
621 297 894 367 ἐγγυητὴν
927 297 1081 362 ἄξιον
1114 295 1258 351 εἶναι
1297 301 1602 369 κρίνοντες;
1643 301 1873 369 εἰρήνην

176 391 330 457 ἤγετε
370 389 507 456 πρὸς
546 388 644 440 τὸν
683 388 981 456 ἠδικηκότα
1019 388 1108 440 καὶ
1150 388 1562 456 διαπηδήσαντα
1601 395 1873 442 τοσοῦτον

177 478 281 530 ἀπὸ
330 485 424 545 τῆς
471 480 672 545 βουλῆς
720 474 808 529 ἐπὶ
855 477 954 529 τὸν
999 478 1237 545 θρόνον;
1291 475 1383 529 καὶ
1438 477 1565 530 οὔτε
1610 479 1872 544 βασιλεὺς

133 588 152 620 5
178 567 389 620 τούτων
434 566 674 632 ἤκουσεν
722 561 889 617 οὐδὲν
936 566 1063 616 οὔτε
1108 564 1354 634 ὕπαρχος
1395 566 1521 618 οὔτε
1568 566 1730 628 ἄλλος
1777 565 1872 634 ἆρ-

177 658 390 724 χόντων
438 653 569 706 οὐδὲ
617 645 719 720 εἷς,
767 651 884 705 ἀλλ’
925 653 997 715 ὡς
1045 651 1114 705 ἂν
1154 649 1233 706 ὧν
1271 653 1485 722 μάλιστ’
1525 652 1595 706 ἂν
1634 652 1872 717 εὔξασθε

180 744 607 811 συμβεβηκότων
646 741 790 794 οὕτω
834 741 1130 810 διετέθητε.
1206 742 1418 811 ἤδηδέ
1453 763 1535 805 τις
1571 743 1742 796 αὐτὸν
1780 741 1874 796 καὶ

179 840 318 886 νοῦν
364 829 509 899 ἔχειν
549 832 731 898 ἔφησε.
814 830 896 882 13.
951 831 1038 883 καὶ
1086 833 1356 900 πρότερόν
1395 851 1455 899 γε
1498 833 1700 885 τούτου
1742 832 1873 899 δρα-

180 921 314 990 σμὸς
369 919 551 988 ἕτερος
614 919 706 972 διὰ
763 919 1064 987 θαλάττης,
1118 930 1341 989 πρᾶγμα
1392 922 1730 974 καινότατον.
1816 919 1877 973 ἐκ

119 1031 159 1063 ιο
188 1011 513 1070 Σελευκείας
546 1007 775 1075 ἀνήγετό
808 1027 889 1070 τις
922 1007 1346 1077 ἐπιστησόμενος
1364 1007 1570 1077 Ἴωσιν,
1607 1009 1708 1061 οὐκ
1741 1008 1874 1061 ἀπο-

182 1107 312 1167 ρῶν,
354 1093 522 1164 οἶμαι,
563 1096 804 1164 ζεύγους,
846 1095 962 1150 ἀλλ’
1004 1095 1203 1149 ἐδεδίει
1242 1099 1343 1166 τὴν
1383 1105 1503 1165 γῆν.
1581 1096 1671 1150 καὶ
1713 1092 1878 1160 οὗτος

180 1189 373 1239 τοίνυν
420 1186 576 1237 δεινὰ
615 1193 797 1238 ποιεῖν
843 1187 963 1237 τότε
1011 1183 1174 1248 δόξας
1221 1184 1311 1239 καὶ
1359 1187 1460 1254 τὴν
1505 1187 1717 1254 βουλὴν
1757 1185 1874 1239 ἀδι-

182 1284 299 1327 κεῖν
348 1273 580 1341 ἐπανῆκε
627 1277 790 1342 φίλος
838 1263 1007 1328 οὐδὲν
1052 1284 1163 1327 τῶν
1208 1273 1335 1344 παρ’
1381 1275 1537 1341 ὑμῶν
1584 1276 1878 1344 φοβηθείς,

183 1360 312 1416 οὐδὲ
359 1364 463 1432 γὰρ
515 1359 585 1430 ἦν
633 1362 816 1415 οὐδέν.
894 1362 1012 1416 ἀλλ’
1059 1362 1147 1416 ἐπὶ
1194 1360 1297 1432 μὲν
1343 1373 1454 1416 τῶν
1502 1362 1879 1434 ἐργαστηρίων

118 1473 158 1506 15
184 1451 212 1504 ὁ
254 1452 496 1521 δρασμὸς
534 1452 701 1519 ἤκουε
739 1461 942 1520 κακῶς,
983 1450 1055 1505 δι’
1094 1447 1174 1504 ὧν
1213 1450 1262 1504 δ’
1303 1452 1372 1504 ἄν
1411 1473 1491 1515 τις
1530 1451 1745 1520 ἐγένετο
1785 1453 1876 1506 καὶ

184 1542 327 1608 δίκη,
363 1550 742 1610 παρεωρῶντο.
812 1540 840 1593 ὁ
875 1537 935 1593 δὲ
966 1541 1111 1608 μάλα
1143 1541 1342 1610 σεμνὸς
1375 1542 1452 1604 εἰς
1483 1543 1544 1594 τὸ
1578 1540 1881 1609 συνέδριον

185 1627 371 1700 εἰσῄει.
1380 1683 1382 1685 ,

300 1718 382 1770 14.
445 1721 683 1771 Τοιαῦτα
722 1719 788 1771 τὰ
826 1717 952 1789 παρ’
990 1718 1147 1788 ὑμῶν
1187 1721 1265 1782 εἰς
1303 1720 1403 1787 τὴν
1438 1719 1650 1787 βουλὴν
1680 1738 1880 1787 μιμου-

185 1806 366 1875 μένων
419 1807 485 1858 τὰ
539 1816 649 1859 τῶν
704 1806 1123 1875 ἀστυγειτόνων.
1201 1805 1291 1860 καὶ
1348 1808 1450 1877 γὰρ
1495 1806 1773 1874 Ἀπαμέων
1823 1807 1876 1859 οὶ

121 1916 163 1947 20
187 1895 548 1962 βουλεύοντες
586 1896 761 1948 πολλὰ
800 1897 1028 1948 τοιαῦτά
1068 1897 1174 1949 εἰσι
1212 1894 1613 1966 κεχαρισμένοι,
1656 1893 1881 1963 βέλτιον

188 1984 291 2051 γὰρ
325 1983 497 2045 οὕτως
530 1986 703 2036 εἰπεῖν
733 1982 766 2052 ἢ
798 1986 1147 2054 πεπρακότες.
1217 1987 1270 2037 οἳ
1300 1985 1398 2037 τὸν
1428 1984 1530 2051 μὲν
1560 1986 1673 2036 Δία
1705 1983 1882 2051 φασὶν

189 2073 468 2124 αἰδεῖσθαι
507 2072 595 2124 καὶ
634 2072 861 2142 προσέτι
899 2093 962 2141 γε
1000 2073 1091 2126 καὶ
1138 2072 1382 2126 δεδιέναι
1419 2074 1597 2125 πάντα
1637 2070 1882 2140 ἐγγύθεν

189 2159 420 2229 ὁρῶντα,
458 2161 560 2228 τὴν
600 2157 660 2212 δὲ
700 2169 798 2214 τοῦ
839 2167 977 2214 θεοῦ
1018 2163 1180 2214 πόλιν
1219 2162 1322 2214 οὐκ
1362 2162 1718 2230 αἰσχύνονται
1756 2178 1878 2213 ποι-

191 2256 380 2310 οῦντες
432 2247 707 2301 ἐλάττονα.
792 2247 896 2319 ἔχω
946 2251 1009 2303 δέ
1052 2271 1104 2303 τι
1150 2258 1407 2303 τοιοῦτον
1453 2248 1543 2302 καὶ
1597 2249 1721 2318 περὶ
1767 2258 1881 2302 τῶν

125 2357 167 2389 25
193 2334 252 2388 ἐν
283 2337 490 2407 Κύπρῳ
525 2339 913 2404 βουλευόντων
945 2340 1131 2392 εἰπεῖν.
1193 2339 1282 2392 καὶ
1315 2340 1418 2407 γὰρ
1452 2333 1607 2391 οὗτοι
1637 2345 1880 2406 πανοῦρ-

313 2501 333 2538 1
369 2511 411 2551 p.
433 2500 567 2550 244‚7
690 2502 714 2539 3
748 2497 878 2542 Dem.
904 2514 948 2555 p.
969 2503 1103 2554 726‚5
1234 2504 1287 2541 21
1322 2498 1379 2542 cf.
1404 2514 1447 2554 p.
1469 2502 1626 2552 292‚9;
1651 2501 1820 2552 446,st

314 2648 338 2686 2
374 2662 383 2696 ;
409 2645 516 2699 posiz
540 2641 777 2697 κρίνοντες
800 2647 847 2688 eb
871 2651 897 2688 4
921 2647 1029 2701 post
1051 2644 1232 2701 θρόνον
1255 2646 1380 2689 inser
1403 2646 1470 2688 Re
1607 2649 1631 2687 6
1657 2643 1783 2688 ὡσὰν
1806 2644 1842 2687 Ι
1869 2643 1878 2702 f

196 2700 254 2745 ἂν
286 2704 331 2746 Ρ
361 2703 441 2745 sed
462 2697 484 2715 '¹
517 2703 566 2745 in
597 2716 672 2746 ras
704 2703 774 2746 m²
830 2707 836 2759 Ι
894 2702 958 2748 ὧν
989 2705 1115 2749 inser
1144 2704 1217 2750 ΡΞ
1272 2705 1279 2763 Ι
1336 2703 1530 2762 μάλιστα
1562 2704 1751 2756 εὔξεσθε
1780 2703 1816 2745 Ι

256 2766 281 2804 8
315 2760 485 2817 ἔφησεν
518 2763 562 2805 A
715 2767 766 2804 11
802 2763 880 2806 καὶ
913 2777 987 2806 om
1019 2765 1054 2807 I
1198 2770 1251 2808 15
1285 2762 1454 2818 ἤκουεν
1485 2765 1530 2806 Α
1682 2767 1735 2806 16
1767 2776 1880 2804 num

196 2821 476 2875 παρεώρωνὶ)
510 2822 560 2863 at
584 2820 639 2862 cf.
659 2821 719 2864 ad
743 2821 813 2864 t.1
837 2826 973 2876 476‚2
1090 2827 1144 2866 22
1170 2823 1250 2866 καὶ
1273 2825 1336 2879 (2)
1362 2837 1436 2866 om
1460 2821 1592 2878 Bopg
1706 2825 1762 2864 24
1784 2836 1881 2864 τοι-

198 2877 345 2921 ούτων
375 2879 410 2921 Ι
523 2883 578 2920 25
611 2879 758 2924 εἰπεῖν
789 2894 865 2923 om
896 2882 1031 2924 IBM
1063 2881 1197 2937 Bong
