1992 3094
194 105 227 156 2
231 104 302 157 90
741 101 971 145 LIBANII
1002 100 1226 145 ORATIO
1259 100 1337 144 XL

193 237 332 309 ὑπὲρ
371 249 483 292 τῶν
521 247 725 292 κοινῶν
771 241 1162 307 ταλαιπωρεῖν,
1211 234 1327 289 ἀλλ’
1367 231 1515 290 εἶδεν
1561 237 1630 290 ἄν
1675 256 1757 300 τις
1804 236 1888 291 ἐν-

193 334 398 382 ταῦθα’
426 328 514 381 καὶ
562 329 692 389 τοὺς
743 326 848 379 ἀπὸ
899 336 1011 379 τῶν
1058 325 1243 395 ἀρχῶν
1287 323 1451 394 <καὶ>
1498 334 1610 379 τῶν
1659 328 1894 396 θρόνων

195 420 273 480 εἰς
312 419 485 484 ὄνομα
523 416 614 469 καὶ
655 413 824 478 δόξαν
867 413 1223 483 ἀφιγμένους,
1301 414 1386 467 23.
1442 410 1584 482 ἦσαν
1624 411 1728 468 οὖν
1768 414 1890 469 ἀντὶ

195 506 483 574 στεφάνων
515 511 590 576 τῷ
623 502 1101 575 παραπεμπομένῳ
1142 502 1319 571 χεῖρές
1357 523 1414 556 τε
1455 505 1510 556 αἱ
1549 505 1762 556 τούτων
1800 505 1893 557 καὶ

150 616 169 648 5
195 595 376 663 φωναὶ
424 595 489 646 τὰ
528 603 639 645 τῶν
680 592 739 644 ἐκ
777 600 876 645 τοῦ
919 593 1097 660 δήμου
1138 593 1347 662 δρῶσαι
1387 591 1737 661 κεκινημέναι
1777 604 1896 655 τοῖς

194 682 499 752 εἰρημένοις
536 680 661 751 περὶ
711 681 908 748 αὐτοῦ,
955 683 1142 743 κοινός
1188 701 1245 734 τε
1294 683 1456 748 λόγος
1502 683 1625 734 τότε
1670 692 1896 751 πρῶτον
1943 684 1957 691 ”

195 770 491 841 ἑωρακέναι
530 771 631 823 τὸν
657 768 858 823 “Ήλιον
897 771 1061 838 τιμὴν
1092 770 1367 838 τοσαύτην
1397 770 1629 839 πρέπειν
1660 790 1717 823 τε
1750 771 1901 844 αὐτῷ

193 862 258 913 τὰ
291 859 534 930 ρηθέντα
566 857 693 927 περὶ
729 857 1128 927 Ἀγαμέμνονος
1159 857 1246 912 ἐπὶ
1278 865 1353 931 τῷ
1378 862 1582 927 πλήθει
1612 867 1706 928 τῆς
1732 873 1894 930 στρα-

193 957 323 1011 τιᾶς.
409 948 498 1001 καὶ
553 949 687 1017 μετὰ
739 948 1012 1001 τοιούτων
1067 948 1356 1017 εὐφημιῶν
1406 948 1744 1018 ὑπερβάντες
1794 949 1897 1001 τὸν

127 1059 169 1092 10
194 1038 366 1090 οὐδὸν
398 1036 526 1090 κάπὶ
563 1045 659 1105 τῆς
696 1037 866 1105 αὐλῆς
906 1036 1414 1106 ἀναβακχεύσαντες
1445 1039 1603 1106 μόλις
1635 1037 1898 1105 ἀπῆλθον

194 1125 402 1196 ἀνάγκῃ
443 1135 507 1196 τῇ
548 1127 697 1195 παρὰ
735 1133 834 1179 τοῦ
869 1125 1294 1194 θαυμαζομένου
1327 1126 1426 1179 τὸν
1460 1128 1717 1195 θόρυβον
1755 1127 1893 1178 παύ-

194 1229 399 1278 σαντες.
477 1211 547 1283 ἧν
595 1212 656 1267 δὲ
705 1213 891 1277 οὐδεὶς
940 1214 1000 1276 ὃς
1048 1215 1150 1268 οὐκ
1198 1211 1289 1281 ἐμὲ
1336 1224 1447 1267 τῶν
1493 1214 1898 1284 πεπραγμένων

193 1302 392 1374 ᾐτιᾶτο.
486 1303 570 1356 24.
641 1303 669 1356 ὁ
728 1302 775 1355 δ’
825 1303 965 1370 ὁμοῦ
1019 1301 1121 1370 μὲν
1173 1302 1331 1372 ἠξίου
1388 1306 1700 1372 κτήσασθαι
1762 1306 1898 1366 τοὺς

194 1391 584 1461 δεδειγμένους
623 1394 849 1461 λόγους,
898 1392 1036 1460 ὁμοῦ
1086 1389 1145 1445 δὲ
1194 1392 1395 1461 ἐπῆγεν
1438 1395 1537 1461 ἔπη
1586 1401 1703 1455 τοῖς
1750 1394 1895 1463 εἰρη-

128 1503 168 1535 15
193 1481 380 1548 μένοις
413 1484 600 1550 λόγοις
632 1482 908 1550 κρύπτων,
949 1480 1049 1544 ἕως
1082 1481 1224 1549 ἐξῆν,
1263 1483 1365 1550 τὴν
1402 1481 1587 1549 ὕβριν,
1629 1480 1657 1534 ὃ
1700 1482 1767 1550 δὴ
1803 1482 1898 1534 καὶ

196 1572 299 1624 σὸν
337 1566 432 1639 ἧν,
471 1571 562 1623 καὶ
603 1572 706 1639 γὰρ
748 1571 914 1633 αὐτὸς
954 1572 1240 1640 ἔκρυπτες,
1285 1571 1340 1623 αἱ
1380 1576 1659 1638 συνθῆκαι
1700 1567 1761 1623 δὲ
1801 1570 1895 1624 οὐ-

195 1660 388 1726 δαμοῦ.
459 1659 576 1712 ἀλλ’
617 1660 761 1712 οὕτω
795 1661 923 1713 λίαν
958 1667 1054 1727 τῆς
1086 1658 1340 1728 ἐπηρείας
1371 1660 1600 1728 ταυτησὶ
1641 1658 1899 1729 ἐφρόντι-

104 1760 145 1802 R
166 1760 207 1803 Π
227 1764 309 1803 377
345 1763 458 1816 σεν,
493 1746 620 1801 ὥστ’
644 1751 722 1810 εἰς
754 1749 1144 1801 διδασκαλεῖον
1172 1747 1340 1817 ἀνέβη
1366 1749 1583 1814 σαθρὸν
1606 1756 1706 1801 τοῦ
1736 1746 1741 1819 1
1768 1767 1894 1800 κατ-

196 1838 603 1905 ενεχθήσεσθαι
642 1836 884 1907 παρέχον
925 1839 1130 1905 φόβον,
1179 1838 1266 1889 διὸ
1308 1837 1398 1890 καὶ
1441 1845 1554 1899 τοῖς
1593 1838 1727 1905 μετὰ
1764 1840 1899 1899 τοὺς

127 1947 170 1978 20
193 1926 446 1994 πρώτους
500 1926 684 1979 ἰοῦσιν
734 1924 1003 1979 ἐκέκλειτο
1054 1925 1165 1978 δέει
1215 1933 1311 1994 τῆς
1361 1924 1710 1994 ἐλπιζομένης
1761 1946 1892 1978 ναυ-
1968 1921 1975 1928 ’

195 2016 366 2081 αγίας.
435 2015 543 2083 πρὸ
586 2014 650 2067 δέ
686 2033 749 2083 γε
788 2022 884 2082 τῆς
919 2014 1238 2082 ἀναβάσεως
1277 2015 1550 2067 εἰσελθὼν
1589 2015 1661 2077 ὡς
1701 2011 1792 2083 ἐμὲ
1831 2015 1895 2067 τὸ

195 2101 438 2171 θέατρον
479 2104 680 2156 δοῦναί
716 2123 782 2170 με
821 2112 938 2166 τοῖς
971 2106 1159 2156 ἔπεσιν
1198 2101 1370 2172 ἠξίου.
1440 2101 1529 2156 καὶ
1570 2104 1898 2172 παρεκάθου

196 2193 264 2242 σὺ
305 2190 393 2243 καὶ
434 2192 630 2259 ἤκουες
665 2200 837 2245 ταῦτα
871 2191 1128 2260 λέγοντος
1160 2190 1250 2244 καὶ
1290 2192 1461 2244 ταύτὰ
1502 2193 1593 2245 διὰ
1633 2200 1726 2260 τῆς
1766 2206 1895 2244 σιω-

315 2355 340 2393 8
373 2350 423 2394 11.
451 2353 479 2409 β
510 2356 595 2395 477
615 2366 681 2409 sq.

315 2502 339 2540 2
375 2504 487 2552 „aut
517 2506 609 2543 τῶν
641 2500 795 2557 ἀρχῶν
828 2505 910 2544 aut
940 2507 1031 2543 τῶν
1062 2498 1254 2555 θρόνων
1287 2501 1553 2544 delendum“
1585 2500 1653 2542 Re
1691 2502 1700 2555 1
1738 2498 1892 2557 <καὶ>

195 2557 369 2600 inserui
403 2557 505 2601 coll.
539 2573 583 2614 p.
611 2562 713 2612 281,
733 2563 757 2602 9
894 2564 918 2601 3
953 2556 1037 2603 οὖν
1069 2558 1194 2606 inser
1224 2558 1281 2602 12
1418 2563 1445 2601 4
1477 2575 1524 2602 τε
1557 2573 1631 2601 om
1661 2557 1847 2614 IBong
1883 2557 1888 2615 Ι

196 2615 244 2659 αἱ
277 2616 441 2672 scripsi
475 2631 498 2659 e
525 2618 569 2661 V
625 2617 676 2662 ἐκ
706 2617 876 2672 reliqui
907 2618 1017 2661 libri
1049 2618 1140 2661 edd
1183 2621 1188 2673 Ι
1231 2619 1312 2661 καὶ
1343 2619 1378 2660 Ι
1403 2619 1485 2661 sed
1517 2634 1544 2660 κ
1575 2618 1624 2660 in
1655 2630 1729 2659 ras
1762 2616 1832 2659 m²

256 2679 280 2717 9
316 2675 579 2732 ἐπιθυμιῶν
611 2677 646 2718 Ι
655 2677 789 2734 Bong
913 2682 965 2720 12
1000 2677 1051 2720 δὲ
1085 2677 1251 2733 scripsi
1330 2676 1378 2721 τὲ
1410 2679 1517 2720 Pal
1524 2678 1567 2721 V
1642 2692 1689 2719 τε
1720 2675 1890 2731 reliqui

187 2729 304 2776 libri
337 2734 427 2777 edd
550 2739 603 2777 13
639 2733 662 2779 ὃ
687 2736 732 2778 A
796 2733 819 2779 ὅ
848 2738 894 2780 Ρ
924 2737 1005 2779 sed
1040 2735 1051 2750 ‘
1082 2737 1132 2778 in
1161 2749 1237 2779 ras
1269 2735 1352 2791 m²‚
1386 2735 1686 2791 PaIVssong
1713 2738 1719 2791 Ι
1747 2734 1799 2779 δὲ
1823 2735 1890 2777 Re

257 2797 310 2835 14
346 2790 390 2836 δ’
420 2793 486 2835 Re
531 2795 535 2848 Ι
580 2793 809 2850 ἐπήγαγεν
843 2797 917 2839 Ρα
1054 2799 1108 2838 19
1140 2793 1356 2852 παρέχων
1387 2795 1572 2851 IBong
1706 2797 1760 2836 20
1794 2792 1890 2844 ἐκέ-

197 2853 330 2906 κλητο
366 2852 408 2895 V
522 2857 575 2894 21
610 2854 884 2907 προσελθὼν
916 2855 951 2896 Ι
970 2854 1102 2910 Bong
1235 2859 1289 2896 23
1321 2853 1470 2898 ταύτὰ
1502 2853 1668 2910 scripsi
1700 2854 1893 2897 auctore

196 2909 263 2951 Re
325 2917 470 2952 ταῦτα
501 2909 611 2953 libri
644 2912 733 2954 edd
