1992 3094
207 95 277 147 36
707 92 935 136 LIBANII
967 91 1191 136 ORATIO
1223 91 1395 137 XXVII

208 230 292 282 28.
334 231 445 282 τίνι
484 224 588 281 οὖν
629 233 733 281 οἴει
772 230 1116 297 καταρᾶσθαι
1155 230 1286 291 τοὺς
1325 227 1747 298 ἀδικουμένους;
1792 228 1898 297 ἐγὼ

206 319 308 386 μὲν
348 317 450 370 οὐκ
489 316 558 370 ἂν
598 318 829 385 εἴποιμι,
878 317 1051 385 δῆλον
1098 315 1163 370 δέ
1205 315 1356 369 ἐστιν
1403 318 1586 370 ἅπασι.
1662 316 1754 371 καὶ
1793 319 1898 387 γὰρ

208 407 339 460 οὐδὲ
379 399 457 468 εἷς
496 405 647 458 ἐστιν
686 405 714 458 ὁ
756 406 1081 468 Κάλλιππος
1118 401 1305 474 οὗτος,
1358 405 1495 459 ἀλλὰ
1540 404 1631 459 καὶ
1670 415 1782 459 τῶν
1821 408 1900 459 οἰ-

207 504 379 548 κετῶν
432 494 680 563 ἕκαστος,
733 495 928 548 πολλοὶ
966 491 1046 547 ’δὲ
1101 490 1271 547 οὗτοι.
1355 495 1445 548 καὶ
1501 491 1655 548 οὗτοι
1707 496 1903 548 τοίνυν

165 607 184 639 5
210 585 527 637 Κάλλιπποι
582 585 635 637 οἱ
688 586 819 646 τοὺς
871 586 1172 653 παριόντας
1223 582 1522 646 καλοῦντές
1581 603 1639 637 τε
1695 583 1783 637 ἐπὶ
1835 585 1902 637 τὰ

210 674 538 742 πωλούμενα
575 671 667 726 καὶ
706 673 1025 735 κελεύοντες
1063 672 1339 742 ἁρπάζειν,
1380 670 1580 735 ἐξεῖναι
1615 672 1737 743 γάρ,
1778 672 1807 726 ὁ
1841 669 1902 725 δὲ

209 767 411 816 πωλῶν
471 761 699 830 ἕστηκεν
760 760 1201 830 ἐκπεπληγμένος
1261 761 1335 813 τὼ
1390 771 1537 831 χεῖρε
1593 759 1903 830 συμπλέξας

213 859 340 921 σιγῇ
373 856 621 921 θρηνῶν,
660 851 732 913 ὡς
763 851 834 919 μὴ
868 851 1043 902 πάθοι
1082 869 1135 902 τι
1176 850 1504 920 δεινότερον.
1567 850 1653 903 29.
1708 848 1799 902 καὶ
1838 851 1904 902 τὰ

212 941 379 994 πλείω
435 947 530 1007 τῆς
582 940 887 1011 τραγῳδίας
937 939 1162 1007 ταύτης,
1216 946 1316 991 τοῦ
1363 941 1465 1007 τήν
1513 959 1571 992 τε
1619 937 1905 1007 θυγατέρα

144 1051 187 1083 10
212 1031 431 1098 ἔχοντος
486 1028 657 1080 αὐτοῦ
712 1026 803 1080 καὶ
859 1029 1127 1090 συνόντος
1179 1028 1272 1080 καὶ
1322 1026 1676 1096 συνημμένου
1725 1028 1904 1080 πάντα

213 1117 328 1170 ἐστὶ
378 1117 801 1187 κακουργήματα
856 1115 1284 1185 ἐνδεικνυμένου
1334 1125 1450 1179 τοῖς
1500 1115 1903 1185 ἀδικουμένοις,

121 1219 330 1263 RH124
371 1206 455 1258 ὅτι
494 1204 586 1258 καὶ
626 1205 772 1277 αὐτῷ
812 1206 819 1273 1
860 1225 914 1258 τι
954 1203 1161 1258 δοτέον.
1238 1207 1296 1258 015
1332 1202 1392 1258 δὲ
1433 1206 1690 1259 διδόασιν
1729 1205 1906 1275 ἀμφο-

210 1294 403 1365 τέροις.
451 1293 483 1362 ἢ
515 1296 694 1347 πόθεν
726 1299 830 1346 οἴει
869 1295 968 1346 τὸν
1007 1295 1218 1364 ἄπορον
1254 1294 1580 1348 Κάλλιππον
1618 1294 1906 1363 ἑστιάτορα

212 1380 355 1437 εἶναι
402 1384 653 1453 λαμπρὸν
698 1383 1042 1452 πειρώμενον
1089 1379 1257 1436 οὐδὲν
1303 1385 1437 1436 ὄντα
1483 1382 1767 1453 ἀποφῆναι
1805 1383 1906 1436 τὸν

146 1494 188 1528 15
205 1472 471 1539 Ῥωμαῖον
508 1470 725 1524 ἐκεῖνον
763 1470 851 1524 ἀπ’
884 1471 1067 1524 αὐτῶν
1105 1480 1216 1524 τῶν
1248 1481 1541 1540 φασιανῶν
1576 1470 1904 1540 άρξάμενον;

326 1560 411 1613 30.
467 1561 662 1613 Πάντα
699 1567 894 1629 ταῦτα,
935 1559 1157 1631 Ἰκάριε,
1197 1559 1396 1613 κλοπαὶ
1436 1561 1469 1629 ἢ
1508 1565 1555 1613 εἰ
1595 1561 1786 1630 βούλει
1826 1580 1904 1629 γε,

214 1650 417 1719 μισθὸς
466 1651 612 1720 παρὰ
657 1650 759 1719 μὲν
807 1650 959 1703 οὔπω
1006 1648 1326 1718 πληγέντων
1370 1651 1596 1718 τούτου,
1651 1650 1798 1719 παρὰ
1845 1646 1906 1702 δὲ

214 1749 326 1791 τῶν
364 1746 527 1791 τοῦτο
567 1740 867 1791 παθόντων
904 1746 1004 1791 τοῦ
1043 1739 1115 1807 μὴ
1156 1739 1516 1807 χαλεπώτερα.
1581 1738 1642 1791 σὲ
1681 1738 1743 1791 δὲ
1780 1739 1906 1791 τού-

215 1847 327 1880 των
367 1827 535 1880 οὐδὲν
574 1829 651 1889 εἰς
689 1826 863 1896 ὀργὴν
902 1827 1021 1895 ἄγει
1061 1827 1154 1879 διὰ
1190 1829 1320 1888 τοὺς
1359 1823 1679 1897 ἐπάδοντας,
1724 1828 1779 1880 οἳ
1815 1846 1906 1896 με-

149 1917 378 1984 εογάλοι
431 1916 533 1984 μὲν
582 1910 723 1983 ἦσαν
770 1913 857 1968 ἐπὶ
911 1923 1007 1984 τῆς
1060 1914 1228 1984 ἀρχῆς
1271 1917 1515 1983 Κόκκου,
1568 1916 1798 1983 μεγάλοι
1845 1912 1905 1968 δὲ

215 2012 322 2057 νῦν
377 2005 443 2057 οὐ
498 2012 670 2057 ταῦτα
722 2004 877 2073 ἡμῶν
928 2003 1284 2072 ἐλπισάντων,
1339 2003 1476 2056 ἀλλὰ
1528 2006 1759 2073 μικροὺς
1804 2004 1907 2071 μὲν

336 2185 359 2222 7
393 2179 535 2223 Thuc.
561 2179 624 2222 IV
648 2184 689 2231 4,
708 2184 732 2221 2
894 2184 946 2223 15
979 2179 1168 2222 Festum
1200 2178 1257 2222 cf.
1281 2180 1314 2222 t.
1332 2179 1353 2221 I
1379 2183 1476 2232 157,
1495 2184 1602 2234 4sq.
1657 2179 1719 2223 Io.
1746 2178 1905 2235 Chrys.

221 2240 342 2282 hom.
369 2239 418 2281 in
441 2238 609 2281 Matth.
628 2238 750 2281 LXX
774 2238 850 2295 (al.
870 2238 1028 2294 LXXI)
1054 2243 1081 2281 4

338 2398 391 2436 17
423 2393 611 2452 τούτου]
643 2392 848 2438 τουτέστι
879 2400 960 2436 τοῦ
993 2392 1052 2449 μὴ
1084 2395 1318 2449 πληγῆναι
1353 2391 1570 2437 GfP²M0

341 2553 363 2592 1
397 2546 528 2600 τίνας
558 2548 660 2591 Mor
691 2548 773 2591 sed
804 2566 858 2604 γρ
882 2545 975 2591 τίνι
1006 2547 1055 2590 in
1079 2561 1212 2604 marg
1363 2551 1388 2589 3
1428 2546 1646 2596 κάλλιστος
1678 2548 1752 2590 ΙΒ
1780 2548 1786 2603 1
1812 2553 1904 2589 τῶν

221 2607 430 2665 οἰκετῶν]
457 2608 664 2662 „videtwr
688 2614 779 2650 σῶν
804 2607 1210 2662 interponendum“
1228 2606 1296 2649 Re
1397 2611 1425 2648 4
1449 2606 1530 2648 καὶ
1554 2601 1683 2649 οὗτοι
1707 2605 1756 2648 in
1772 2618 1907 2662 marg

223 2666 331 2711 Mo²
482 2671 507 2708 5
539 2665 751 2710 κάλλιποι
775 2668 807 2709 Ι
830 2669 834 2720 1
864 2665 909 2709 οἳ
941 2666 1008 2708 Re
1037 2667 1042 2722 Ι
1070 2663 1316 2720 περιόντας
1341 2665 1425 2707 Mo
1448 2664 1550 2707 Mor
1639 2663 1908 2719 περιιόντας

222 2725 326 2768 coni
350 2726 418 2768 Re
441 2725 582 2768 Anim
733 2728 759 2769 8
791 2723 926 2781 πάθη
954 2726 1023 2782 Vl
1050 2722 1095 2767 τί
1117 2725 1200 2768 IV
1336 2728 1360 2766 9
1393 2726 1532 2767 πλοῖα
1558 2724 1626 2767 Va
1654 2725 1659 2779 Ι
1686 2738 1735 2766 τε
1767 2736 1843 2766 om
1868 2722 1911 2765 V

222 2784 471 2827 delendum
502 2784 686 2828 videtur
808 2788 860 2826 12
892 2781 938 2827 τί
967 2785 1003 2826 Ι
1118 2787 1171 2827 13
1204 2781 1437 2826 κάλιππον
1463 2784 1498 2826 Ι
1612 2786 1666 2825 14
1698 2782 1748 2826 τὸ
1781 2781 1849 2824 Re

223 2847 276 2885 17
309 2841 515 2887 τουτέστι
544 2850 627 2887 τοῦ
659 2842 718 2899 μὴ
751 2845 1001 2899 πληγῆναι·
1035 2844 1141 2899 Ροείῑ
1171 2841 1338 2898 μισθὸς
1368 2840 1471 2884 Mor
1532 2840 1608 2883 del
1639 2841 1707 2884 Re
1757 2841 1763 2897 Ι
1812 2839 1904 2883 ὑπὸ

222 2901 389 2946 τούτου
421 2902 523 2946 Mor
644 2907 698 2945 21
731 2899 813 2958 μὲν
846 2916 922 2945 om
955 2903 998 2945 V
