1992 3094
492 129 721 174 LIBANII
753 129 977 176 ORATIO
1010 132 1128 177 PRO
1160 132 1417 178 TEMPLIS
1698 138 1801 190 115

115 261 253 334 ἦσαν
298 259 453 318 οὗτοι
508 266 562 318 οἱ
610 265 877 319 οὐδέποτε
930 269 1099 334 λόγον
1145 267 1358 333 ἕξοντες
1405 270 1608 324 οὐδένα
1661 269 1800 343 ὑπὲρ

113 363 223 407 τῶν
274 353 696 423 πεπραγμένων·
757 356 840 417 τίς
900 356 1005 426 γὰρ
1068 356 1138 410 ἂν
1190 354 1331 428 ὑπὲρ
1384 360 1655 412 τοιούτων
1707 381 1801 413 κα-

111 451 225 495 κῶν
284 443 494 510 γίνοιτο
557 445 744 511 λόγοςς
813 445 872 496 οἱ
929 441 991 497 δὲ
1050 445 1188 515 πρὸς
1247 444 1350 515 μὲν
1409 449 1539 511 τοὺς
1599 448 1801 512 ἄλλους

111 531 410 600 ἀρνοῦνται
469 533 543 601 μὴ
605 540 766 601 σφῶν
828 526 970 586 εἶναι
1023 542 1187 587 τοῦτο
1241 536 1302 588 τὸ
1357 537 1547 607 ἔργον,
1609 535 1799 606 ἐντυγ-

109 619 367 690 χάνοντες
429 620 491 673 δὲ
551 619 641 674 σοὶ
694 623 1003 691 καταμόνας
1063 621 1138 676 δι’
1182 624 1410 687 οὐδενὸς
1468 625 1639 678 ἄλλου
1700 627 1800 679 τὸν
1845 648 1864 680 5

111 709 212 762 σὸν
249 705 406 762 οἷκον
444 709 622 772 οὕτως
669 705 730 762 εὖ
778 709 1133 780 πεποιηκέναι
1181 714 1368 781 φασίν.
1445 709 1524 767 ὧν
1561 715 1660 767 τὸν
1698 716 1800 769 σὸν

110 795 474 860 ἀπαλλάξειαν
514 794 671 852 οἷκον
711 799 764 852 οἱ
803 807 873 870 γῇ
912 819 971 852 τε
1007 799 1100 853 καὶ
1132 802 1377 872 θαλάττῃ
1416 803 1518 870 τὴν
1550 803 1655 871 σὴν
1687 803 1798 856 ἐπι-

110 889 411 961 στήσαντες,
440 890 705 956 κεφαλήν·
760 888 832 951 ὡς
872 888 974 941 οὐκ
1012 886 1133 942 ἔσθ’
1167 890 1196 942 ὅ
1237 910 1287 943 τι
1334 893 1519 957 μεῖζον
1558 890 1627 945 ἂν
1664 891 1793 961 παρ’

108 975 290 1028 αὐτῶν
328 975 531 1043 λάβοις.
609 977 662 1029 οἱ
700 978 804 1047 γὰρ
845 975 907 1031 ἐν
946 979 1130 1046 φίλων
1167 978 1394 1048 ὀνόματι
1441 978 1531 1032 καὶ
1570 981 1796 1049 κηδεμό-

107 1083 222 1117 νων
275 1062 370 1133 ἀφ’
408 1059 488 1119 ὧν
541 1063 612 1118 ἂν
652 1066 939 1134 ,βλάψαιεν
992 1065 1248 1135 λέγοντες
1308 1074 1382 1140 τῷ
1436 1069 1794 1122 πιστεύεσθαι
1822 1091 1863 1122 10

108 1153 244 1223 πρὸς
280 1153 381 1222 τὴν
418 1154 636 1222 βλάβην
676 1154 897 1225 ἀφορμῇ
938 1156 1210 1225 χρώμενοι
1246 1156 1449 1227 ῥᾳδίως
1479 1155 1796 1226 ἐζημίωσαν.

217 1240 301 1295 50.
365 1241 502 1295 Ἀλλ’
538 1241 626 1295 ἐπὶ
680 1244 878 1296 τούσδε
933 1244 1137 1314 μέτειμι
1195 1253 1290 1314 τῆς
1343 1245 1558 1308 ἀδικίας
1611 1246 1796 1299 αὐτῶν

106 1332 205 1399 τὴν
243 1329 526 1395 ἀπόδειξιν
566 1331 626 1384 ἐκ
663 1341 776 1386 τῶν
813 1341 922 1386 νῦν
961 1332 1265 1403 εἰρημένων
1303 1338 1678 1403 ποιησόμενος.

210 1422 217 1484 Ι
255 1418 396 1490 Φέρε
427 1420 549 1490 γάρ,
586 1422 680 1474 διὰ
710 1423 768 1474 τί
795 1441 934 1491 φατε
964 1431 1381 1493 κατασκαφῆναι
1414 1423 1476 1476 τὸ
1508 1422 1644 1491 μέγα
1676 1435 1717 1478 R
1736 1435 1879 1478 11201

105 1506 261 1561 τοῦθ’
295 1509 472 1578 ἱερόνς
513 1510 581 1563 οὐ
622 1511 714 1563 διὰ
752 1511 813 1563 τὸ
855 1510 1009 1575 δόξαι
1040 1518 1114 1584 τῷ
1139 1513 1376 1579 βασιλεῖς
1414 1516 1605 1574 καλῶς.
1654 1513 1794 1565 ὀὐκ-
1818 1533 1859 1565 15

106 1604 209 1649 οῦν
266 1598 318 1650 οἱ
372 1603 777 1669 καθαιροῦντες
835 1600 937 1653 οὐκ
990 1601 1224 1669 ἠδίκουν
1277 1607 1351 1673 τῷ
1398 1602 1464 1654 τὰ
1518 1601 1792 1655 δοκοῦντα

104 1691 177 1758 τῷ
208 1688 424 1754 βασιλεῖ
460 1696 656 1741 ποιεῖν.
727 1688 878 1752 ὅστις
917 1684 1022 1742 οὖν
1060 1690 1127 1742 τὰ
1164 1690 1236 1758 μὴ
1276 1690 1550 1742 δοκοῦντα
1587 1696 1663 1762 τῷ
1695 1693 1792 1758 βα-

104 1777 243 1828 σιλεῖ
287 1777 603 1845 πεποίηκεν,
659 1776 858 1846 ἀδικεῖς
913 1778 1122 1831 οὐκοῦν
1159 1778 1314 1845 ὑμεῖς
1360 1773 1522 1831 οὗτοί
1564 1778 1630 1846 γέ
1672 1776 1791 1831 ἐστε

104 1855 186 1925 οἷς
239 1863 407 1917 οὐδὲν
458 1862 543 1917 ἔνι
595 1873 853 1919 τοιοῦτον
908 1867 1083 1920 εἰπεῖν
1144 1863 1283 1935 ὑπὲρ
1338 1861 1417 1919 ὧν
1479 1867 1789 1935 δεδράκατε.

219 2088 245 2127 5
291 2081 376 2139 ὅρα
414 2084 495 2128 καὶ
533 2085 585 2129 τὸ
628 2085 964 2159 καταμόνας.
1030 2084 1054 2130 ὃ
1096 2085 1182 2142 ἐγὼ
1223 2081 1388 2129 οὔποτ’
1408 2101 1468 2128 αν
1510 2083 1789 2142 ἐπεπείσμην

102 2149 265 2187 τοῦτον
295 2143 489 2195 ἀξιῶσαι
522 2140 768 2201 ἑρμηνείας
799 2150 880 2201 τῆς
910 2145 1055 2189 αὐτοῦ
1091 2145 1135 2189 V
1159 2143 1215 2187 ef.
1242 2143 1505 2198 t.11486‚8

220 2355 243 2394 1
278 2349 450 2395 οὐδένα
483 2350 662 2404 ἕξοντες
694 2351 738 2395 V
926 2355 1061 2407 „post
1089 2365 1184 2395 πεπ
1214 2348 1425 2407 αγμένων
1458 2349 1636 2393 videtur
1666 2350 1784 2392 ἀπο-

102 2406 288 2452 διδόναι
318 2411 385 2454 vel
414 2410 504 2454 tale
534 2410 647 2467 quid
677 2410 850 2454 dees3e“
866 2356 952 2453 2Re
1110 2367 1292 2453 4εἳναι
1323 2416 1458 2452 τοῦτο
1492 2408 1694 2480 scripsi
1687 2421 1713 2451 e
1752 2409 1793 2452 V

101 2473 234 2511 τοῦτο
267 2464 390 2512 εἶναι
419 2469 590 2525 reliqui
612 2469 723 2512 libri
748 2469 839 2513 edd
961 2474 986 2512 5
1022 2467 1075 2512 δέ
1106 2482 1177 2512 σοι
1202 2468 1310 2511 libri
1335 2467 1426 2511 edd
1455 2470 1459 2523 Ι
1488 2483 1606 2511 κατα
1637 2466 1785 2522 μόνας

102 2525 327 2571 PBURe
507 2533 533 2572 6
567 2528 712 2580 ὄντως
744 2529 788 2573 V
823 2531 829 2583 Ι
866 2526 1163 2572 πεπονθέναι
1195 2527 1299 2570 coni
1323 2526 1390 2570 Re
1572 2530 1626 2568 14
1658 2524 1785 2569 διατί

101 2585 282 2630 APIM
289 2587 333 2631 V
499 2592 553 2630 15
586 2588 641 2632 οὐ
674 2613 728 2619 -
762 2588 975 2645 καλῶς],
979 2592 1075 2642 ‚aut
1105 2586 1342 2630 delendum
1373 2586 1429 2630 οὐ
1460 2590 1501 2628 et
1531 2586 1781 2642 inter-roya-

100 2643 237 2689 tionis
265 2647 447 2703 siqnum
477 2647 802 2690 detrahendum
844 2651 926 2690 aut
955 2650 1128 2690 servato
1166 2645 1272 2688 huic
1302 2644 1651 2700 interroyataeoni
1680 2644 1781 2687 sub-

92 2702 297 2756 jicienda
338 2707 567 2760 responsio
613 2707 890 2750 conveniens.
942 2706 1191 2761 interrogat
1232 2704 1464 2748 Libanius
1510 2703 1564 2745 οὐ
1607 2701 1687 2746 διὰ
1728 2702 1780 2746 τὸ

101 2758 233 2814 δόξαι
262 2766 324 2821 τῷ
355 2765 553 2822 βασιλεῖς
583 2765 853 2820 respondent
876 2764 1130 2807 adversarii
1159 2762 1241 2807 διὰ
1270 2763 1323 2806 τὸ
1347 2760 1480 2814 δόξαι
1504 2764 1567 2805 τῶ
1591 2762 1778 2819 βασιλεῖ.

101 2819 205 2863 huic
234 2824 517 2878 responsioni
546 2824 731 2879 subjicit
762 2828 858 2867 tum
881 2823 1113 2866 Libanius
1141 2836 1276 2866 suum
1305 2823 1497 2871 καλῶςέ*
1522 2807 1588 2864 Re
1615 2822 1621 2874 1
1648 2821 1781 2877 βασι-

100 2878 169 2922 λεῖ
195 2882 365 2955 καλῶςς
408 2882 508 2925 AV
591 2883 770 2940 βασιλεῖ
796 2879 964 2935 καλόνς
1005 2882 1039 2924 Ι
1074 2880 1199 2935 sed3
1231 2894 1287 2924 ex
1321 2896 1329 2904 ·
1364 2893 1465 2923 con·
1487 2878 1569 2933 ω’,
1614 2880 1723 2924 ΒΜ

103 2940 155 2979 17
187 2934 292 2996 οὖν]
321 2939 372 2984 δὲ
404 2940 447 2984 U
473 2942 521 2983 et
550 2940 600 2983 in
623 2954 699 2983 ras
726 2939 797 2984 P²
919 2945 973 2983 18
1005 2941 1176 2984 ἀδικεῖ·
1213 2940 1257 2983 V

1454 3013 1513 3055 8*
