<?xml version="1.0" encoding="UTF-8"?>
<!DOCTYPE html PUBLIC "-//W3C//DTD XHTML 1.0 Transitional//EN"
    "http://www.w3.org/TR/xhtml1/DTD/xhtml1-transitional.dtd">
<html xmlns="http://www.w3.org/1999/xhtml" xml:lang="en" lang="en">
 <head>
  <title>
</title>
<meta http-equiv="Content-Type" content="text/html;charset=utf-8" />
  <meta name='ocr-system' content='tesseract 3.04.00' />
  <meta name='ocr-capabilities' content='ocr_page ocr_carea ocr_par ocr_line ocrx_word'/>
</head>
<body>
  <div class='ocr_page' id='page_1' title='image "./operarecensuitri03libauoft_0205.png"; bbox 0 0 1992 3094; ppageno 0'>
   <div class='ocr_carea' id='block_1_1' title="bbox 447 117 1807 175">
    <p class='ocr_par' dir='ltr' id='par_1_1' title="bbox 447 117 1807 175">
     <span class='ocr_line' id='line_1_1' title="bbox 447 117 1807 175; baseline 0.004 -14"><span class='ocrx_word' id='word_1_1' title='bbox 447 118 675 162; x_wconf 80' lang='lat' dir='ltr'>LIBANII</span> <span class='ocrx_word' id='word_1_2' title='bbox 706 117 930 163; x_wconf 86' lang='lat' dir='ltr'><strong>ORATIO</strong></span> <span class='ocrx_word' id='word_1_3' title='bbox 963 118 1082 163; x_wconf 87' lang='lat' dir='ltr'><em>PRO</em></span> <span class='ocrx_word' id='word_1_4' title='bbox 1115 119 1496 164; x_wconf 82' lang='lat' dir='ltr'>RHETORIBUS</span> <span class='ocrx_word' id='word_1_5' title='bbox 1704 123 1807 175; x_wconf 79' lang='lat'><em>135</em></span> 
     </span>
    </p>
   </div>
   <div class='ocr_carea' id='block_1_2' title="bbox 116 253 1870 1033">
    <p class='ocr_par' dir='ltr' id='par_1_2' title="bbox 116 253 1870 1033">
     <span class='ocr_line' id='line_1_2' title="bbox 232 253 1807 325; baseline 0.002 -17"><span class='ocrx_word' id='word_1_6' title='bbox 232 255 317 308; x_wconf 81' lang='lat'><em>21.</em></span> <span class='ocrx_word' id='word_1_7' title='bbox 370 253 775 322; x_wconf 80' lang='grc' dir='ltr'><em>Δεξιώτερος</em></span> <span class='ocrx_word' id='word_1_8' title='bbox 814 255 933 323; x_wconf 83' lang='grc' dir='ltr'><em>γὰρ</em></span> <span class='ocrx_word' id='word_1_9' title='bbox 973 255 1224 309; x_wconf 89' lang='grc' dir='ltr'><em>τούτων</em></span> <span class='ocrx_word' id='word_1_10' title='bbox 1253 254 1527 319; x_wconf 65' lang='grc' dir='ltr'><em>ἐκεῖνος.</em></span> <span class='ocrx_word' id='word_1_11' title='bbox 1605 257 1638 310; x_wconf 81' lang='grc' dir='ltr'><strong><em>ἃ</em></strong></span> <span class='ocrx_word' id='word_1_12' title='bbox 1677 260 1807 325; x_wconf 79' lang='grc' dir='ltr'><em>βού-</em></span> 
     </span>
     <span class='ocr_line' id='line_1_3' title="bbox 121 340 1807 413; baseline 0.001 -16"><span class='ocrx_word' id='word_1_13' title='bbox 121 349 282 411; x_wconf 85' lang='grc' dir='ltr'><em>λομαι</em></span> <span class='ocrx_word' id='word_1_14' title='bbox 329 342 517 411; x_wconf 87' lang='grc' dir='ltr'><em>λέγεις.</em></span> <span class='ocrx_word' id='word_1_15' title='bbox 594 340 712 396; x_wconf 86' lang='grc' dir='ltr'><em>ἀλλ’</em></span> <span class='ocrx_word' id='word_1_16' title='bbox 748 342 816 395; x_wconf 90' lang='grc' dir='ltr'><em>οὐ</em></span> <span class='ocrx_word' id='word_1_17' title='bbox 865 343 957 396; x_wconf 80' lang='grc' dir='ltr'><em>διὰ</em></span> <span class='ocrx_word' id='word_1_18' title='bbox 1003 351 1167 397; x_wconf 89' lang='grc' dir='ltr'><em>τοῦτο</em></span> <span class='ocrx_word' id='word_1_19' title='bbox 1215 345 1447 408; x_wconf 80' lang='grc' dir='ltr'><em>τούτους</em></span> <span class='ocrx_word' id='word_1_20' title='bbox 1475 345 1807 413; x_wconf 64' lang='grc' dir='ltr'><em>»ἀμελεῖσθαι</em></span> 
     </span>
     <span class='ocr_line' id='line_1_4' title="bbox 120 427 1805 504; baseline 0.001 -18"><span class='ocrx_word' id='word_1_21' title='bbox 120 434 352 501; x_wconf 83' lang='grc' dir='ltr'><em>δίκαιον,</em></span> <span class='ocrx_word' id='word_1_22' title='bbox 393 436 449 484; x_wconf 77' lang='grc' dir='ltr'><em>εἴ</em></span> <span class='ocrx_word' id='word_1_23' title='bbox 472 451 524 484; x_wconf 94' lang='grc' dir='ltr'><em>τι</em></span> <span class='ocrx_word' id='word_1_24' title='bbox 555 429 728 484; x_wconf 80' lang='grc' dir='ltr'><strong><em>πλέον</em></strong></span> <span class='ocrx_word' id='word_1_25' title='bbox 758 427 830 499; x_wconf 81' lang='grc' dir='ltr'><em>ἦν</em></span> <span class='ocrx_word' id='word_1_26' title='bbox 867 430 996 501; x_wconf 90' lang='grc' dir='ltr'><em>παρ’</em></span> <span class='ocrx_word' id='word_1_27' title='bbox 1025 431 1213 504; x_wconf 79' lang='grc' dir='ltr'><em>ἐκείνω</em></span> <span class='ocrx_word' id='word_1_28' title='bbox 1253 434 1388 486; x_wconf 83' lang='grc' dir='ltr'><em>κατὰ</em></span> <span class='ocrx_word' id='word_1_29' title='bbox 1427 436 1556 497; x_wconf 89' lang='grc' dir='ltr'><em>τοὺς</em></span> <span class='ocrx_word' id='word_1_30' title='bbox 1588 436 1805 503; x_wconf 79' lang='grc' dir='ltr'><em>λόγους,</em></span> 
     </span>
     <span class='ocr_line' id='line_1_5' title="bbox 121 520 1806 592; baseline 0.001 -17"><span class='ocrx_word' id='word_1_31' title='bbox 121 520 256 575; x_wconf 85' lang='grc' dir='ltr'><em>οὐδέ</em></span> <span class='ocrx_word' id='word_1_32' title='bbox 302 540 362 588; x_wconf 92' lang='grc' dir='ltr'><em>γε</em></span> <span class='ocrx_word' id='word_1_33' title='bbox 408 521 538 582; x_wconf 88' lang='grc' dir='ltr'><em>τοὺς</em></span> <span class='ocrx_word' id='word_1_34' title='bbox 587 522 791 584; x_wconf 84' lang='grc' dir='ltr'><em>ζῶντας</em></span> <span class='ocrx_word' id='word_1_35' title='bbox 839 528 934 589; x_wconf 82' lang='grc' dir='ltr'><em>τῆς</em></span> <span class='ocrx_word' id='word_1_36' title='bbox 978 528 1079 573; x_wconf 91' lang='grc' dir='ltr'><em>τοῦ</em></span> <span class='ocrx_word' id='word_1_37' title='bbox 1126 524 1568 590; x_wconf 76' lang='grc' dir='ltr'><em>τετελευτηκότος</em></span> <span class='ocrx_word' id='word_1_38' title='bbox 1614 522 1806 592; x_wconf 84' lang='grc' dir='ltr'><em>ἀρετῆς</em></span> 
     </span>
     <span class='ocr_line' id='line_1_6' title="bbox 119 608 1870 679; baseline 0.002 -16"><span class='ocrx_word' id='word_1_39' title='bbox 119 608 340 679; x_wconf 82' lang='grc' dir='ltr'><strong><em>ὑπέχειν</em></strong></span> <span class='ocrx_word' id='word_1_40' title='bbox 379 609 555 677; x_wconf 87' lang='grc' dir='ltr'><em>δίκην.</em></span> <span class='ocrx_word' id='word_1_41' title='bbox 628 610 676 662; x_wconf 81' lang='grc' dir='ltr'><em>εἰ</em></span> <span class='ocrx_word' id='word_1_42' title='bbox 715 609 816 677; x_wconf 81' lang='grc' dir='ltr'><em>μὲν</em></span> <span class='ocrx_word' id='word_1_43' title='bbox 855 610 959 679; x_wconf 83' lang='grc' dir='ltr'><em>γὰρ</em></span> <span class='ocrx_word' id='word_1_44' title='bbox 1001 610 1066 662; x_wconf 87' lang='grc' dir='ltr'><em>οὐ</em></span> <span class='ocrx_word' id='word_1_45' title='bbox 1110 614 1416 663; x_wconf 78' lang='grc' dir='ltr'><em>λυσιτελεῖν</em></span> <span class='ocrx_word' id='word_1_46' title='bbox 1453 611 1651 664; x_wconf 86' lang='grc' dir='ltr'><em>τούσδε</em></span> <span class='ocrx_word' id='word_1_47' title='bbox 1689 621 1804 675; x_wconf 90' lang='grc' dir='ltr'><em>τοῖς</em></span> <span class='ocrx_word' id='word_1_48' title='bbox 1851 635 1870 666; x_wconf 84' lang='grc'>5</span> 
     </span>
     <span class='ocr_line' id='line_1_7' title="bbox 116 696 1803 768; baseline 0.002 -18"><span class='ocrx_word' id='word_1_49' title='bbox 116 697 264 761; x_wconf 89' lang='grc' dir='ltr'><em>νέοις</em></span> <span class='ocrx_word' id='word_1_50' title='bbox 300 696 575 766; x_wconf 80' lang='grc' dir='ltr'><em>ὑπείληφέ</em></span> <span class='ocrx_word' id='word_1_51' title='bbox 607 717 707 765; x_wconf 85' lang='grc' dir='ltr'><em>τις,</em></span> <span class='ocrx_word' id='word_1_52' title='bbox 747 696 965 750; x_wconf 79' lang='grc' dir='ltr'><em>ἀπιέναι</em></span> <span class='ocrx_word' id='word_1_53' title='bbox 1004 697 1270 751; x_wconf 83' lang='grc' dir='ltr'><em>κελευέτω</em></span> <span class='ocrx_word' id='word_1_54' title='bbox 1308 697 1399 751; x_wconf 87' lang='grc' dir='ltr'><em>καὶ</em></span> <span class='ocrx_word' id='word_1_55' title='bbox 1433 703 1803 768; x_wconf 80' lang='grc' dir='ltr'><em>ζητείτωβελ-</em></span> 
     </span>
     <span class='ocr_line' id='line_1_8' title="bbox 116 783 1801 858; baseline 0.001 -19"><span class='ocrx_word' id='word_1_56' title='bbox 116 790 294 850; x_wconf 87' lang='grc' dir='ltr'><em>τιόυς·</em></span> <span class='ocrx_word' id='word_1_57' title='bbox 355 788 403 840; x_wconf 84' lang='grc' dir='ltr'><em>εἰ</em></span> <span class='ocrx_word' id='word_1_58' title='bbox 465 785 516 839; x_wconf 90' lang='grc' dir='ltr'><em>δ’</em></span> <span class='ocrx_word' id='word_1_59' title='bbox 553 786 804 855; x_wconf 88' lang='grc' dir='ltr'><em>ἀγαθοὺς</em></span> <span class='ocrx_word' id='word_1_60' title='bbox 847 783 999 840; x_wconf 84' lang='grc' dir='ltr'><em>εἶναι</em></span> <span class='ocrx_word' id='word_1_61' title='bbox 1052 788 1340 840; x_wconf 80' lang='grc' dir='ltr'><em>παιδεύειν</em></span> <span class='ocrx_word' id='word_1_62' title='bbox 1391 787 1670 856; x_wconf 87' lang='grc' dir='ltr'><em>ὁμολογεῖ,</em></span> <span class='ocrx_word' id='word_1_63' title='bbox 1730 791 1801 858; x_wconf 84' lang='grc' dir='ltr'><em>μὴ</em></span> 
     </span>
     <span class='ocr_line' id='line_1_9' title="bbox 117 871 1801 951; baseline 0.001 -23"><span class='ocrx_word' id='word_1_64' title='bbox 117 878 342 951; x_wconf 81' lang='grc' dir='ltr'><em>χρήσθω</em></span> <span class='ocrx_word' id='word_1_65' title='bbox 379 871 482 942; x_wconf 76' lang='grc' dir='ltr'><em>μὲν</em></span> <span class='ocrx_word' id='word_1_66' title='bbox 513 875 586 938; x_wconf 84' lang='grc' dir='ltr'><em>ὡς</em></span> <span class='ocrx_word' id='word_1_67' title='bbox 624 874 1022 943; x_wconf 78' lang='grc' dir='ltr'><em>ἐπισταμένοις,</em></span> <span class='ocrx_word' id='word_1_68' title='bbox 1062 877 1134 938; x_wconf 85' lang='grc' dir='ltr'><em>ὡς</em></span> <span class='ocrx_word' id='word_1_69' title='bbox 1174 877 1235 929; x_wconf 83' lang='grc' dir='ltr'><em>δὲ</em></span> <span class='ocrx_word' id='word_1_70' title='bbox 1274 876 1578 945; x_wconf 75' lang='grc' dir='ltr'><em>ἀχρήστους</em></span> <span class='ocrx_word' id='word_1_71' title='bbox 1617 877 1801 947; x_wconf 82' lang='grc' dir='ltr'><em>ἀτιμα-</em></span> 
     </span>
     <span class='ocr_line' id='line_1_10' title="bbox 118 962 1803 1033; baseline 0.002 -17"><span class='ocrx_word' id='word_1_72' title='bbox 118 963 258 1028; x_wconf 76' lang='grc' dir='ltr'><em>ζέτω.</em></span> <span class='ocrx_word' id='word_1_73' title='bbox 334 966 387 1017; x_wconf 84' lang='grc' dir='ltr'><em>εἰ</em></span> <span class='ocrx_word' id='word_1_74' title='bbox 431 964 509 1023; x_wconf 50' lang='grc' dir='ltr'><em>δὲἸ</em></span> <span class='ocrx_word' id='word_1_75' title='bbox 536 966 635 1033; x_wconf 83' lang='grc' dir='ltr'><em>μή,</em></span> <span class='ocrx_word' id='word_1_76' title='bbox 692 962 952 1027; x_wconf 81' lang='grc' dir='ltr'><em>δόξουσιν</em></span> <span class='ocrx_word' id='word_1_77' title='bbox 1001 966 1052 1018; x_wconf 82' lang='grc' dir='ltr'><em>οἱ</em></span> <span class='ocrx_word' id='word_1_78' title='bbox 1099 972 1262 1018; x_wconf 89' lang='grc' dir='ltr'><em>τοῦτο</em></span> <span class='ocrx_word' id='word_1_79' title='bbox 1308 967 1647 1028; x_wconf 83' lang='grc' dir='ltr'><em>πεπονθότες</em></span> <span class='ocrx_word' id='word_1_80' title='bbox 1692 976 1803 1019; x_wconf 84' lang='grc' dir='ltr'><em>τῶν</em></span> 
     </span>
    </p>
   </div>
   <div class='ocr_carea' id='block_1_3' title="bbox 13 1049 1870 1123">
    <p class='ocr_par' dir='ltr' id='par_1_3' title="bbox 13 1049 1870 1123">
     <span class='ocr_line' id='line_1_11' title="bbox 13 1049 1870 1123; baseline 0.003 -19"><span class='ocrx_word' id='word_1_81' title='bbox 13 1083 25 1092; x_wconf 79' lang='lat'><strong>·</strong></span> <span class='ocrx_word' id='word_1_82' title='bbox 115 1051 302 1121; x_wconf 80' lang='grc' dir='ltr'><em>ἀγρῶν</em></span> <span class='ocrx_word' id='word_1_83' title='bbox 350 1052 476 1123; x_wconf 87' lang='grc' dir='ltr'><em>περὶ</em></span> <span class='ocrx_word' id='word_1_84' title='bbox 530 1049 610 1107; x_wconf 84' lang='grc' dir='ltr'><em>ὧν</em></span> <span class='ocrx_word' id='word_1_85' title='bbox 655 1053 795 1121; x_wconf 90' lang='grc' dir='ltr'><em>λέγω</em></span> <span class='ocrx_word' id='word_1_86' title='bbox 846 1056 1013 1107; x_wconf 87' lang='grc' dir='ltr'><em>πλείω</em></span> <span class='ocrx_word' id='word_1_87' title='bbox 1064 1059 1348 1112; x_wconf 83' lang='grc' dir='ltr'><em>ποιεῖσθαι</em></span> <span class='ocrx_word' id='word_1_88' title='bbox 1378 1056 1568 1122; x_wconf 77' lang='grc' dir='ltr'><em>,λόγον</em></span> <span class='ocrx_word' id='word_1_89' title='bbox 1613 1053 1645 1123; x_wconf 81' lang='grc' dir='ltr'>ἢ</span> <span class='ocrx_word' id='word_1_90' title='bbox 1691 1064 1803 1108; x_wconf 83' lang='grc' dir='ltr'><em>τῶν</em></span> <span class='ocrx_word' id='word_1_91' title='bbox 1828 1078 1870 1109; x_wconf 84' lang='lat'><em>10</em></span> 
     </span>
    </p>
   </div>
   <div class='ocr_carea' id='block_1_4' title="bbox 52 1139 1881 2368">
    <p class='ocr_par' dir='ltr' id='par_1_4' title="bbox 109 1139 1864 1746">
     <span class='ocr_line' id='line_1_12' title="bbox 118 1139 1802 1213; baseline 0.002 -20"><span class='ocrx_word' id='word_1_92' title='bbox 118 1140 298 1201; x_wconf 82' lang='grc' dir='ltr'><em>υἱέων.</em></span> <span class='ocrx_word' id='word_1_93' title='bbox 375 1143 427 1195; x_wconf 81' lang='grc' dir='ltr'><em>εἰ</em></span> <span class='ocrx_word' id='word_1_94' title='bbox 462 1143 565 1211; x_wconf 84' lang='grc' dir='ltr'><em>γὰρ</em></span> <span class='ocrx_word' id='word_1_95' title='bbox 605 1151 718 1196; x_wconf 84' lang='grc' dir='ltr'><em>τῶν</em></span> <span class='ocrx_word' id='word_1_96' title='bbox 756 1139 859 1211; x_wconf 75' lang='grc' dir='ltr'><em>μὲν</em></span> <span class='ocrx_word' id='word_1_97' title='bbox 897 1143 1253 1213; x_wconf 85' lang='grc' dir='ltr'><em>ὡς-φαύλοις.</em></span> <span class='ocrx_word' id='word_1_98' title='bbox 1284 1142 1351 1195; x_wconf 87' lang='grc' dir='ltr'><em>οὐ</em></span> <span class='ocrx_word' id='word_1_99' title='bbox 1390 1144 1802 1212; x_wconf 82' lang='grc' dir='ltr'><em>μεταδώσουσιν</em></span> 
     </span>
     <span class='ocr_line' id='line_1_13' title="bbox 115 1230 1801 1300; baseline 0.001 -16"><span class='ocrx_word' id='word_1_100' title='bbox 115 1230 412 1298; x_wconf 77' lang='grc' dir='ltr'><em>ἡγούμενοι</em></span> <span class='ocrx_word' id='word_1_101' title='bbox 443 1232 504 1284; x_wconf 90' lang='grc' dir='ltr'><em>τὸ</em></span> <span class='ocrx_word' id='word_1_102' title='bbox 536 1239 758 1300; x_wconf 87' lang='grc' dir='ltr'><em>πρᾶγμα</em></span> <span class='ocrx_word' id='word_1_103' title='bbox 791 1233 995 1299; x_wconf 85' lang='grc' dir='ltr'><em>δεινόν,</em></span> <span class='ocrx_word' id='word_1_104' title='bbox 1027 1234 1158 1294; x_wconf 87' lang='grc' dir='ltr'><em>τοὺς</em></span> <span class='ocrx_word' id='word_1_105' title='bbox 1191 1232 1250 1285; x_wconf 82' lang='grc' dir='ltr'><em>δὲ</em></span> <span class='ocrx_word' id='word_1_106' title='bbox 1277 1233 1495 1295; x_wconf 87' lang='grc' dir='ltr'><em>τούτοις</em></span> <span class='ocrx_word' id='word_1_107' title='bbox 1517 1233 1801 1285; x_wconf 89' lang='grc' dir='ltr'><em>παιδεύειν</em></span> 
     </span>
     <span class='ocr_line' id='line_1_14' title="bbox 112 1319 1801 1392; baseline 0.001 -21"><span class='ocrx_word' id='word_1_108' title='bbox 112 1320 539 1389; x_wconf 86' lang='grc' dir='ltr'><em>παραδώσουσιν</em></span> <span class='ocrx_word' id='word_1_109' title='bbox 578 1321 651 1384; x_wconf 83' lang='grc' dir='ltr'><em>ὡς</em></span> <span class='ocrx_word' id='word_1_110' title='bbox 689 1320 792 1374; x_wconf 87' lang='grc' dir='ltr'><em>οὐκ</em></span> <span class='ocrx_word' id='word_1_111' title='bbox 832 1319 891 1373; x_wconf 83' lang='grc' dir='ltr'><em>ἐν</em></span> <span class='ocrx_word' id='word_1_112' title='bbox 922 1321 1141 1392; x_wconf 77' lang='grc' dir='ltr'><em>μεγάλῳ</em></span> <span class='ocrx_word' id='word_1_113' title='bbox 1173 1321 1647 1387; x_wconf 87' lang='grc' dir='ltr'><em>κινδυνεύσοντες,</em></span> <span class='ocrx_word' id='word_1_114' title='bbox 1686 1330 1801 1384; x_wconf 85' lang='grc' dir='ltr'><em>πῶς</em></span> 
     </span>
     <span class='ocr_line' id='line_1_15' title="bbox 110 1406 1800 1479; baseline 0.001 -18"><span class='ocrx_word' id='word_1_115' title='bbox 110 1408 212 1478; x_wconf 86' lang='grc' dir='ltr'><em>οὐχ</em></span> <span class='ocrx_word' id='word_1_116' title='bbox 264 1409 647 1479; x_wconf 82' lang='grc' dir='ltr'><em>ὡμολογήκασι</em></span> <span class='ocrx_word' id='word_1_117' title='bbox 702 1409 996 1478; x_wconf 82' lang='grc' dir='ltr'><em>δευτέρους</em></span> <span class='ocrx_word' id='word_1_118' title='bbox 1045 1406 1202 1478; x_wconf 78' lang='grc' dir='ltr'><em>ἄγειν</em></span> <span class='ocrx_word' id='word_1_119' title='bbox 1254 1411 1383 1472; x_wconf 88' lang='grc' dir='ltr'><em>τοὺς</em></span> <span class='ocrx_word' id='word_1_120' title='bbox 1437 1411 1636 1472; x_wconf 87' lang='grc' dir='ltr'><em>παῖδας</em></span> <span class='ocrx_word' id='word_1_121' title='bbox 1687 1419 1800 1462; x_wconf 85' lang='grc' dir='ltr'><em>τῶν</em></span> 
     </span>
     <span class='ocr_line' id='line_1_16' title="bbox 111 1496 1864 1566; baseline 0.001 -16"><span class='ocrx_word' id='word_1_122' title='bbox 111 1498 400 1566; x_wconf 78' lang='grc' dir='ltr'><em>χρημάτων</em></span> <span class='ocrx_word' id='word_1_123' title='bbox 439 1506 546 1558; x_wconf 86' lang='grc' dir='ltr'><em>νῦν</em></span> <span class='ocrx_word' id='word_1_124' title='bbox 598 1499 909 1566; x_wconf 75' lang='grc' dir='ltr'><em>δοκιμάζειν</em></span> <span class='ocrx_word' id='word_1_125' title='bbox 960 1498 1240 1563; x_wconf 81' lang='grc' dir='ltr'><em>ἀξιοῦντες</em></span> <span class='ocrx_word' id='word_1_126' title='bbox 1285 1500 1414 1561; x_wconf 90' lang='grc' dir='ltr'><em>τοὺς</em></span> <span class='ocrx_word' id='word_1_127' title='bbox 1461 1499 1693 1566; x_wconf 82' lang='grc' dir='ltr'><em>ῥήτορας</em></span> <span class='ocrx_word' id='word_1_128' title='bbox 1739 1496 1800 1551; x_wconf 82' lang='grc' dir='ltr'><em>ἐν</em></span> <span class='ocrx_word' id='word_1_129' title='bbox 1823 1520 1864 1552; x_wconf 88' lang='lat'><em>15</em></span> 
     </span>
     <span class='ocr_line' id='line_1_17' title="bbox 110 1585 1796 1658; baseline 0.001 -20"><span class='ocrx_word' id='word_1_130' title='bbox 110 1593 174 1654; x_wconf 76' lang='grc' dir='ltr'><em>τῇ</em></span> <span class='ocrx_word' id='word_1_131' title='bbox 212 1585 337 1655; x_wconf 87' lang='grc' dir='ltr'><em>περὶ</em></span> <span class='ocrx_word' id='word_1_132' title='bbox 376 1595 476 1640; x_wconf 90' lang='grc' dir='ltr'><em>τοῦ</em></span> <span class='ocrx_word' id='word_1_133' title='bbox 517 1588 714 1641; x_wconf 90' lang='grc' dir='ltr'><em>δοῦναι</em></span> <span class='ocrx_word' id='word_1_134' title='bbox 753 1590 928 1658; x_wconf 75' lang='grc' dir='ltr'><em>βουλῇ</em></span> <span class='ocrx_word' id='word_1_135' title='bbox 969 1586 1234 1656; x_wconf 81' lang='grc' dir='ltr'><em>παρέντες</em></span> <span class='ocrx_word' id='word_1_136' title='bbox 1279 1589 1595 1654; x_wconf 80' lang='grc' dir='ltr'><em>βασανίζειν</em></span> <span class='ocrx_word' id='word_1_137' title='bbox 1634 1585 1696 1639; x_wconf 77' lang='grc' dir='ltr'><em>ἐν</em></span> <span class='ocrx_word' id='word_1_138' title='bbox 1732 1594 1796 1656; x_wconf 79' lang='grc' dir='ltr'><em>τῇ</em></span> 
     </span>
     <span class='ocr_line' id='line_1_18' title="bbox 109 1673 946 1746; baseline 0.004 -20"><span class='ocrx_word' id='word_1_139' title='bbox 109 1673 296 1738; x_wconf 83' lang='grc' dir='ltr'><em>σκέψει</em></span> <span class='ocrx_word' id='word_1_140' title='bbox 334 1683 398 1746; x_wconf 80' lang='grc' dir='ltr'><em>τῇ</em></span> <span class='ocrx_word' id='word_1_141' title='bbox 437 1676 562 1746; x_wconf 86' lang='grc' dir='ltr'><em>περὶ</em></span> <span class='ocrx_word' id='word_1_142' title='bbox 602 1685 713 1729; x_wconf 85' lang='grc' dir='ltr'><em>τῶν</em></span> <span class='ocrx_word' id='word_1_143' title='bbox 750 1675 946 1741; x_wconf 85' lang='grc' dir='ltr'><em>υῑέων;</em></span> 
     </span>
    </p>

    <p class='ocr_par' dir='ltr' id='par_1_5' title="bbox 106 1762 1881 2278">
     <span class='ocr_line' id='line_1_19' title="bbox 219 1762 1795 1837; baseline 0 -21"><span class='ocrx_word' id='word_1_144' title='bbox 219 1762 303 1816; x_wconf 81' lang='grc'><em>22.</em></span> <span class='ocrx_word' id='word_1_145' title='bbox 348 1762 520 1827; x_wconf 84' lang='grc' dir='ltr'><em>Ὅλως</em></span> <span class='ocrx_word' id='word_1_146' title='bbox 559 1765 619 1818; x_wconf 81' lang='grc' dir='ltr'><em>δὲ</em></span> <span class='ocrx_word' id='word_1_147' title='bbox 657 1764 719 1819; x_wconf 82' lang='grc' dir='ltr'><em>ἐν</em></span> <span class='ocrx_word' id='word_1_148' title='bbox 757 1772 834 1837; x_wconf 76' lang='grc' dir='ltr'><em>τῷ</em></span> <span class='ocrx_word' id='word_1_149' title='bbox 880 1766 1004 1834; x_wconf 84' lang='grc' dir='ltr'><em>περὶ</em></span> <span class='ocrx_word' id='word_1_150' title='bbox 1050 1773 1145 1833; x_wconf 79' lang='grc' dir='ltr'><em>τῆς</em></span> <span class='ocrx_word' id='word_1_151' title='bbox 1188 1773 1396 1834; x_wconf 79' lang='grc' dir='ltr'><em>τροφῆς</em></span> <span class='ocrx_word' id='word_1_152' title='bbox 1443 1766 1586 1835; x_wconf 81' lang='grc' dir='ltr'><em>λόγῳ</em></span> <span class='ocrx_word' id='word_1_153' title='bbox 1634 1771 1795 1816; x_wconf 91' lang='grc' dir='ltr'><em>τοῦτο</em></span> 
     </span>
     <span class='ocr_line' id='line_1_20' title="bbox 111 1850 1810 1924; baseline 0 -20"><span class='ocrx_word' id='word_1_154' title='bbox 111 1851 195 1904; x_wconf 88' lang='grc' dir='ltr'><em>δεῖ</em></span> <span class='ocrx_word' id='word_1_155' title='bbox 225 1862 469 1923; x_wconf 80' lang='grc' dir='ltr'><em>σκοπεῖν,</em></span> <span class='ocrx_word' id='word_1_156' title='bbox 507 1855 745 1924; x_wconf 88' lang='grc' dir='ltr'><em>πότερον</em></span> <span class='ocrx_word' id='word_1_157' title='bbox 777 1855 1090 1923; x_wconf 88' lang='grc' dir='ltr'><em>σύμμετρον</em></span> <span class='ocrx_word' id='word_1_158' title='bbox 1121 1854 1182 1907; x_wconf 89' lang='grc' dir='ltr'><em>τὸ</em></span> <span class='ocrx_word' id='word_1_159' title='bbox 1220 1850 1394 1906; x_wconf 77' lang='grc' dir='ltr'><em>δοθὲν</em></span> <span class='ocrx_word' id='word_1_160' title='bbox 1425 1852 1456 1921; x_wconf 77' lang='grc' dir='ltr'>ἢ</span> <span class='ocrx_word' id='word_1_161' title='bbox 1489 1859 1583 1920; x_wconf 82' lang='grc' dir='ltr'><em>τῆς</em></span> <span class='ocrx_word' id='word_1_162' title='bbox 1615 1853 1810 1921; x_wconf 59' lang='grc' dir='ltr'><em>χρείαςΥ</em></span> 
     </span>
     <span class='ocr_line' id='line_1_21' title="bbox 106 1935 1862 2013; baseline 0.002 -22"><span class='ocrx_word' id='word_1_163' title='bbox 106 1935 351 2009; x_wconf 79' lang='grc' dir='ltr'><em>ἔλαττον,</em></span> <span class='ocrx_word' id='word_1_164' title='bbox 396 1941 502 1996; x_wconf 74' lang='grc' dir='ltr'><em>κᾶν</em></span> <span class='ocrx_word' id='word_1_165' title='bbox 547 1939 650 2012; x_wconf 77' lang='grc' dir='ltr'><em>μὲν</em></span> <span class='ocrx_word' id='word_1_166' title='bbox 695 1942 956 2013; x_wconf 86' lang='grc' dir='ltr'><em>ἀποχρῶν</em></span> <span class='ocrx_word' id='word_1_167' title='bbox 994 1945 1281 2012; x_wconf 84' lang='grc' dir='ltr'><em>φαίνηται,</em></span> <span class='ocrx_word' id='word_1_168' title='bbox 1335 1943 1407 2010; x_wconf 88' lang='grc' dir='ltr'><em>μὴ</em></span> <span class='ocrx_word' id='word_1_169' title='bbox 1452 1940 1743 2009; x_wconf 86' lang='grc' dir='ltr'><em>προσέχειν</em></span> <span class='ocrx_word' id='word_1_170' title='bbox 1784 1940 1862 2010; x_wconf 74' lang='lat'><em>{20</em></span> 
     </span>
     <span class='ocr_line' id='line_1_22' title="bbox 107 2027 1881 2102; baseline 0.002 -22"><span class='ocrx_word' id='word_1_171' title='bbox 107 2035 182 2100; x_wconf 82' lang='grc' dir='ltr'><em>τῷ</em></span> <span class='ocrx_word' id='word_1_172' title='bbox 215 2032 471 2084; x_wconf 85' lang='grc' dir='ltr'><em>πείθοντι</em></span> <span class='ocrx_word' id='word_1_173' title='bbox 509 2033 634 2102; x_wconf 87' lang='grc' dir='ltr'><em>περὶ</em></span> <span class='ocrx_word' id='word_1_174' title='bbox 673 2039 774 2085; x_wconf 90' lang='grc' dir='ltr'><em>τοῦ</em></span> <span class='ocrx_word' id='word_1_175' title='bbox 812 2033 1084 2099; x_wconf 88' lang='grc' dir='ltr'><em>πλείονος,</em></span> <span class='ocrx_word' id='word_1_176' title='bbox 1125 2030 1194 2083; x_wconf 80' lang='grc' dir='ltr'><em>ἂν</em></span> <span class='ocrx_word' id='word_1_177' title='bbox 1234 2027 1294 2083; x_wconf 78' lang='grc' dir='ltr'><em>δὲ</em></span> <span class='ocrx_word' id='word_1_178' title='bbox 1336 2035 1520 2101; x_wconf 82' lang='grc' dir='ltr'><em>συχνῷ</em></span> <span class='ocrx_word' id='word_1_179' title='bbox 1553 2049 1627 2101; x_wconf 79' lang='grc' dir='ltr'><em>τῳ</em></span> <span class='ocrx_word' id='word_1_180' title='bbox 1679 2040 1881 2084; x_wconf 77' lang='lat' dir='ltr'>R11214</span> 
     </span>
     <span class='ocr_line' id='line_1_23' title="bbox 108 2118 1794 2190; baseline -0.001 -20"><span class='ocrx_word' id='word_1_181' title='bbox 108 2120 449 2187; x_wconf 77' lang='grc' dir='ltr'><em>λειπόμενον,</em></span> <span class='ocrx_word' id='word_1_182' title='bbox 496 2119 757 2190; x_wconf 90' lang='grc' dir='ltr'><em>δέχεσθαι</em></span> <span class='ocrx_word' id='word_1_183' title='bbox 795 2121 897 2189; x_wconf 91' lang='grc' dir='ltr'><em>τὴν</em></span> <span class='ocrx_word' id='word_1_184' title='bbox 935 2118 1060 2189; x_wconf 89' lang='grc' dir='ltr'><em>περὶ</em></span> <span class='ocrx_word' id='word_1_185' title='bbox 1099 2127 1194 2187; x_wconf 81' lang='grc' dir='ltr'><em>τῆς</em></span> <span class='ocrx_word' id='word_1_186' title='bbox 1239 2120 1563 2187; x_wconf 83' lang='grc' dir='ltr'><em>προσθήκης</em></span> <span class='ocrx_word' id='word_1_187' title='bbox 1599 2118 1794 2184; x_wconf 89' lang='grc' dir='ltr'><em>παραί-</em></span> 
     </span>
     <span class='ocr_line' id='line_1_24' title="bbox 108 2204 1793 2278; baseline -0.004 -14"><span class='ocrx_word' id='word_1_188' title='bbox 108 2220 280 2276; x_wconf 74' lang='grc' dir='ltr'><em>νεσιν,</em></span> <span class='ocrx_word' id='word_1_189' title='bbox 299 2205 416 2261; x_wconf 83' lang='grc' dir='ltr'><em>ἐπεὶ</em></span> <span class='ocrx_word' id='word_1_190' title='bbox 432 2207 684 2272; x_wconf 88' lang='grc' dir='ltr'><em>κάκεῖνος</em></span> <span class='ocrx_word' id='word_1_191' title='bbox 699 2206 838 2278; x_wconf 74' lang='grc' dir='ltr'><em>ὑπὲρ</em></span> <span class='ocrx_word' id='word_1_192' title='bbox 856 2216 957 2262; x_wconf 88' lang='grc' dir='ltr'><em>τοῦ</em></span> <span class='ocrx_word' id='word_1_193' title='bbox 975 2207 1278 2277; x_wconf 84' lang='grc' dir='ltr'><em>τρέφεσθαι</em></span> <span class='ocrx_word' id='word_1_194' title='bbox 1303 2208 1619 2276; x_wconf 87' lang='grc' dir='ltr'><em>πρεπόντως</em></span> <span class='ocrx_word' id='word_1_195' title='bbox 1643 2204 1793 2258; x_wconf 83' lang='grc' dir='ltr'><em>ἐλευ-</em></span> 
     </span>
    </p>

    <p class='ocr_par' dir='ltr' id='par_1_6' title="bbox 52 2294 1798 2368">
     <span class='ocr_line' id='line_1_25' title="bbox 52 2294 1798 2368; baseline 0.001 -21"><span class='ocrx_word' id='word_1_196' title='bbox 52 2349 53 2353; x_wconf 61' lang='grc'><em>,</em></span> <span class='ocrx_word' id='word_1_197' title='bbox 106 2294 256 2367; x_wconf 80' lang='grc' dir='ltr'><em>θέρῳ</em></span> <span class='ocrx_word' id='word_1_198' title='bbox 288 2296 349 2349; x_wconf 87' lang='grc' dir='ltr'><em>τὸ</em></span> <span class='ocrx_word' id='word_1_199' title='bbox 375 2299 582 2365; x_wconf 89' lang='grc' dir='ltr'><em>χωρίον</em></span> <span class='ocrx_word' id='word_1_200' title='bbox 611 2299 1081 2368; x_wconf 78' lang='grc' dir='ltr'><em>προσελάμβανεν.</em></span> <span class='ocrx_word' id='word_1_201' title='bbox 1129 2296 1195 2348; x_wconf 84' lang='grc' dir='ltr'><em>οὐ</em></span> <span class='ocrx_word' id='word_1_202' title='bbox 1220 2295 1413 2363; x_wconf 76' lang='grc' dir='ltr'><em>(γάρ),</em></span> <span class='ocrx_word' id='word_1_203' title='bbox 1442 2295 1515 2361; x_wconf 84' lang='grc' dir='ltr'><em>μὰ</em></span> <span class='ocrx_word' id='word_1_204' title='bbox 1540 2295 1667 2358; x_wconf 89' lang='grc' dir='ltr'><em>Δία,</em></span> <span class='ocrx_word' id='word_1_205' title='bbox 1699 2301 1798 2361; x_wconf 74' lang='grc' dir='ltr'><em>τῆς,</em></span> 
     </span>
    </p>
   </div>
   <div class='ocr_carea' id='block_1_5' title="bbox 107 2435 459 2444">
    <p class='ocr_par' dir='ltr' id='par_1_7' title="bbox 107 2435 459 2444">
     <span class='ocr_line' id='line_1_26' title="bbox 107 2435 459 2444; baseline 0 650"><span class='ocrx_word' id='word_1_206' title='bbox 107 2435 459 2444; x_wconf 95' lang='lat' dir='ltr'><em> </em></span> 
     </span>
    </p>
   </div>
   <div class='ocr_carea' id='block_1_6' title="bbox 225 2530 1198 2586">
    <p class='ocr_par' dir='ltr' id='par_1_8' title="bbox 225 2530 1198 2586">
     <span class='ocr_line' id='line_1_27' title="bbox 225 2530 1198 2586; baseline 0 -13"><span class='ocrx_word' id='word_1_207' title='bbox 225 2533 250 2572; x_wconf 83' lang='lat'>9</span> <span class='ocrx_word' id='word_1_208' title='bbox 282 2530 507 2574; x_wconf 75' lang='lat' dir='ltr'><strong>Thuc.v1</strong></span> <span class='ocrx_word' id='word_1_209' title='bbox 533 2536 646 2586; x_wconf 84' lang='lat'>11‚4</span> <span class='ocrx_word' id='word_1_210' title='bbox 771 2537 824 2575; x_wconf 87' lang='lat'><em>13</em></span> <span class='ocrx_word' id='word_1_211' title='bbox 858 2530 1198 2585; x_wconf 79' lang='lat' dir='ltr'><strong>Thuc.1135‚1</strong></span> 
     </span>
    </p>
   </div>
   <div class='ocr_carea' id='block_1_7' title="bbox 107 2658 459 2667">
    <p class='ocr_par' dir='ltr' id='par_1_9' title="bbox 107 2658 459 2667">
     <span class='ocr_line' id='line_1_28' title="bbox 107 2658 459 2667; baseline 0 427"><span class='ocrx_word' id='word_1_212' title='bbox 107 2658 459 2667; x_wconf 95' lang='lat' dir='ltr'><em> </em></span> 
     </span>
    </p>
   </div>
   <div class='ocr_carea' id='block_1_8' title="bbox 107 2748 1789 2987">
    <p class='ocr_par' dir='ltr' id='par_1_10' title="bbox 123 2748 1788 2802">
     <span class='ocr_line' id='line_1_29' title="bbox 123 2748 1788 2802; baseline -0.004 -7"><span class='ocrx_word' id='word_1_213' title='bbox 123 2766 128 2771; x_wconf 90' lang='lat'><strong>·</strong></span> <span class='ocrx_word' id='word_1_214' title='bbox 224 2756 249 2794; x_wconf 82' lang='lat'>2</span> <span class='ocrx_word' id='word_1_215' title='bbox 282 2753 499 2797; x_wconf 86' lang='grc' dir='ltr'><em>διατοῦτο</em></span> <span class='ocrx_word' id='word_1_216' title='bbox 524 2754 711 2798; x_wconf 87' lang='lat' dir='ltr'><em>BMoV</em></span> <span class='ocrx_word' id='word_1_217' title='bbox 842 2758 868 2796; x_wconf 89' lang='lat'>8</span> <span class='ocrx_word' id='word_1_218' title='bbox 900 2749 948 2795; x_wconf 87' lang='grc' dir='ltr'><em>δ’</em></span> <span class='ocrx_word' id='word_1_219' title='bbox 977 2752 1044 2795; x_wconf 82' lang='lat' dir='ltr'><em>Re</em></span> <span class='ocrx_word' id='word_1_220' title='bbox 1179 2754 1233 2793; x_wconf 85' lang='lat'><em>13</em></span> <span class='ocrx_word' id='word_1_221' title='bbox 1267 2749 1618 2798; x_wconf 77' lang='grc' dir='ltr'><em>κινδυνεύοντες</em></span> <span class='ocrx_word' id='word_1_222' title='bbox 1660 2748 1699 2790; x_wconf 71' lang='lat' dir='ltr'><em>V</em></span> <span class='ocrx_word' id='word_1_223' title='bbox 1724 2749 1788 2802; x_wconf 78' lang='lat' dir='ltr'><em>(et</em></span> 
     </span>
    </p>

    <p class='ocr_par' dir='ltr' id='par_1_11' title="bbox 107 2806 1730 2868">
     <span class='ocr_line' id='line_1_30' title="bbox 107 2806 1730 2868; baseline -0.002 -14"><span class='ocrx_word' id='word_1_224' title='bbox 107 2808 206 2858; x_wconf 82' lang='lat' dir='ltr'><em>Par</em></span> <span class='ocrx_word' id='word_1_225' title='bbox 250 2811 331 2854; x_wconf 85' lang='lat' dir='ltr'><em>sed</em></span> <span class='ocrx_word' id='word_1_226' title='bbox 369 2829 423 2868; x_wconf 79' lang='grc' dir='ltr'><em>γρ</em></span> <span class='ocrx_word' id='word_1_227' title='bbox 454 2812 835 2862; x_wconf 81' lang='grc' dir='ltr'><em>κινδυνεύσοντες</em></span> <span class='ocrx_word' id='word_1_228' title='bbox 879 2811 927 2854; x_wconf 91' lang='lat' dir='ltr'><em>in</em></span> <span class='ocrx_word' id='word_1_229' title='bbox 967 2813 1116 2867; x_wconf 85' lang='lat' dir='ltr'>marg)</span> <span class='ocrx_word' id='word_1_230' title='bbox 1300 2813 1352 2852; x_wconf 83' lang='lat'><em>18</em></span> <span class='ocrx_word' id='word_1_231' title='bbox 1398 2814 1479 2864; x_wconf 87' lang='grc' dir='ltr'><em>τῆς</em></span> <span class='ocrx_word' id='word_1_232' title='bbox 1520 2807 1643 2851; x_wconf 77' lang='lat' dir='ltr'><strong>inser</strong></span> <span class='ocrx_word' id='word_1_233' title='bbox 1674 2806 1730 2850; x_wconf 84' lang='lat'><em>1³</em></span> 
     </span>
    </p>

    <p class='ocr_par' dir='ltr' id='par_1_12' title="bbox 107 2864 1789 2987">
     <span class='ocr_line' id='line_1_31' title="bbox 107 2864 1789 2927; baseline -0.004 -13"><span class='ocrx_word' id='word_1_234' title='bbox 107 2871 159 2914; x_wconf 79' lang='lat'><em>21</em></span> <span class='ocrx_word' id='word_1_235' title='bbox 187 2868 379 2921; x_wconf 78' lang='grc' dir='ltr'><em>πλέονος</em></span> <span class='ocrx_word' id='word_1_236' title='bbox 404 2871 519 2916; x_wconf 82' lang='grc' dir='ltr'><em>ΟΑΙ</em></span> <span class='ocrx_word' id='word_1_237' title='bbox 544 2872 625 2916; x_wconf 79' lang='lat' dir='ltr'><em>sed</em></span> <span class='ocrx_word' id='word_1_238' title='bbox 648 2872 699 2915; x_wconf 88' lang='lat' dir='ltr'><em>in</em></span> <span class='ocrx_word' id='word_1_239' title='bbox 722 2871 810 2915; x_wconf 87' lang='lat' dir='ltr'><em>hoc</em></span> <span class='ocrx_word' id='word_1_240' title='bbox 836 2887 856 2914; x_wconf 86' lang='grc' dir='ltr'><em>ε</em></span> <span class='ocrx_word' id='word_1_241' title='bbox 880 2870 929 2912; x_wconf 90' lang='lat' dir='ltr'><em>in</em></span> <span class='ocrx_word' id='word_1_242' title='bbox 954 2885 993 2913; x_wconf 85' lang='grc' dir='ltr'><em>ει</em></span> <span class='ocrx_word' id='word_1_243' title='bbox 1026 2882 1127 2913; x_wconf 82' lang='lat' dir='ltr'>corr</span> <span class='ocrx_word' id='word_1_244' title='bbox 1147 2869 1216 2912; x_wconf 80' lang='lat' dir='ltr'><em>m⁸</em></span> <span class='ocrx_word' id='word_1_245' title='bbox 1243 2871 1249 2926; x_wconf 82' lang='grc' dir='ltr'>Ι</span> <span class='ocrx_word' id='word_1_246' title='bbox 1276 2871 1339 2927; x_wconf 83' lang='grc' dir='ltr'><em>τῷ</em></span> <span class='ocrx_word' id='word_1_247' title='bbox 1364 2867 1464 2910; x_wconf 86' lang='lat' dir='ltr'><em>Mor</em></span> <span class='ocrx_word' id='word_1_248' title='bbox 1495 2866 1575 2921; x_wconf 91' lang='lat' dir='ltr'><em>qui</em></span> <span class='ocrx_word' id='word_1_249' title='bbox 1607 2865 1658 2908; x_wconf 86' lang='grc' dir='ltr'><em>τὸ</em></span> <span class='ocrx_word' id='word_1_250' title='bbox 1684 2864 1789 2908; x_wconf 84' lang='lat' dir='ltr'>coni</span> 
     </span>
     <span class='ocr_line' id='line_1_32' title="bbox 167 2929 975 2987; baseline 0.004 -19"><span class='ocrx_word' id='word_1_251' title='bbox 167 2931 222 2970; x_wconf 76' lang='lat'><em>24</em></span> <span class='ocrx_word' id='word_1_252' title='bbox 252 2936 343 2972; x_wconf 85' lang='grc' dir='ltr'><em>τῶν</em></span> <span class='ocrx_word' id='word_1_253' title='bbox 374 2931 554 2986; x_wconf 88' lang='grc' dir='ltr'><em>χωρίων</em></span> <span class='ocrx_word' id='word_1_254' title='bbox 585 2931 620 2974; x_wconf 94' lang='grc' dir='ltr'><em>Ι</em></span> <span class='ocrx_word' id='word_1_255' title='bbox 648 2932 654 2987; x_wconf 83' lang='grc' dir='ltr'>Ι</span> <span class='ocrx_word' id='word_1_256' title='bbox 682 2929 769 2987; x_wconf 76' lang='grc' dir='ltr'><em>γάρ</em></span> <span class='ocrx_word' id='word_1_257' title='bbox 801 2930 975 2973; x_wconf 85' lang='lat' dir='ltr'>inserui</span> 
     </span>
    </p>
   </div>
  </div>
 </body>
</html>
