1992 3094
207 129 324 180 ‘130
701 125 949 170 'LIBANII
981 125 1204 170 ORATIO
1236 125 1384 169 XXXI

206 265 299 317 Ιὅτι
353 264 528 331 πατὴρ
587 262 708 324 ἑνός
763 261 880 315 ἐστι
935 261 1149 330 τέκνου,
1203 265 1566 330 μακαρίζεται,
1619 267 1694 333 τῷ
1752 258 1811 314 δὲ
1865 262 1896 331 ἡ

209 354 553 406 πολυπαιδιά
594 352 912 420 δυστύχημα
960 350 1224 418 κέκριται,
1275 351 1374 403 τὸν
1421 351 1482 403 δὲ
1522 351 1899 419 φυλάττεσθαι

215 443 298 494 δεῖ
335 443 406 509 μὴ
454 441 590 510 πρὸς
635 442 696 493 τὸ
745 439 879 492 αὐτὸ
926 448 1132 507 πεσεῖν,
1187 438 1215 491 ὁ
1264 439 1325 492 δὲ
1371 446 1512 492 νοῦν
1559 441 1704 508 ἔχειν
1750 440 1900 492 δοκεῖ

214 531 474 592 δεδοικὼς
528 530 719 597 γάμον.
800 529 882 581 12.
937 527 1027 581 καὶ
1072 530 1344 598 πρότερον
1397 524 1498 595 μὲν
1548 529 1607 581 oc
1650 529 1716 580 τὰ
1763 527 1900 580 αὐτὰ

139 639 188 671 -5
213 619 427 680 τούτοις
467 618 821 680 διδάσκοντες
859 618 996 685 πρὸς
1036 618 1101 669 τὰ
1141 616 1547 686 ἀργυροκοπεῖα
1584 614 1900 688 προσῄεσαν

213 706 547 768 ἑκδώσοντες
587 707 752 774 σκεύη
793 704 883 758 καὶ
923 707 988 758 τὰ
1019 707 1195 758 πολλὰ
1228 704 1541 774 διελέγοντο
1573 714 1687 768 τοῖς
1718 704 1900 759 ἐκεῖνα

212 796 651 864 δημιουργοῦσιν
696 794 1117 863 ἢμεμφόμενοι
1162 794 1222 846 τὸ
1270 794 1507 862 ποιηθὲν
1555 793 1588 862 ἢ
1639 795 1900 864 παραδει-

210 885 439 946 κνύντες
483 903 535 936 τι
574 883 802 936 κάλλιον
846 882 880 951 ἢ
919 883 1081 951 τάχος
1120 883 1475 946 ἐπαινοῦντες
1522 883 1553 951 ἢ
1601 883 1900 952 μέλλοντας

211 971 650 1042 ἐπισπέρχοντες,
701 972 919 1035 τούτοις
966 970 1028 1025 δὲ
1067 973 1118 1024 οἱ
1157 970 1354 1024 πολλοὶ
1400 981 1512 1024 τῶν
1558 973 1756 1039 λόγων,
1807 974 1903 1024 καί

145 1082 187 1114 10
209 1081 302 1130 μοι
340 1059 529 1130 μηδεὶς
567 1059 876 1129 ἀπιστείτω,
922 1061 1059 1130 πρὸς
1098 1060 1447 1130 ἀρτοπόπους
1494 1060 1559 1113 οὐ
1608 1069 1764 1114 σῖτον
1803 1062 1898 1114 αὐ-

209 1159 324 1212 τοῖς
378 1150 703 1218 ὀφείλοντας
757 1146 888 1202 οὐδὲ
936 1149 1208 1219 ἀργύριον
1262 1148 1722 1216 ἀπαιτουμένους,
1774 1148 1893 1202 ἀλλ’

210 1232 291 1300 οἷς
330 1237 488 1292 αὐτοὶ
529 1247 686 1291 σῖτον
725 1237 1042 1306 ὀφείλοντες
1073 1237 1170 1291 ’ἀεὶ
1217 1234 1319 1304 μὲν
1357 1237 1669 1291 ἀποδώσειν
1708 1238 1897 1307 λέγου-

210 1341 317 1395 σιν,
365 1325 447 1379 ἀεὶ
487 1327 548 1379 δὲ
585 1330 923 1397 προσλαβεῖν
961 1326 1182 1380 δέονται
1227 1327 1316 1379 καὶ
1365 1327 1529 1379 δυοῖν
1574 1335 1695 1380 τοῖν
1742 1328 1898 1381 ε’ναν-

208 1417 352 1468 τίοιν
407 1419 835 1484 πολιορκοῦνται
896 1417 1026 1477 τοὺς
1087 1415 1290 1477 αὐτοὺς
1348 1412 1753 1485 ἠναγκασμένοι
1806 1417 1897 1470 καὶ

143 1525 183 1557 15
210 1504 440 1571 φεύγειν
492 1502 583 1556 καὶ
635 1504 869 1556 διώκειν.
947 1505 1020 1566 ὡς
1073 1500 1175 1570 μὲν
1229 1505 1333 1573 γὰρ
1390 1504 1709 1573 ὀφείλοντες
1762 1507 1896 1574 φεύ-

210 1606 422 1659 γουσιν,
476 1592 548 1654 ὡς
588 1592 649 1645 δὲ
686 1590 975 1663 χρῄζοντες
1016 1593 1282 1645 διώκουσι
1336 1591 1427 1645 καὶ
1467 1595 1608 1646 διότι
1653 1590 1756 1663 μὲν
1795 1595 1897 1647 οὐκ

210 1680 486 1733 ἀπέδοσαν
526 1681 898 1749 αἰσχύνονται,
938 1689 1032 1748 τῆς
1072 1682 1305 1750 γαστρὸς
1343 1678 1404 1734 δὲ
1437 1680 1763 1751 ἐπειγούσης
1801 1682 1894 1735 ἀν-

120 1782 161 1823 R
183 1781 328 1824 11210
359 1768 729 1837 τιβλέπουσιν.
793 1768 968 1822 ἔπειθ’
1002 1769 1144 1850 ὅτανρ
1173 1771 1234 1822 τὸ
1274 1766 1376 1836 μὲν
1406 1770 1564 1839 χρέος
1595 1771 1681 1823 ἐπὶ
1719 1770 1724 1842 Ι
1759 1770 1895 1840 μέγα

207 1860 410 1928 προβῇ,
462 1859 523 1911 τὸ
564 1855 625 1910 δὲ
664 1859 765 1926 τὴν
804 1857 1074 1910 ἀπόδοσιν
1119 1866 1355 1926 ποιῆσον
1399 1860 1724 1927 μηδαμόθεν
1769 1863 1896 1928 φαί-

327 2074 352 2111 ὃ
385 2068 514 2112 Dem.
535 2083 624 2113 cor.
650 2085 694 2125 p.
715 2074 814 2124 268,
834 2074 882 2125 9;
916 2085 952 2114 c.
972 2070 1084 2114 Mid,
1105 2075 1273 2126 521‚29
1410 2075 1434 2114 6
1469 2071 1525 2116 ef.
1551 2086 1595 2127 p.
1616 2076 1752 2127 55,16
1767 2087 1834 2128 sq.

209 2134 234 2170 9
269 2128 375 2171 Luc.
403 2127 535 2172 Char.
562 2135 586 2183 g
605 2134 658 2171 17

329 2331 382 2370 10
409 2326 732 2382 ἀρτοπόπος
755 2328 941 2373 κάλλιον
958 2327 1105 2386 λέγειν
1124 2326 1477 2384 ἢάρτοποιὸς
1501 2329 1581 2373 καὶ
1599 2327 1894 2380 σιτοποιός

210 2385 278 2429 B²
309 2386 366 2429 cf.
394 2386 533 2430 schol.
568 2387 628 2430 ad
658 2402 704 2443 p.
731 2391 801 2442 65,
823 2392 875 2431 19

327 2598 352 2635 4
385 2593 550 2642 δεδι-ὼς
582 2593 626 2636 V
661 2594 666 2649 Ι
706 2592 789 2650 μὲν
821 2594 869 2637 in
894 2607 1028 2651 marg
1058 2594 1182 2638 inser
1205 2594 1274 2637 A2
1424 2599 1448 2637 6
1481 2593 1685 2638 ταπολλά
1720 2595 1763 2638 V
1787 2596 1834 2638 et
1865 2607 1890 2637 e

207 2668 263 2693 τα
295 2653 439 2695 πολλὰ
472 2665 573 2695 corr
595 2651 653 2694 1⁸
820 2658 842 2695 7
875 2653 1094 2709 πωληθὲν
1125 2653 1227 2696 Mor
1258 2653 1340 2696 sed
1371 2670 1425 2710 γρ
1449 2652 1654 2710 ποιηθὲν
1685 2654 1734 2696 in
1758 2666 1891 2710 marg

267 2759 292 2796 8
325 2752 367 2797 τί
390 2755 554 2799 IBMo
615 2727 672 2799 τὸι
694 2756 736 2798 V
851 2759 906 2799 10
938 2754 1235 2811 ἀρτοπόπους
1259 2757 1303 2800 V
1327 2756 1409 2799 sed
1440 2772 1474 2800 π
1498 2758 1559 2813 (1)
1593 2770 1618 2800 e
1641 2773 1669 2800 κ
1701 2770 1814 2811 corr,
1846 2757 1894 2800 P

208 2813 288 2856 sed.
319 2828 353 2855 π
384 2813 433 2855 in
457 2827 532 2856 ras
557 2813 638 2869 m2,
671 2815 706 2857 Ι
732 2815 812 2858 sed
844 2830 878 2858 π
908 2814 957 2857 in
981 2829 1056 2858 ras
1081 2815 1150 2858 m³
1210 2813 1498 2869 ἀρτοκόπους
1527 2815 1630 2858 Mor
1660 2815 1716 2858 cf.
1746 2818 1888 2869 131‚3

207 2873 254 2913 ot
285 2872 344 2914 ad
375 2887 421 2927 p.
448 2877 517 2926 65,
538 2877 590 2915 19
760 2879 811 2916 11
845 2873 1059 2931 ἄργυρονΙ
1083 2875 1126 2918 V
1286 2878 1339 2916 13
1372 2873 1729 2918 ἐναντιωτάτων
1760 2873 1828 2917 Re

210 2934 261 2972 16
293 2929 534 2986 χρήζοντες
564 2932 728 2975 ΙΒῙΙΙΟ
991 2949 994 2953 ·
