1992 3094
379 105 607 149 LIBANII
638 104 863 150 ORATIO
896 104 1142 150 CONTRA
1175 105 1489 149 SILVANUM
1670 105 1777 158 257

88 243 296 311 πατὴρ
335 240 551 311 πρᾴως
597 239 821 310 φέρεις
866 249 1003 303 τοῖς
1050 239 1487 309 βουλομένοις
1525 241 1642 307 μὲν
1680 239 1779 294 ἑκ-

91 333 323 393 δόντος
359 331 476 398 τὴν
516 327 753 383 ἑαυτοῦ
799 332 1096 398 νεότητα,
1148 329 1464 399 λήξαντος
1511 326 1579 383 δὲ
1627 330 1781 383 οὐδὲ

90 427 235 488 νῦν,
291 417 529 488 ἑτέρων
580 415 648 471 δὲ
701 419 938 481 παῖδας
992 419 1085 480 εἰς
1137 418 1337 471 ταύτὰ
1390 422 1779 472 καταποντί-

90 522 351 575 σαντος,
398 506 464 560 ἐκ
505 503 573 559 δὲ
613 506 998 576 ἀμφοτέρων
1037 508 1287 560 τούτων
1327 506 1650 577 ἀργύριον
1688 509 1781 570 εἰς

89 598 205 665 τὴν
257 597 376 666 σὴν
437 596 655 649 οἰκίαν
717 597 1081 665 εἰσηχότος;
1144 595 1259 649 οὐκ
1321 594 1642 665 ἑκβαλεῖςς
1706 596 1779 650 οὐ
1829 618 1848 650 5

88 687 244 755 μετὰ
275 689 559 753 πληγῶν;
601 684 675 737 οὐ
707 685 863 751 μετὰ
900 684 1356 754 τραυμάτωνῆ
1387 687 1515 752 καί,
1546 686 1622 754 νὴ
1654 686 1780 738 Δία

91 794 185 843 γε,
231 775 682 843 δικαστηρίου;
737 772 819 825 10.
869 768 1031 835 οὗτος
1078 770 1139 826 δὲ
1185 781 1356 826 ταῦτα
1401 773 1622 828 ἀκούων
1667 772 1781 827 ἐπι-

90 866 315 932 σχήσειν
362 863 464 929 μὲν
501 859 745 931 ἔφασκεν
792 861 978 930 αὐτόν,
1034 867 1119 914 εἴα
1166 858 1226 914 δὲ
1274 856 1416 915 εἷναι
1468 863 1567 916 τὸν
1613 862 1783 915 αὐτὸν

91 950 182 1005 καὶ
222 955 317 1021 ζῆν
357 950 418 1004 ἐν
458 956 600 1013 ἴσοις
637 951 727 1003 καὶ
770 950 1072 1019 λαμβάνειν
1112 950 1274 1019 ὅμοια
1316 950 1407 1003 καὶ
1446 951 1710 1019 βλάπτειν
1749 951 1782 1004 ἃ

91 1042 380 1110 πρότερον,
419 1040 481 1092 τὸ
522 1038 694 1093 πλέον
734 1039 895 1102 εἰδὼς
924 1047 1021 1108 τῆς
1053 1037 1275 1103 ἀδοξίας
1315 1038 1396 1092 ἐπ’
1428 1036 1520 1109 ἐμὲ
1559 1041 1782 1109 βαδιού-
1810 1062 1851 1094 ιο

89 1149 261 1197 μενον
300 1129 393 1181 διὰ
430 1128 492 1181 τὸ
533 1129 720 1182 δοκεῖν
759 1126 896 1197 ἐμὴν
935 1121 1076 1181 εἶναι
1112 1129 1216 1197 τὴν
1247 1128 1438 1198 ἀρχήν,
1479 1130 1526 1182 εἰ
1564 1129 1655 1181 καὶ
1693 1129 1783 1181 τά-

92 1218 261 1286 ληθὲς
300 1216 498 1287 ἑτέρως
535 1214 664 1286 ἔχοι.
735 1225 836 1270 τοῦ
877 1214 939 1269 δὲ
977 1218 1045 1270 τὰ
1093 1224 1193 1270 τοῦ
1232 1218 1429 1280 παιδὸς
1475 1217 1679 1270 εἰδέναι
1727 1236 1782 1270 τε

0 1336 1 1356 ÷
90 1308 192 1360 τὸν
231 1305 436 1375 πατέρα
485 1306 577 1359 καὶ
616 1304 864 1359 ἐπαινεῖν
910 1306 1093 1359 εἰδότα
1138 1305 1398 1374 μέγιστον
1443 1304 1620 1359 ἐκεῖνο
1667 1325 1784 1359 τεκ-

89 1398 304 1464 μήριον.
398 1396 479 1447 11.
540 1399 828 1464 προσῆλθε
881 1391 1075 1468 πρῴην
1128 1393 1239 1447 τινὶ
1293 1403 1406 1447 τῶν
1456 1398 1641 1448 καλῶν
1692 1395 1782 1449 καὶ

91 1482 344 1554 ἐπειρᾶτο
384 1486 620 1551 πείθειν,
659 1482 689 1536 ὁ
723 1484 784 1536 δὲ
815 1483 1180 1552 ἀπεπήδησεν.
1243 1479 1407 1546 οὗτος
1438 1480 1500 1536 δὲ
1532 1484 1785 1538 ἐπελθὼν
1810 1505 1850 1538 1⁵

93 1565 241 1626 εἷλκέ
298 1592 355 1626 τε
418 1574 719 1642 λαβόμενος
780 1571 870 1625 καὶ
935 1572 1175 1636 ἐπάταξε.
1266 1582 1378 1626 τῶν
1430 1573 1498 1642 δὴ
1554 1580 1629 1646 τῷ
1677 1573 1783 1645 νέῳ

93 1670 382 1730 συγγενῶν
420 1660 758 1731 πυθομένων
797 1662 899 1730 τὴν
937 1664 1145 1731 τόλμαν
1189 1660 1280 1715 καὶ
1320 1663 1500 1716 ὄντων
1540 1663 1785 1731 ἰσχυρῶν

90 1769 150 1803 τε
187 1751 278 1803 καὶ
318 1750 420 1803 οὐκ
468 1750 675 1818 ὀλίγων
718 1750 1098 1819 περιστάντων
1143 1769 1201 1803 τε
1238 1749 1330 1803 καὶ
1375 1758 1494 1812 ταῖς
1542 1748 1733 1819 χερσὶν
1775 1748 1780 1821 Ι

90 1837 173 1891 ἐπ’
206 1838 376 1892 αὐτὸν
423 1838 782 1909 χρησαμένων
827 1839 1029 1906 μαθὼν
1077 1839 1106 1892 ὁ
1154 1840 1388 1908 χρηστὸς
1433 1841 1609 1908 πατὴρ
1665 1851 1706 1894 R.
1729 1850 1872 1894 [1347

91 1928 220 1980 οὔτε
266 1928 480 1980 τούτων
525 1929 855 1996 κατεβόησεν
901 1927 974 1990 ὡς
1012 1927 1359 1981 ἀδικούντων
1406 1928 1533 1980 οὔτε
1572 1926 1785 1981 ἐκεῖνον
1810 1948 1852 1980 20

91 2014 357 2069 ἐκόλασεν
395 2017 469 2079 ὡς
509 2015 595 2069 ε’πὶ
633 2025 900 2085 πονηροῖς
931 2019 1126 2084 ἔργοις.
1195 2018 1372 2069 καίτοι
1410 2023 1550 2085 χρῆν
1586 2014 1620 2082 ἢ
1658 2015 1784 2068 τού-

94 2125 206 2157 των
243 2113 572 2174 κατηγορεῖν
611 2105 684 2167 ὡς
724 2104 811 2157 ἐπὶ
851 2108 1086 2173 πληγαῖς
1125 2105 1191 2157 οὐ
1225 2106 1462 2166 δικαίαις
1499 2104 1531 2173 ἢ
1563 2119 1785 2172 προστι-

91 2191 259 2246 θέναι
311 2200 376 2263 τῇ
430 2194 578 2262 παρὰ
630 2194 845 2247 τούτων
900 2194 1024 2264 δίκῃ
1072 2194 1174 2261 τὴν
1219 2194 1367 2270 παρὰ
1417 2199 1518 2245 τοῦ
1564 2194 1784 2261 πατρός.

99 2281 181 2333 12.
236 2289 343 2334 νῦν
389 2278 450 2334 δὲ
496 2291 611 2344 τοῖς
656 2279 757 2349 μὲν
804 2282 971 2335 οὐδὲν
1026 2280 1316 2350 ἐμέμψατο,
1370 2281 1469 2333 τὸν
1516 2281 1577 2333 δὲ
1622 2299 1784 2349 παρε-

92 2373 382 2439 μυθήσατο
423 2371 522 2423 τὸν
562 2369 623 2424 ἐν
662 2371 854 2433 αὐταῖς
899 2378 1018 2433 ταῖς
1055 2373 1288 2438 πληγαῖς
1333 2368 1448 2422 κατ’
1480 2369 1614 2436 ε’μοῦ
1653 2373 1783 2422 πολ-
1810 2391 1853 2423 85
1905 2371 1912 2378 ⁸

94 2459 193 2520 λάς
231 2461 579 2528 βλασφημίας
626 2457 834 2526 ἀφέντα
879 2466 979 2511 τοῦ
1019 2455 1193 2527 μηδὲν
1238 2467 1349 2511 τῶν
1394 2456 1785 2525 πραττομένων

217 2681 239 2719 1
265 2676 426 2732 πράως
449 2678 567 2721 ΡΙΒ
689 2684 714 2722 3
742 2677 890 2721 ταύτὰ
913 2677 981 2721 Re
1041 2684 1188 2721 ταῦτα
1212 2676 1320 2719 libri
1345 2677 1478 2734 Bong
1592 2683 1617 2720 ὃ
1652 2676 1782 2733 ἐγκα-

92 2736 188 2786 λεῖς
211 2736 245 2779 Ι
261 2735 394 2793 Bong
507 2740 534 2779 8
559 2737 703 2781 αὑτὸν
729 2739 788 2793 (1)
815 2738 889 2780 Ρα
1004 2741 1058 2779 12
1085 2735 1175 2793 ἔχει
1202 2737 1291 2781 GV
1403 2740 1456 2779 14
1481 2737 1641 2792 πρώην
1666 2737 1784 2780 ΡΙΒ

160 2798 213 2837 16
244 2801 326 2838 τοῦ
357 2793 466 2839 νέου
497 2797 572 2840 Ρα
603 2797 654 2839 ab
684 2795 741 2839 cf.
767 2799 800 2839 t.
826 2795 869 2838 H
893 2800 1059 2851 451‚17
1078 2795 1119 2838 R
1309 2799 1362 2838 19
1393 2794 1534 2845 καλὸς
1565 2795 1697 2852 Bong

92 2856 152 2894 21
187 2851 323 2897 ἐκόλα
399 2867 477 2897 σεν
509 2867 614 2897 cum
644 2868 719 2898 ras
746 2860 778 2898 -3
810 2854 890 2899 litt
922 2855 966 2899 V
1175 2858 1231 2897 23
1263 2857 1392 2908 παρὰ
1423 2855 1484 2910 (1)
1518 2868 1592 2897 om
1627 2854 1791 2898 CPaV

159 2915 214 2954 24
245 2927 327 2955 τον
359 2914 404 2956 Ρ
433 2912 515 2956 sed
538 2912 548 2927 ¹
592 2913 685 2956 add
716 2913 787 2957 m⁸

187 2993 384 3026 Laurus
408 2994 465 3026 ed.
490 2994 728 3028 Foenter.
766 2995 839 3027 ΠΙ.
1463 2990 1514 3030 17
