1992 3094
30 2830 36 2857 *τ
28 2589 50 2792 mu.»-
33 2550 43 2575 ὦ
30 2507 31 2510 Α

488 102 718 147 LIBANII
749 102 973 149 ORATIO
1005 104 1086 148 DE
1116 104 1498 151 PATROCINHS
1730 108 1838 160 415

146 238 208 291 τὸ
267 237 330 290 δὲ
382 239 531 307 παρὰ
583 240 797 293 τούτων
859 241 928 293 οὐ
982 242 1153 295 καλὸν
1212 241 1301 295 καὶ
1357 250 1527 296 ταῦτα
1583 248 1706 296 ἴσον
1759 245 1839 297 ὅν.

146 324 262 380 ἔστι
311 325 358 380 δ’
400 327 500 396 οὐχ
548 327 743 394 ὅμοιον
785 331 916 392 τοὺς
962 331 1231 393 δεσπότας
1277 328 1416 400 ὑπὲρ
1463 341 1575 385 τῶν
1621 330 1838 400 ἐργαζο-

147 415 332 485 μένων
370 417 570 470 δοῦναι
609 426 724 480 τοῖς
755 418 1086 487 δυναμένοις
1116 419 1149 487 ἢ
1182 422 1312 483 τοὺς
1345 419 1574 488 ἐργάτας
1606 420 1694 474 ἐπὶ
1726 431 1839 484 τοῖς

148 505 452 567 δεσπόταις.
528 507 590 559 τὸ
638 503 740 574 μὲν
787 508 891 577 γὰρ
939 510 1155 575 βεβαιοῖ
1196 510 1262 561 τὰ
1308 510 1441 562 ὄντα
1479 519 1595 572 τοῖς
1632 506 1838 578 ἔχουσι,

146 595 207 646 τὸ
242 592 292 646 δ’
323 594 426 647 οὐκ
457 592 520 664 ἑᾷ
557 600 797 664 θαρρεῖν
825 597 901 658 ὡς
941 595 1030 649 ἐπὶ
1070 602 1318 666 σαθροῖς.
1397 598 1480 651 23.
1533 600 1612 651 ἔτι
1643 600 1839 651 τοίνυν
1885 619 1904 651 5

147 684 263 735 ἔστι
308 681 435 751 παρ’
476 682 579 735 οὐκ
625 683 834 752 ὀλίγοις
873 686 1086 738 τούτων
1131 687 1220 738 καὶ
1267 687 1328 739 τὸ
1377 687 1658 739 δύνασθαι
1704 685 1830 756 παρ’

147 770 279 824 ὅτου
319 769 410 824 καὶ
457 773 517 824 τὸ
565 775 803 841 βοηθεῖν
848 775 1034 836 ἄλλοις
1081 777 1209 827 ἔστι.
1286 785 1399 837 πῶς
1439 771 1542 828 οὖν
1583 776 1684 844 οὐχ
1725 777 1839 828 ἰκα-

147 860 249 913 νὸν
289 860 498 928 αὐτοῖς,
546 866 758 929 μᾶλλον
799 859 859 915 δὲ
898 863 986 915 καὶ
1034 864 1252 926 τούτοις
1289 862 1380 916 καὶ
1420 874 1535 927 τοῖς
1574 866 1786 917 τούτων
1829 862 1833 934 1

146 949 463 1018 πράγμασιν
497 950 737 1020 [ἱκανὸν]
760 953 826 1004 ὀἱ
857 951 1150 1021 στρατηγοὶ
1183 954 1448 1021 κτώμενοι
1482 952 1553 1005 δι’
1594 953 1689 1006 αὑ·
1724 966 1761 1008 R
1781 965 1925 1009 11516

147 1047 259 1091 τῶν
304 1039 406 1107 τὴν
451 1039 796 1104 πλεονεξίαν;
853 1043 904 1093 εἰ
955 1043 1059 1110 γὰρ
1115 1043 1182 1110 δὴ
1238 1043 1331 1094 διὰ
1378 1052 1489 1094 τῶν
1536 1043 1836 1110 δεσποτῶν,
1863 1064 1905 1096 ιο

148 1125 271 1196 οὐχὶ
319 1126 409 1180 καὶ
456 1127 572 1181 κατ’
612 1130 798 1182 αὐτῶν
843 1131 910 1182 τὰ
956 1130 1140 1183 αὐτῶν
1185 1129 1327 1193 ἕξειν
1373 1130 1564 1203 ᾤοντο.
1641 1133 1839 1198 βουλο-

147 1215 333 1282 μένοις
365 1215 415 1269 δ’
445 1214 515 1286 ἦν
544 1219 682 1271 κατὰ
712 1220 961 1286 πρώτων,
998 1221 1181 1271 ἔπειτα
1213 1218 1339 1271 καθ’
1373 1218 1574 1287 ἑτέρων
1605 1222 1838 1289 μυρίων,

147 1299 295 1368 ὅπως
327 1304 467 1375 ἐξείη
509 1307 651 1376 δρᾶν
684 1306 717 1359 ἃ
748 1310 1020 1376 πρότερον
1051 1309 1303 1376 διῆλθον.
1374 1309 1467 1361 διὰ
1505 1316 1668 1361 τοῦτο
1708 1311 1838 1371 τοὺς

145 1396 247 1463 τὴν
286 1397 460 1464 καλὴν
497 1395 623 1465 μέν,
671 1397 883 1449 ἄοπλον
923 1394 983 1449 δὲ
1025 1396 1388 1464 κεκτημένους
1427 1398 1668 1466 δύναμιν
1706 1397 1838 1450 οὐδὲ

148 1486 244 1551 ζῆν
283 1486 618 1553 νομίζουσιν.
1862 1507 1906 1540 15

259 1572 344 1625 24.
415 1574 630 1628 Οὐδὲν
682 1577 932 1639 δεινόν,
989 1577 1148 1644 φησί,
1201 1578 1605 1643 προσλαβεῖν
1650 1576 1837 1642 κηδε-

146 1663 365 1730 μόνας.
442 1664 531 1716 καὶ
571 1666 682 1732 μὴν
721 1665 788 1717 οὐ
831 1663 978 1717 τοῦτ’
1017 1665 1153 1730 <ὂν>
1194 1663 1255 1717 ἐν
1294 1670 1367 1736 τῷ
1407 1665 1551 1734 λόγῳ
1591 1670 1666 1735 τῷ
1713 1661 1837 1732 περὶ

146 1759 259 1803 τῶν
306 1752 535 1804 οἰκετῶν
586 1752 884 1806 ἐδείκνυτο.
961 1753 1126 1806 ταύτὸ
1175 1753 1239 1805 δέ
1281 1772 1374 1822 μοι
1421 1753 1511 1805 καὶ
1557 1753 1681 1821 περὶ
1726 1762 1838 1805 τῶν

147 1849 410 1910 γεωργῶν
442 1842 699 1911 εἰρήσθω.
755 1843 846 1895 καὶ
878 1843 979 1909 γὰρ
1014 1843 1062 1895 εἰ
1087 1844 1213 1894 λίαν
1244 1837 1322 1894 ὧν
1354 1842 1495 1894 εἰσιν
1526 1838 1837 1912 ἀφῄρηνται

147 1929 294 1998 παρὰ
325 1937 424 1982 τοῦ
456 1935 596 1983 θεοῦ
629 1931 689 1983 τὸ
723 1931 1021 1996 δύνασθαι,
1053 1930 1273 1997 βέλτιον
1304 1934 1400 1998 ζῆν
1431 1928 1493 1982 ἐν
1523 1938 1587 1999 τῇ
1624 1928 1838 1983 ’κείνων
1861 1950 1908 1982 801

149 2016 410 2089 ἀσθενείᾳ
442 2019 530 2072 καὶ
563 2019 859 2088 ἀνέχεσθαι
891 2027 984 2087 τῆς
1016 2020 1181 2088 τύχης
1213 2018 1244 2086 ἢ
1278 2019 1539 2086 τοιαύτην
1569 2018 1838 2071 ὠνεῖσθαι

269 2183 323 2222 14
358 2178 414 2222 cf.
443 2178 551 2223 Cod.
578 2179 752 2223 Theod.
779 2179 863 2222 XII
890 2184 929 2235 1,
950 2184 1033 2222 128
1158 2183 1210 2221 17
1245 2178 1301 2222 ef.
1327 2194 1368 2234 p.
1392 2183 1528 2231 414‚5
1547 2192 1612 2234 sq.

269 2332 290 2370 1
326 2326 429 2372 ἴσον
461 2329 507 2372 Ρ
536 2328 617 2372 sed
651 2325 663 2341 ‘
694 2340 718 2370 e
743 2330 762 2340 ”
797 2341 899 2371 corr
928 2326 998 2369 m'
1148 2330 1172 2368 2
1207 2324 1258 2370 δὲ
1290 2326 1422 2369 ΙΒΜ
1457 2325 1523 2369 Re
1675 2330 1701 2368 3
1735 2324 1761 2381 ἢ
1795 2328 1841 2370 Ρ

149 2381 267 2430 sed*¹
292 2386 342 2430 in
364 2400 441 2430 ras
463 2386 534 2430 m²
648 2392 674 2430 4
698 2387 807 2438 τοὺς
830 2384 1058 2437 δεσπότας
1082 2386 1155 2428 IB
1177 2387 1180 2443 ἶ
1200 2391 1298 2434 τοῖς
1321 2399 1395 2428 om
1420 2385 1453 2427 Ι
1569 2390 1594 2428 5
1619 2384 1670 2427 τὸ
1696 2382 1741 2428 δ’
1771 2384 1837 2428 Re
1890 2387 1895 2391 “

206 2443 260 2490 τό
285 2442 332 2491 δ’
361 2445 471 2489 libri
496 2445 588 2490 Got
711 2451 732 2489 7
768 2446 850 2502 οὐχ
880 2444 1045 2489 ἱκανὸν
1070 2445 1138 2487 Re
1199 2444 1302 2501 οὐχὶ
1334 2441 1423 2487 κᾶν
1452 2443 1579 2488 ΟΛΡ
1600 2442 1691 2486 Got
1752 2444 1839 2487 οὐκ

148 2500 209 2548 ἂν
239 2505 379 2550 ΙΒΜ
542 2509 566 2547 9
601 2504 766 2549 ἱκανὸν
799 2503 1053 2548 cancellavi
1086 2504 1275 2547 auctore
1307 2501 1479 2546 Cobeto
1512 2502 1640 2545 Misc.
1670 2506 1753 2546 164
1786 2504 1839 2546 ut

149 2564 525 2608 emendationem
564 2564 612 2607 in
651 2563 861 2620 margine
901 2563 961 2606 ad
1002 2562 1280 2606 antecedens
1321 2562 1424 2619 οὐχὶ
1463 2559 1553 2605 κᾶν
1591 2562 1791 2617 positam
1827 2563 1832 2619 1

149 2622 302 2667 αὐτῶν
335 2623 404 2668 Re
465 2624 618 2667 αὐτῶν
650 2622 760 2665 libri
792 2621 883 2666 Got
1008 2626 1061 2664 12
1094 2622 1287 2675 πρώτων
1320 2620 1576 2678 <αὐτῶν>ἱ>
1605 2623 1610 2675 Ι
1638 2616 1736 2664 εἶτα
1769 2620 1837 2664 Re

210 2685 264 2725 13
290 2681 370 2727 διὰ
393 2689 529 2726 τοῦτο
555 2681 646 2726 Got
707 2684 923 2725 διατοῦτο
948 2680 1057 2723 libri
1167 2685 1220 2723 16
1246 2679 1354 2723 οὐδὲ
1381 2680 1455 2723 IB
1475 2679 1479 2737 Ι
1501 2679 1617 2735 φασὶ
1642 2681 1779 2723 ΙΒΜ

153 2744 204 2782 17
247 2738 317 2784 ὅτι
356 2740 439 2797 μὲν
478 2742 565 2785 οὐκ
604 2740 794 2799 ἰσχυρὸν
832 2738 961 2783 τοῦτ’
1003 2738 1074 2783 vel
1116 2735 1184 2782 ὄτι
1223 2738 1306 2795 μὲν
1344 2739 1524 2793 ἀσθενῆ
1564 2736 1694 2782 ταῦτ’
1727 2738 1836 2789 ἐστὶ,

149 2796 274 2842 τοῦτ’
311 2800 416 2843 coni
446 2799 514 2843 Re
542 2802 548 2857 Ι
577 2797 631 2844 ὂν
663 2798 836 2842 inserui
864 2799 871 2857 Ι
897 2802 961 2858 τῷ
987 2800 1047 2855 (1)
1080 2811 1155 2841 om
1190 2797 1365 2841 CIBM
1488 2801 1541 2841 18
1573 2797 1652 2840 καὶ
1684 2810 1758 2840 om
1791 2798 1836 2840 Β

211 2862 264 2901 19
290 2857 528 2917 ἀφῄρηται
553 2861 615 2903 Μ
739 2862 794 2901 20
824 2855 1010 2902 ’κείνων
1043 2857 1088 2900 Ρ
1116 2857 1196 2900 sed
1220 2853 1232 2870 ’
1260 2855 1309 2899 in
1341 2869 1415 2899 ras
1447 2855 1530 2910 m',
1563 2857 1608 2900 B
1669 2852 1838 2900 κείνων

147 2916 318 2973 reliqui
347 2917 458 2960 libri
489 2917 579 2961 edd
