1992 3094
518 98 748 143 LIBANII
777 97 1002 143 ORATIO
1036 97 1115 142 DE
1147 97 1385 144 VINCTIS
1693 99 1798 151 371

15 247 26 252 ‘
110 235 245 305 μέρη
286 243 382 303 τῆς
412 233 633 304 ἡμέρας,
671 232 763 287 καὶ
805 239 935 297 ἴσως
967 234 1070 288 οὐκ
1107 233 1315 298 ἀδικεῖς
1353 234 1653 288 ὑπακούων
1691 254 1803 287 τοι-

111 332 251 377 αῦτα
302 332 420 387 τοῖς
472 326 678 392 φίλοις·
733 322 803 377 ἂν
854 323 918 377 δέ
961 343 1014 377 τι
1060 333 1172 376 τῶν
1225 326 1490 391 μειζόνων
1541 324 1644 393 τὴν
1698 325 1803 392 σὴν

112 413 311 483 ἀπαιτῇ
344 414 586 481 γνώμην,
620 413 721 466 οὐκ
754 413 902 480 ἄγεις
934 415 1155 482 σχολήν,
1188 412 1326 466 ἀλλά
1360 415 1586 482 βαπτίζῃ
1617 416 1714 465 καί
1741 427 1802 465 σε

112 501 140 554 ὁ
180 510 291 554 τῶν
328 502 665 571 πραγμάτων
712 510 823 555 τῶν
870 502 1052 555 ἄλλων
1090 503 1250 571 ὄχλος
1295 500 1390 570 ὑφ’
1431 501 1580 574 αὑτῷ
1612 503 1802 554 πεποί-

109 610 250 659 ηται,
291 591 471 659 ὥσπερ
504 599 616 643 τῶν
646 590 982 660 πραγμάτων
1013 589 1240 643 ἐκείνων
1280 589 1313 642 ἃ
1346 589 1520 658 λέγεις
1550 599 1666 653 τοῖς
1698 587 1800 658 μὲν
1848 611 1867 643 5

111 678 427 746 ἐκπώμασιν
473 681 757 747 εἰκόντων,
813 681 1082 748 σωτηρίας
1136 679 1201 733 δέ
1247 694 1357 733 τισι
1412 680 1800 748 φθονούντων.

221 767 306 820 25.
362 768 647 836 Βούλομαι
696 767 760 820 δέ
805 770 861 820 τί
906 783 995 821 σοι
1042 769 1415 837 διηγήσασθαι
1454 777 1549 837 τῆς
1586 769 1800 821 τούτων

108 857 234 926 περὶ
272 857 337 909 τὰ
372 854 378 927 Ι
413 864 641 909 τοιαῦτα
681 856 888 926 ἀργίας.
959 857 1300 926 ἀποθνήσκει
1338 856 1440 926 μέν
1471 876 1552 920 τις
1590 855 1651 910 ἐν
1683 869 1886 912 ΒΠ457

10 966 24 976 ·
109 944 259 1018 ἀγρῷ
300 944 447 1014 ξίφει
493 946 714 1012 νυκτός,
769 954 885 1008 τοῖς
932 945 1257 999 ἀπεκτονόσι
1311 946 1372 999 δὲ
1422 943 1629 1015 ὑπῆρξε
1683 947 1800 999 δια-

109 1042 315 1103 φυγεῖν
345 1043 456 1087 τῶν
486 1035 714 1087 οἰκετῶν
746 1036 881 1103 πρὸς
911 1035 1012 1103 τὴν
1043 1033 1436 1089 ἐπι’θεσιν.ὑπὸ
1471 1036 1573 1104 τὴν
1603 1037 1799 1103 κλίνην
1824 1057 1867 1089 ιο

14 1145 19 1180 ;
108 1123 440 1176 ὑποδύντων
493 1125 831 1189 νομιζόντων
886 1123 1103 1192 ἀρκεῖν,
1158 1125 1206 1177 εἰ
1262 1125 1606 1177 διασωθεῐεν.
1691 1122 1799 1176 ε’τε-

16 1241 18 1245 ·
108 1215 308 1281 θνήκει
346 1212 448 1281 μὲν
488 1207 593 1265 οὖν
632 1213 820 1279 ἄπαις,
861 1212 959 1275 οὓς
999 1213 1061 1265 δὲ
1086 1211 1408 1281 ἐπεποιήκει
1447 1222 1558 1266 τῶν
1599 1211 1798 1265 ἑαυτοῦ

110 1301 376 1363 δεσπότας
410 1301 669 1371 διαθήκῃ,
710 1302 942 1364 τούτους
973 1299 1085 1355 ἔδει
1124 1303 1259 1354 κατὰ
1290 1302 1389 1354 τὸν
1420 1303 1596 1371 νόμον
1624 1299 1799 1370 μηδὲν

108 1393 439 1459 παραλιπεῖν
484 1388 538 1453 ἐξ
579 1385 659 1443 ὧν
707 1386 776 1458 ἦν
823 1389 975 1453 ἐλπὶς
1020 1393 1254 1443 ἔσεσθαί
1286 1411 1412 1444 τινα
1451 1391 1626 1459 δίκην.
1704 1392 1797 1444 ἄν-

30 1502 35 1507 ·
107 1483 328 1546 θρωποι
368 1480 565 1532 τοίνυν
603 1477 890 1547 ἐξάγονται
931 1487 1023 1547 τῆς
1061 1481 1244 1549 κώμης
1283 1476 1454 1548 σαφὲς
1490 1480 1592 1547 μὲν
1631 1480 1798 1533 οὐδὲν
1823 1500 1864 1534 15

108 1568 254 1635 ἔχειν
293 1568 576 1636 λεγούσης,
615 1569 950 1621 ὑποπτεύειν
982 1568 1043 1621 δὲ
1080 1569 1294 1622 τούτων
1333 1562 1475 1622 εἷναι
1513 1569 1574 1621 τὸ
1614 1566 1796 1637 ἔργον.

108 1655 193 1707 26.
235 1657 288 1708 οὶ
319 1652 421 1724 μὲν
453 1652 558 1709 οὗν
581 1659 914 1726 κληρονόμοι
944 1658 1266 1726 προσιόντες
1290 1658 1550 1720 πολλάκις
1574 1655 1795 1711 ἐδέοντο

25 1770 30 1775 ·
107 1744 207 1797 τὸν
261 1742 458 1798 ἐνόντα
512 1748 854 1814 ποιήσασθαι
903 1743 1028 1815 περὶ
1081 1754 1175 1814 τῆς
1226 1754 1442 1814 σφαγῆς
1488 1744 1795 1813 ἐξετασμόν,

27 1857 40 1906 j
109 1833 168 1886 οί
210 1833 271 1886 δὲ
318 1837 506 1903 ληρεῖν
554 1834 757 1897 αὐτοὺς
796 1832 1041 1902 ἔφασκον
1080 1834 1148 1886 οὐ
1195 1841 1658 1904 παραχωροῦντας
1695 1842 1794 1888 τοῦ

108 1922 469 1993 δικαστηρίου
506 1932 622 1986 τοῖς
659 1922 798 1992 ὑπὲρ
838 1933 950 1975 τῶν
988 1923 1279 1992 χρημάτων
1318 1923 1530 1991 ἄγουσι.
1605 1933 1796 1991 μηνῶν
1820 1945 1864 1977 20

108 2007 170 2063 δὲ
209 2009 342 2064 ἑπτὰ
389 2012 731 2066 διελθόντων
777 2012 867 2064 καὶ
914 2005 998 2074 οἷς
1036 2007 1106 2079 ἦν
1152 2010 1359 2080 ἀνάγκη
1401 2019 1500 2065 τοῦ
1539 2010 1794 2081 κειμένου

108 2101 422 2168 φροντίζειν
468 2098 798 2170 ἐγκειμένων
844 2108 918 2173 τῷ
966 2101 1066 2168 τὴν
1113 2100 1287 2169 ἀρχὴν
1334 2102 1514 2169 ἔχοντι
1559 2109 1794 2154 ποιεῖται

34 2182 44 2214 “””
106 2188 209 2254 μὲν
246 2190 348 2257 τὴν
384 2190 491 2259 πρὸ
531 2197 631 2243 τοῦ
672 2191 984 2242 Διονυσίου
1033 2190 1202 2242 στοὰν
1249 2188 1387 2259 ἀνὴρ
1438 2188 1444 2260 Ι
1495 2190 1646 2242 δικα-
1678 2201 1882 2246 RH458

32 2305 43 2350 ⁹.
108 2279 349 2346 στήριον.
425 2278 731 2346 μελλούσης
772 2273 832 2330 δὲ
872 2275 1099 2330 εἰσιέναι
1138 2284 1232 2346 τῆς
1272 2277 1427 2346 δίκης
1464 2277 1654 2331 ἀκούει
1692 2275 1795 2347 μὲν

228 2427 280 2466 17
315 2421 372 2466 cf.
397 2438 442 2479 p.
464 2427 599 2494 14095
722 2427 777 2466 23
812 2421 868 2466 cf.
894 2437 938 2479 p.
961 2426 1095 2476 116‚2
1114 2437 1181 2478 sq.

225 2560 253 2598 4
286 2555 435 2600 ἑαυτῶ
458 2556 503 2599 V
668 2560 691 2599 7
725 2562 914 2611 σημεῖον
947 2557 1056 2598 ante
1086 2561 1167 2611 τῆς
1198 2555 1426 2599 excidisse
1458 2555 1562 2599 coni
1594 2555 1794 2600 Cobetus

45 2635 52 2674 5
108 2613 276 2659 Mnem.
308 2615 365 2659 N.
400 2602 442 2659 S.
475 2614 539 2658 ΠΙ
571 2619 654 2658 152
687 2616 761 2671 (=
795 2613 906 2658 coll.
943 2616 1065 2670 136),
1105 2615 1212 2669 περὶ
1249 2614 1410 2657 malim
1567 2620 1617 2658 11
1652 2631 1794 2659 κατα-

42 2679 53 2749 ἶ
108 2673 288 2718 δύντων
312 2675 386 2718 Ρα
509 2679 563 2717 14
594 2669 652 2730 ἦν
684 2673 871 2730 reposui
903 2686 927 2716 e
958 2672 1106 2725 libris,
1138 2676 1191 2716 ut
1223 2674 1327 2717 coni
1351 2674 1419 2718 Re
1442 2674 1581 2717 Anim
1642 2673 1670 2730 ἡ
1704 2673 1794 2718 Got

167 2727 196 2791 ᾖ
225 2732 294 2777 Re
430 2737 484 2776 15
518 2732 786 2790 ἐργάζονται
819 2731 911 2775 Got
1055 2736 1107 2775 17
1139 2730 1409 2786 προσιόντες
1441 2734 1485 2777 V
1507 2733 1575 2776 Re
1637 2747 1711 2776 om
1742 2733 1792 2776 in

43 2766 56 2844 :g
107 2789 276 2835 lacuna
307 2791 555 2836 8—-101itt
578 2794 623 2836 B
692 2788 940 2846 προσίοιντο
970 2790 1140 2846 reliqui
1171 2791 1279 2834 libri
1348 2789 1619 2847 προσίονται
1643 2792 1734 2836 Got

41 2854 65 2898 ’ξῑ
110 2853 165 2893 22
199 2849 471 2907 ἐγκειμένων
506 2852 544 2896 C
571 2851 652 2894 sed
684 2868 711 2895 ν
743 2864 844 2894 eras
966 2855 1021 2893 23
1053 2853 1217 2895 διονυσ
1247 2867 1302 2895 ου
1335 2865 1440 2894 cum
1470 2863 1545 2894 ras
1580 2857 1601 2894 1
1635 2851 1715 2895 litt
1753 2851 1798 2895 U

38 2903 57 2959 ἓ.

39 2949 70 3094 1

167 2907 431 2954 διονυσείου
461 2909 529 2953 Re

1440 2988 1495 3027 24
1504 2984 1525 3007 *
