1992 3094
38 2967 60 3094 l

513 135 742 180 [ΔΒΑ-ΝΠ
772 130 995 180 ORATIO
1028 135 1109 179 DE
1140 134 1377 180 VINCTIS
1688 134 1797 187 373

5 252 24 310 Π-
107 270 539 340 ὡμολογήκασιν.
617 272 666 324 εἰ
713 272 817 340 γὰρ
866 272 934 340 δὴ
979 273 1047 325 τὰ
1091 268 1194 341 μὲν
1246 271 1536 340 πράγματα
1583 272 1798 324 τούτων

106 358 434 428 ἀμφοτέρων
481 360 680 427 δεῖται,
734 359 826 413 καὶ
870 361 1132 427 βασάνων
1178 359 1270 413 καὶ
1315 360 1604 427 θανάτων,
1658 358 1688 413 ὁ
1736 360 1798 412 δὲ

104 446 196 501 καὶ
235 455 406 500 ταῦτα
443 448 670 501 κάκεῖνα
708 447 983 517 φεύξεται,
1021 459 1136 513 πῶς
1168 448 1239 502 ἂν
1277 450 1461 519 ἄρχων
1500 454 1583 517 εἴη
1622 450 1695 517 μὴ
1732 449 1795 501 τὸ

104 544 200 605 τῆς
238 535 407 606 ἀρχῆς
446 538 594 590 ἅπαν
635 547 836 602 ποιῶν;
882 538 1106 610 βασάνῳ
1147 539 1251 606 γὰρ
1290 538 1527 607 τάληθὲς
1566 536 1628 590 ἐν
1664 540 1796 590 πολ-
1847 535 1851 540 ’

104 628 223 688 λοῖς
277 624 572 696 εὑρίσκοιτ’
617 625 688 679 ἂν
748 629 889 696 μόνῃ
943 634 1019 700 τῷ
1075 647 1133 680 τε
1192 636 1305 680 τῶν
1366 624 1797 696 ἐξελεγχομένων
1844 645 1864 678 5

103 714 330 786 θανάτῳ
369 712 485 783 τάχ’
516 716 587 768 ἄν
623 735 707 777 τις
738 724 850 769 τῶν
881 725 1143 784 πονηρῶν
1173 714 1391 784 γένοιτο
1423 715 1797 784 μετριώτερος.

104 802 191 855 28.
260 803 415 856 τουτὶ
473 800 535 856 δὲ
597 805 861 874 ἄρχοντος
914 802 1083 874 ἔργον
1134 806 1233 858 τὸν
1286 801 1388 873 μὲν
1442 805 1544 858 οὐκ
1597 805 1732 856 ὄντα
1788 800 1793 873 1

106 894 203 959 ζῆν
233 890 390 955 ἄξιον
419 891 653 959 πέμπειν
685 892 1168 961 ἀποθανούμενον,
1199 895 1330 956 τοὺς
1366 891 1415 946 δ’
1447 894 1650 955 ἄλλους
1680 904 1723 947 R
1741 903 1887 947 H460

12 966 23 1013 ⁹·
103 986 179 1053 τῷ
206 982 363 1052 φόβῳ
395 990 507 1034 τῶν
539 986 678 1035 ἴσων
708 981 971 1051 κατέχειν.
1033 981 1198 1035 παντὶ
1229 983 1334 1052 γὰρ
1367 989 1442 1054 τῷ
1466 990 1581 1044 τοῖς
1609 982 1799 1048 νόμοις

11 1093 28 1143 f..
104 1067 328 1122 ἐναντία
364 1077 621 1123 ποιοῦντι
648 1074 920 1143 ,πολεμεῖν
950 1072 1049 1124 τὸν
1082 1069 1170 1124 ἐπὶ
1205 1078 1302 1139 τῆς
1334 1071 1502 1141 ἀρχῆς
1532 1070 1798 1139 προσήκει
1824 1091 1867 1122 ιο

13 1159 21 1198 ἶ’
103 1158 202 1211 τὸν
247 1159 483 1227 βοηθεῖν
529 1156 862 1226 τεταγμένον
906 1166 1024 1221 τοῖς
1071 1160 1275 1227 νόμοις.
1361 1159 1430 1210 σὺ
1482 1154 1542 1210 δὲ
1588 1158 1800 1226 βραδὺς

105 1243 207 1316 μὲν
246 1246 326 1300 ὢν
363 1248 494 1309 τοὺς
523 1247 699 1309 πόδας
730 1246 831 1299 οὐκ
871 1245 941 1299 ἂν
978 1243 1104 1315 ἧκες
1134 1247 1260 1316 περὶ
1298 1247 1497 1316 τάχους
1528 1245 1799 1314 ἀγωνιού-

105 1343 270 1404 μενος
301 1336 477 1404 εἰδώς,
512 1335 656 1403 (ὡς)
689 1335 755 1388 οὐ
788 1344 900 1387 τῶν
933 1344 1048 1388 σῶν
1077 1336 1268 1388 ποδῶν
1299 1335 1360 1388 τὸ
1392 1332 1577 1403 ἔργον,
1616 1335 1800 1403 ἄρχεις

106 1423 169 1476 δὲ
207 1422 324 1477 οὔτ’
354 1425 433 1486 εἰς
471 1432 591 1492 φῶς
622 1425 781 1492 ἄγειν
819 1423 1123 1492 ἀδικήματα
1162 1424 1471 1492 δυνάμενος
1503 1421 1632 1476 οὔθ’
1662 1422 1799 1491 ὑπη-

107 1521 378 1582 ρετοῦσαν
408 1522 524 1576 τοῖς
550 1520 650 1566 τοῦ
682 1514 860 1581 νόμου
890 1513 1271 1582 προστάγμασι
1302 1514 1404 1581 τὴν
1436 1512 1632 1580 φωνὴν
1662 1529 1796 1581 παρ·
1826 1533 1868 1565 15

108 1600 274 1670 έχειν;
330 1595 444 1655 εἶτα
492 1603 681 1655 δεινὸν
727 1603 989 1670 νομίζων,
1037 1603 1084 1654 εἰ
1133 1609 1234 1654 σοῦ
1282 1599 1672 1670 φθεγξαμένου
1717 1619 1799 1662 τις

107 1689 385 1743 ἀποθάνοι
433 1691 681 1758 δικαίως,
729 1691 830 1759 οὐχ
876 1690 981 1760 ἡγῇ
1030 1691 1240 1757 δεινόν,
1288 1691 1336 1743 εἰ
1384 1697 1485 1743 σοῦ
1534 1698 1800 1757 σιγῶντος

27 1806 31 1812 ·
106 1781 308 1832 πολλοί
342 1799 489 1842 τινες
528 1779 873 1833 ἀποθάνοιεν
912 1779 978 1832 οὐ
1019 1780 1266 1849 δικαι’ως;

218 1867 302 1920 29.
361 1866 520 1921 Ἀλλὰ
570 1869 777 1937 δῶμεν,
833 1865 875 1921 ὦ
925 1870 1180 1936 βασιλεῦ,
1234 1876 1352 1930 τοῖς
1403 1868 1504 1920 οὐκ
1558 1867 1801 1936 ἀρχικοῖς

106 1956 207 2025 μὲν
253 1957 496 2025 τούτοις,
551 1958 763 2010 δεδιόσι
811 1953 871 2009 δὲ
917 1957 984 2009 τὰ
1036 1963 1263 2009 τοιαῦτα
1308 1964 1422 2009 τῶν
1474 1957 1701 2008 εἰκότων
1745 1975 1798 2008 τι
1824 1976 1870 2008 20

29 2038 38 2098 ἓ,
106 2042 463 2099 πεπονθέναι.
547 2046 681 2099 ὅταν
728 2042 788 2098 δὲ
837 2046 1126 2115 ἅνθρωποι
1176 2045 1383 2114 ῥύακας
1427 2044 1530 2113 μὲν
1576 2045 1801 2113 αἵματος

228 2181 282 2220 21
317 2177 375 2221 cf.
400 2179 434 2221 t.
458 2177 501 2220 Π
526 2181 692 2231 112,15

228 2299 254 2338 5
295 2293 542 2351 εὑρίσκοιτ’
587 2294 751 2351 scripsi
793 2308 817 2338 e
851 2295 895 2339 V
994 2291 1252 2349 εὑρίσκοιτο
1290 2291 1462 2349 reliqui
1500 2291 1611 2336 libri
1650 2291 1741 2336 edd

33 2404 35 2406 ,
111 2358 136 2398 6
168 2355 495 2411 μετρικώτερος
526 2354 594 2398 Re
724 2358 748 2397 7
783 2354 896 2398 ὄντα
928 2356 1009 2409 ζῆν
1042 2353 1091 2395 in
1122 2366 1197 2395 ras
1229 2357 1256 2395 4
1287 2351 1367 2395 litt
1398 2351 1470 2396 Ρ8
1590 2355 1617 2395 8
1649 2349 1701 2395 δὲ
1732 2350 1804 2394 Re

169 2418 194 2456 9
227 2414 367 2458 παντὶ
386 2441 441 2446 -
462 2419 514 2457 11
541 2413 703 2470 νόμοις
734 2413 850 2456 citat
880 2412 1135 2468 praemisso
1160 2410 1299 2454 titulo
1337 2414 1432 2454 Τοῦ
1462 2409 1580 2464 πρὸς
1582 2408 1802 2511 Νξασιλέα

110 2471 224 2527 ὑπὲρ
256 2479 348 2516 τῶν
380 2476 644 2530 δεσμωτῶν;
678 2470 771 2528 λόγ.
798 2475 857 2516 ὀἰδ
888 2471 1047 2515 Macar
1078 2470 1156 2514 fol.
1184 2474 1264 2512 90v
1308 2472 1313 2525 ἱ
1356 2468 1443 2527 γὰρ
1475 2483 1551 2512 om
1633 2482 1743 2512 acar

172 2536 225 2574 11
257 2531 340 2576 τὸν
372 2545 447 2576 om
478 2532 652 2585 Macar,
682 2531 880 2575 fortasse
912 2532 1037 2574 recte
1160 2534 1213 2572 12
1247 2525 1365 2586 εἶχες
1394 2529 1503 2574 ΟΡα
1535 2528 1615 2572 sed
1640 2529 1688 2571 in
1712 2528 1805 2571 hoc

109 2605 164 2646 γρ
190 2586 298 2644 ἧκες
320 2591 371 2634 in
393 2605 528 2649 marg
550 2590 621 2633 m²
740 2595 793 2633 13
820 2590 881 2641 ὡς
903 2589 1029 2634 inser
1051 2589 1100 2632 in
1125 2602 1259 2644 marg
1281 2588 1339 2631 Ι8
1400 2602 1475 2631 om
1498 2586 1667 2642 reliqui
1691 2586 1804 2631 libri

36 2685 45 2701 ,,
111 2647 203 2692 edd
247 2649 423 2694 inserui
532 2654 586 2693 14
609 2648 899 2704 τάδικήματα
918 2648 1064 2692 Cobet
1080 2647 1192 2691 Coll.
1208 2651 1290 2690 136
1404 2651 1458 2689 15
1481 2645 1804 2713 προστάγμασι

111 2706 277 2764 scripsi
308 2722 413 2752 cum
446 2708 619 2753 Cobeto
681 2706 918 2764 πράγμασι
948 2706 1058 2750 libri
1089 2706 1180 2750 edd
1319 2709 1372 2748 16
1406 2724 1417 2758 3
1449 2705 1585 2761 posui
1650 2740 1658 2747 .
1691 2704 1801 2747 hbn

36 2752 50 2827 ,Γ
111 2765 202 2809 edd
229 2769 237 2824 ι
262 2765 393 2818 vesp
414 2768 495 2811 sed
520 2766 532 2782 ‘
558 2767 817 2822 eras‚IBV
937 2771 990 2809 17
1017 2773 1238 2822 σιγῶντος
1261 2764 1426 2821 scripsi
1450 2777 1474 2807 e
1503 2764 1809 2809 CPaPUBV

170 2839 436 2936 σῖἀζεῗῦνντος
458 2886 503 2930 A
565 2892 831 2935 σιωπῶντος
853 2885 888 2927 Ι
906 2883 997 2928 edd
1102 2886 1156 2926 18
1182 2902 1192 2937 3
1218 2883 1404 2939 reposui
1429 2895 1454 2926 e
1478 2881 1610 2925 libris
1674 2917 1682 2924 .
1709 2881 1803 2925 edd

36 2928 54 2977 ’ἶ
112 2945 168 2985 20
197 2941 242 2986 τί
273 2944 373 2988 BV
