1992 3094
417 196 421 201 .
474 135 702 179 LIBANII
734 135 958 181 ORATIO
990 137 1074 180 AD
1107 137 1469 183 EUMOLPIUM
1710 139 1816 191 287

128 290 240 340 ρων
288 269 350 324 ἐν
397 265 480 333 οἷς
525 270 624 337 ὑφ’
659 270 817 340 ὑμῶν
863 271 1127 341 ὕβρισμαι
1183 281 1286 327 σοῦ
1332 271 1434 341 μὲν
1479 275 1820 342 κελεύοντος,

126 367 226 414 τοῦ
266 356 326 413 δὲ
367 359 614 428 ἀδελφοῦ
653 360 1005 429 πειθομένου.
1084 364 1252 430 λόγον
1291 362 1564 431 ἐγκώμιον
1603 362 1819 416 ἐκείνου

128 449 199 502 σύ
236 468 295 502 τε
332 447 584 510 κάκεῖνος
622 447 800 518 ᾐτεῖτε
839 451 1094 518 δεήσεσιν
1128 451 1506 520 ἰσχυροτέραις
1536 461 1647 505 τῶν
1679 449 1817 521 ὑπὲρ

127 539 298 608 ἄρτου
330 536 691 606 γιγνομένων.
754 537 873 604 ἐμοὶ
906 539 967 591 δὲ
1001 538 1127 607 ἐξῆν
1158 537 1260 606 μὲν
1292 542 1483 607 εἰπεῖν,
1524 541 1608 594 ὅτι
1650 543 1819 609 ζήτει

126 627 200 680 τὰ
237 634 534 694 τοιαῦτα,
575 626 881 694 Δομέτιε,
931 627 1073 697 παρ’
1107 627 1376 682 ἐκείνων
1416 623 1512 692 οἷς
1553 631 1627 698 δὴ
1666 632 1820 693 τοὺς
1866 651 1886 684 5

126 715 364 778 παῖδας
416 714 811 784 παρέδωκας.
889 715 1399 786 παρέδωκαςδὲ
1452 721 1818 787 κρείττους,

127 800 330 874 οἶμαι,
386 803 488 857 καὶ
544 805 1063 877 τεχνικωτέρους
1115 806 1493 876 ἡγούμενος.
1571 808 1645 860 οὐ
1700 808 1817 875 γὰρ

126 892 204 946 ἂν
264 896 527 962 χείρους
590 899 816 957 εἴποις.
900 894 1162 948 πάντων
1223 892 1342 949 οὖν
1401 896 1820 950 ἀτοπώτατον

126 980 195 1035 ἐν
232 978 350 1051 μὲν
386 989 459 1051 τῇ
499 985 705 1052 βουλῇ
752 992 825 1054 τῇ
872 982 1017 1052 περὶ
1068 994 1194 1037 τῶν
1240 984 1440 1037 υἱέων
1477 989 1819 1053 Αἴγυπτον

125 1071 232 1124 καὶ
275 1073 599 1140 Φοινίκην
648 1072 1044 1146 θαυμάζειν,
1101 1073 1169 1126 ε”ν
1223 1074 1291 1126 δὲ
1347 1073 1633 1126 ἐπαίνων
1683 1071 1886 1128 ἐπι-ιο

127 1163 335 1230 θυμίᾳ
372 1158 515 1227 παρ’
546 1162 748 1213 ἄλλον
786 1163 1244 1229 καταφεύγειν.
1311 1161 1393 1214 18.
1433 1160 1586 1215 ταῦτ’
1614 1158 1685 1229 ἦν
1718 1158 1820 1228 μὲν

125 1250 318 1317 εἰπεῖν,
359 1249 426 1302 οὐ
465 1250 575 1318 μὴν
615 1250 842 1319 εἴρηται,
883 1250 1020 1303 ἀλλὰ
1051 1251 1111 1303 τὸ
1150 1248 1252 1319 μὲν
1281 1260 1503 1321 πρῶτον
1542 1253 1820 1319 σιωπήσας

127 1337 399 1408 ἀπῆλθον,
439 1345 543 1391 σοῦ
585 1337 636 1391 δ’
668 1341 746 1402 εἰς
784 1340 886 1407 τὴν
926 1341 1109 1392 οἰκίαν
1146 1359 1241 1407 μοι
1280 1340 1601 1408 βαδίζοντος
1638 1339 1728 1391 καὶ
1766 1342 1825 1390 τί

124 1435 237 1481 τῶν
289 1427 513 1480 πάντων
566 1427 632 1481 οὐ
687 1435 983 1491 ποιοῦντος
1043 1426 1134 1481 καὶ
1187 1436 1360 1481 ταῦτα
1411 1427 1676 1490 πολλάκις
1729 1426 1819 1480 καὶ

125 1518 258 1579 τοὺς
293 1516 528 1585 μάλιστά
576 1537 671 1583 μοι
719 1520 988 1586 συνήθεις
1034 1517 1560 1586 προσλαμβάνοντος
1609 1517 1819 1585 συμμά-
1843 1539 1885 1572 15

126 1625 258 1676 χους
294 1605 564 1660 κάκείνων
620 1606 723 1659 οὐκ
770 1611 947 1659 οἴσειν
995 1607 1286 1673 λεγόντων,
1342 1606 1388 1658 εἰ
1436 1605 1673 1674 φύγοιμι
1719 1606 1819 1673 τὴν

125 1695 304 1764 χάριν,
342 1694 451 1747 ὑπὸ
491 1695 775 1748 τοσούτων
814 1697 1009 1748 τοίνυν
1048 1694 1338 1764 ἑλκόμενος
1383 1697 1631 1763 ποιήσω
1678 1692 1818 1762 μέν,

127 1785 287 1853 ἔφην,
347 1784 461 1836 τὸν
515 1785 714 1851 λόγον
767 1792 876 1852 τῆς
938 1785 1145 1853 Τύχης
1206 1781 1820 1852 συναγωνιζομένης

126 1871 231 1925 καὶ
279 1872 396 1942 ἐρῶ
444 1891 513 1940 γε
565 1881 675 1942 τῆς
729 1873 924 1941 αὐτῆς
977 1871 1082 1925 καὶ
1137 1879 1330 1926 τοῦτο
1385 1872 1818 1941 παρεχούσης,

127 1959 259 2015 ἀλλ’
291 1961 486 2029 ὅπως,
536 1963 694 2031 ἔφην,
735 1962 1095 2030 Εὐμόλπιε,
1142 1962 1221 2030 μὴ
1268 1959 1395 2030 μετ’
1427 1959 1537 2027 ἐμέ
1578 1979 1676 2023 τις
1715 1958 1817 2013 ἐπὶ
1843 1982 1886 2015 80

126 2058 263 2112 τοῖς
320 2055 490 2112 ἴσοις
543 2049 671 2113 ἕξει
725 2051 841 2103 τὸν
895 2055 1012 2102 σὸν
1062 2049 1353 2118 ἀδελφὸν
1404 2052 1559 2118 μήτε
1610 2049 1819 2118 ῥήτωρ

126 2139 280 2206 μήτε
334 2141 618 2207 ποιητής.
695 2147 867 2192 ταῦτα
921 2138 1159 2201 ἀκούσας
1206 2138 1499 2206 ἀπώμοσας
1547 2139 1820 2207 πρότερον

129 2228 300 2281 εἰπὼν
339 2228 696 2296 ῥητορεύσειν
734 2231 866 2290 τοὺς
905 2231 1103 2290 λίθους
1141 2227 1175 2295 ἢ
1215 2234 1378 2280 τοῦτο
1419 2229 1660 2279 ἔσεσθαι.
1729 2226 1820 2278 καὶ

93 2323 355 2369 τοιαῦτα
395 2315 734 2385 συνθέμενοι
775 2317 1127 2385 διελύθημεν.
1195 2316 1277 2368 19.
1316 2315 1405 2368 καὶ
1445 2313 1635 2384 μηδεὶς
1673 2319 1819 2384 εἴπῃ·
1898 2384 1902 2387 ἱ

128 2408 193 2457 τί
244 2407 375 2469 δαί;
432 2412 625 2459 τοῦτο
677 2406 906 2458 δεινὸν
957 2398 1128 2457 εἶναι
1183 2405 1295 2457 τὸν
1348 2405 1502 2471 μετὰ
1552 2403 1620 2456 σὲ
1672 2403 1817 2470 περὶ
1843 2425 1886 2458 85

129 2503 254 2546 τῶν
309 2494 523 2547 αὐτῶν
577 2492 880 2562 ἐροῦντας
936 2493 1002 2546 οὐ
1057 2494 1161 2562 γὰρ
1209 2490 1334 2562 περὶ
1388 2493 1590 2545 τούτου
1639 2499 1746 2544 νῦν
1788 2491 1818 2544 ὁ

131 2583 310 2649 λόγος,
349 2580 463 2635 ἀλλ’
499 2583 546 2635 εἰ
585 2583 681 2644 τὰς
720 2585 1006 2650 συνθήκας
1046 2575 1186 2634 εἶναι
1226 2582 1420 2650 κυρίας
1457 2578 1584 2634 ἔδει.
1647 2581 1719 2643 ὡς
1759 2580 1820 2633 δὲ

251 2715 277 2755 2
309 2709 355 2756 δ’
384 2712 452 2755 Re
480 2714 487 2769 Ι
516 2710 696 2757 ἐκείνου
727 2713 763 2756 Ι
788 2712 869 2756 sed
902 2711 996 2756 ἐπει
1026 2711 1076 2754 in
1099 2725 1174 2754 ras
1199 2710 1268 2754 m'
1389 2717 1413 2754 4
1448 2710 1704 2771 γινομένων
1739 2711 1781 2753 V

132 2768 213 2826 μὲν
245 2783 321 2814 om
344 2770 529 2828 IBong
649 2776 675 2815 8
708 2770 841 2827 εἴπης
874 2771 982 2816 ΟΡα
1121 2775 1173 2813 13
1207 2771 1262 2813 σὺ
1297 2770 1369 2814 Ρα
1507 2775 1559 2813 16
1593 2769 1633 2813 εἰ
1663 2771 1709 2814 Ρ
1737 2782 1785 2813 se

133 2843 172 2872 ει
203 2827 252 2872 in
275 2843 350 2873 ras
374 2830 444 2873 m⁴
567 2834 619 2873 17
652 2829 829 2885 ποιήσω
865 2845 914 2873 εν
947 2829 1055 2874 Pal
1060 2830 1103 2873 V
1121 2829 1254 2886 Bong
1386 2834 1441 2872 22
1474 2828 1583 2885 μήτε
1615 2829 1739 2872 inser
1763 2828 1820 2871 1²

192 2891 260 2930 23-
288 2889 431 2933 εἰπὼν
463 2903 538 2932 om
566 2889 699 2946 Bong
757 2891 762 2945 Ι
819 2889 1087 2946 ρητορεύειν
1123 2888 1231 2933 ΟΡα
1413 2893 1467 2931 25
1509 2887 1559 2932 δὲ
1594 2887 1759 2932 CPaV

134 2949 190 2987 27
225 2946 318 2991 ἔδει
349 2944 514 3002 κυρίας
545 2944 666 2992 εἶναι
701 2949 810 2993 ΟΡα
837 2948 843 3005 Ι
871 2945 917 2992 δ’
946 2947 1013 2990 Re
