1992 3094
187 95 291 146 134
698 92 924 136 LIBANII
957 91 1182 136 ORATIO
1216 92 1370 136 XXXI

180 250 280 283 τοι
319 227 462 282 καθ’
494 228 770 282 ἕκαστον
809 227 1119 281 ἐνιαυτὸν
1158 226 1463 298 φέρουσα
1502 236 1724 295 πρῶτον
1753 225 1872 295 μέν,

183 318 248 370 οὐ
288 316 415 370 καθ’
446 316 694 385 ἕκαστον,
736 316 873 370 ἀλλά
911 324 1020 370 νῦν
1049 313 1151 385 μὲν
1189 314 1409 384 ἔλαβον,
1448 323 1556 370 νῦν
1595 315 1657 368 δὲ
1689 313 1873 380 οὐδεὶς

181 404 375 474 ἔδωκε,
429 413 536 459 νῦν
583 402 643 458 δὲ
689 404 878 475 μέρος,
933 413 1041 458 νῦν
1088 405 1149 458 δὲ
1201 403 1462 474 βραδέως.
1538 404 1629 456 καὶ
1685 413 1871 457 σιωπῶ

182 496 276 557 τὰς
313 496 682 564 πραγματείας
728 488 813 557 αἷς
851 491 990 563 ὑπὲρ
1030 494 1232 546 τούτου
1272 494 1532 563 χρώμεθα
1571 493 1706 561 πρὸς
1742 494 1874 556 τοὺς

137 605 158 637 5
184 585 468 652 ἄρχοντας,
508 584 645 653 πρὸς
675 585 803 645 τοὺς
834 582 1122 651 ὑπηρέτας,
1155 583 1292 652 πρὸς
1323 580 1523 650 (τοὺς)
1554 580 1871 650 ἀποδέκτας,

114 1046 156 1078 10

179 672 315 741 πρὸς
359 672 457 724 τὸν
502 671 585 725 ἀεὶ
635 674 934 739 σοβοῦντα,
993 666 1072 723 ὧν
1118 670 1327 739 ἀνάγκη
1375 671 1871 740 προκυλινδεῖσθαι
1950 740 1954 743 Δ

180 760 382 829 ῥήμασι
435 759 526 813 καὶ
574 763 845 829 σχήμασιν
891 760 1199 830 ἀλλοτρίοις
1248 758 1563 829 ἐλευθέρων
1612 760 1872 812 κολακεύ-

180 869 311 901 οντα
349 851 478 911 τοὺς
518 849 689 902 αὑτοῦ
737 851 1004 918 χείρονας.
1083 848 1115 902 ἃ
1162 857 1279 911 τοῖς
1326 846 1701 916 σεμνοτέροις,
1749 841 1872 902 οἷον

179 934 321 990 εἶναι
359 940 623 1007 προσήκει
661 938 761 990 τὸν
801 938 1154 1006 διδάσκαλον,
1201 939 1430 1005 παντός,
1479 932 1657 1005 οἶμαι,
1706 941 1869 1006 λιμοῦ

179 1027 469 1096 βαρύτερα.
562 1026 648 1078 20.
711 1025 828 1079 ἀλλ’
869 1026 937 1079 ἐῶ
992 1034 1169 1079 τοῦτο.
1248 1025 1386 1078 ἀλλά
1439 1026 1501 1077 τό
1557 1045 1618 1093 γε
1671 1024 1872 1096 μέτρον

179 1124 289 1167 τῶν
329 1113 643 1181 συντάξεων
690 1115 753 1178 ἃς
799 1115 1049 1185 ἀποχρῆν
1100 1113 1240 1168 ἔνιοι
1280 1117 1575 1184 φήσουσιν,
1623 1112 1730 1182 ἐγὼ
1769 1114 1872 1183 μὲν

179 1204 543 1272 αἰσχυνοίμην
589 1203 658 1256 ἂν
713 1205 905 1272 εἰπεῖν,
961 1204 1135 1266 οὕτως
1186 1201 1292 1256 εἰσὶ
1346 1203 1576 1272 μεγάλαι
1629 1201 1720 1255 καὶ
1770 1210 1870 1256 τοῦ

95 1303 198 1347 RII
215 1309 300 1348 213
347 1300 441 1360 τῆς
479 1294 692 1355 πόλεως
731 1292 999 1359 ὀνόματος
1038 1291 1200 1360 ἄξιαι,
1240 1293 1310 1344 σὺ
1351 1292 1412 1344 δὲ
1450 1291 1568 1344 εἰπὲ
1617 1289 1623 1361 Ι
1673 1295 1871 1361 παρελ-

111 1490 153 1522 15

112 1931 155 1964 20

178 1381 303 1432 θὼν
341 1378 517 1434 ἐκεῖνό
557 1401 650 1449 μοι
689 1383 961 1451 πρότερον
999 1381 1454 1451 ἀποκρινάμενος·
1509 1376 1580 1449 ἦν
1615 1382 1868 1452 Ζηνοβίω

180 1466 434 1532 σύνταξις
472 1468 504 1537 ἢ
546 1470 635 1533 οὔ;
690 1468 795 1522 καὶ
835 1470 1013 1539 μάλα.
1090 1471 1148 1522 τί
1183 1471 1297 1534 δαι’;
1353 1468 1526 1539 ἀγρὸν
1573 1469 1674 1522 οὐκ
1713 1467 1867 1538 ἐκαρ-

177 1564 350 1610 ποῦτο
390 1565 484 1626 τῆς
522 1560 732 1621 πόλεως
770 1559 1063 1612 κάλλιστόν
1100 1577 1158 1611 τε
1197 1557 1288 1611 καὶ
1335 1559 1769 1611 πολυοινότατον
1807 1556 1871 1611 ἐν

180 1643 331 1716 δεξιᾷ
362 1654 634 1715 χωροῦντι
667 1647 803 1717 πρὸς
828 1647 1070 1718 Δάφνην
1100 1646 1228 1716 παρ’
1260 1647 1431 1700 αὐτὸν
1469 1647 1568 1700 τὸν
1597 1648 1868 1716 ποταμόν;

178 1732 268 1786 καὶ
309 1732 492 1797 οὐδεὶς
528 1733 849 1803 ἀνεβόησεν·
890 1731 932 1787 ὦ
967 1732 1330 1804 “Ηράκλεις,
1371 1735 1722 1803 ἄνθρωπος
1761 1729 1869 1787 οὗ·

178 1842 285 1885 τος
342 1823 538 1875 δυοῖν
588 1823 794 1876 εἴδεσι
849 1823 1195 1892 λημμάτων
1252 1821 1690 1892 ἐκκαρποῦται
1753 1825 1869 1892 τὴν

178 1913 394 1979 πόλιν,
449 1909 565 1964 ἀλλ’
599 1911 671 1974 ὡς
717 1910 874 1965 πάντ’
907 1910 1108 1964 ἐλάττω
1157 1919 1255 1964 τοῦ
1309 1910 1532 1974 δέοντος
1579 1913 1867 1979 δώσοντες,

180 2001 231 2051 εἰ
266 2000 356 2052 καὶ
396 2000 655 2063 πολλάκις
694 2008 934 2053 τοσαῦτα
974 2001 1143 2069 δοῖεν,
1183 2000 1358 2062 οὕτως
1398 2000 1693 2069 ἐφρόνουν.

297 2194 322 2232 6
355 2189 484 2233 Dem.
503 2189 560 2233 de
584 2189 688 2233 fals.
706 2189 796 2247 leg.
814 2195 1007 2246 p.450,2
1132 2195 1186 2233 14
1211 2189 1266 2233 cf.
1288 2191 1348 2233 ad
1371 2192 1394 2234 ‘c
1415 2190 1436 2232 I
1455 2188 1642 2246 130‚15;
1678 2195 1865 2246 l34‚ll;

179 2251 279 2297 289,
299 2253 352 2291 16
477 2253 530 2292 16
562 2248 706 2293 Thuo.
723 2249 744 2291 1
771 2253 869 2302 138,
889 2255 914 2291 (3
1039 2253 1091 2293 19
1123 2247 1254 2293 Dem.
1282 2263 1318 2292 c.
1345 2249 1542 2293 Timocr.
1567 2265 1611 2306 p.
1633 2254 1731 2304 700,
1751 2255 1805 2293 18

181 2311 233 2349 21
266 2306 385 2350 Plan.
405 2307 519 2363 Rep.
537 2307 558 2350 I
580 2323 625 2364 p.
645 2311 730 2351 330
747 2308 784 2351 B

298 2488 323 2526 2
357 2482 404 2528 δ’
431 2484 499 2527 Re
635 2489 660 2528 5
691 2486 800 2535 τοὺς
829 2484 1005 2528 inserui
1037 2486 1225 2528 auctore
1259 2484 1439 2528 Sinbeni
1580 2490 1604 2528 6
1638 2487 1864 2543 σοβοῦντα

180 2541 342 2616 scripsi
375 2545 562 2588 auctore
594 2543 834 2588 Monnerio
868 2543 971 2587 coll.
997 2544 1018 2587 I
1050 2548 1149 2599 374,
1177 2548 1201 2587 3
1294 2546 1534 2602 φοβοῦντα
1573 2544 1683 2588 libri
1714 2545 1805 2589 edd

182 2605 205 2643 7
238 2598 437 2657 ῥήμασιν
469 2604 554 2647 Mo
597 2602 603 2660 Ι
645 2603 725 2647 καὶ
756 2602 983 2660 σχήμασιν
1014 2617 1091 2647 om
1115 2603 1200 2647 Mo
1329 2607 1355 2646 8
1389 2604 1532 2648 αὐτοῦ
1557 2605 1641 2648 IV
1695 2603 1865 2654 αὑτοὺς

181 2660 265 2703 Mo
385 2666 410 2704 9
443 2663 576 2717 λιμοῦ
602 2662 634 2704 Ι
660 2662 741 2705 sed
774 2669 828 2705 οῦ
859 2662 907 2704 in
932 2675 1008 2705 ras
1041 2666 1066 2705 5
1091 2662 1171 2704 litt
1193 2662 1263 2705 111⁸
1385 2666 1439 2705 10
1470 2661 1649 2718 μέτρων
1683 2662 1804 2707 GMO

182 2723 233 2762 11
268 2719 479 2776 ἀποχρὴν
514 2721 682 2765 GAMo
773 2721 992 2778 ἀποχρῶν
1024 2722 1068 2764 Β
1229 2726 1281 2763 12
1317 2722 1474 2775 μικραὶ
1509 2723 1555 2764 eb
1588 2726 1641 2763 13
1674 2720 1864 2773 ἀνάξιαι

180 2777 369 2822 coniRe
484 2783 538 2822 14
570 2779 938 2835 ἀποκρινόμενος
963 2781 1007 2823 V
1124 2784 1176 2822 15
1203 2779 1254 2824 δὲ
1271 2781 1316 2823 Β
1378 2779 1431 2823 δέ
1454 2780 1556 2823 Mor
1670 2784 1724 2823 18
1749 2779 1863 2835 ἡρά-

179 2838 300 2886 κλεις
332 2837 371 2882 0
398 2838 479 2880 sed
511 2853 551 2881 ει
582 2852 639 2882 ex
669 2855 698 2895 η
732 2852 833 2881 corr
855 2852 877 2882 s
1042 2842 1098 2881 20
1129 2844 1212 2894 τῆς
1242 2838 1416 2888 πόλεως
1447 2841 1550 2882 Par
1569 2838 1670 2882 Mor
1702 2838 1782 2882 sed
1806 2838 1863 2881 -in

179 2894 267 2938 hoc
298 2912 352 2951 γρ
375 2903 457 2939 τοῦ
490 2894 678 2947 δέοντος
707 2896 757 2940 in
788 2910 922 2953 marg
1338 2900 1347 2910 ’
1567 2917 1577 2931 υ
