1992 3094
4 122 15 315 ..q-„22⁴
5 0 16 21 e-

25 2284 39 2479 ·--Mvvue
30 2239 33 2244 Δ
25 2196 29 2209 .„
31 2171 33 2173 v

268 134 498 179 LIBANII
530 133 755 179 ORATIO
788 133 871 178 AD
905 132 1196 178 SENATUM
1226 129 1677 177 ANTIOCHENUM
1738 129 1846 182 427

262 275 428 324 Verba
467 273 560 324 οὐκ
597 270 728 340 εἶχον
767 274 964 323 πείθειν
994 290 1040 336 p.
1069 274 1274 334 431,10
1313 288 1574 335 perperam
1612 289 1672 321 ex
1710 274 1847 322 ante-

150 349 344 398 cedenti
388 349 523 398 linea
567 350 783 412 repetita
830 349 1154 410 archetypum
1200 347 1349 396 huius
1396 347 1574 395 saltem
1621 346 1847 395 codicum

148 423 370 471 familiae
417 424 574 472 lineas
621 425 723 472 fere
765 424 833 471 32
875 422 1159 470 litterarum
1205 422 1505 470 continuisse
1553 421 1846 470 documento

149 512 254 546 esse
293 500 514 559 possunt.

260 570 470 634 Propter
516 586 690 620 causas
739 586 861 633 quas
909 586 1061 632 supra
1106 586 1152 631 p.
1188 569 1293 617 208
1339 569 1442 616 dixi
1489 569 1679 618 codices
1718 568 1846 618 Lau-

147 646 444 706 renffianum,
475 645 776 694 Vaticanum
810 646 931 705 939,
963 644 1307 703 Mutinensem,
1346 643 1639 692 Urbinatem
1670 645 1845 692 missos

147 719 243 767 feci
288 735 450 782 neque
495 720 599 767 ullo
644 720 940 768 detrimento
987 717 1173 765 Patmii
1217 718 1366 779 plena
1405 718 1651 780 scriptura
1688 719 1847 766 careri

147 794 326 855 potuit.
403 793 580 855 Itaque
626 794 680 841 in
717 793 1011 842 lectionibus
1053 792 1278 840 codicum
1320 790 1698 840 OMoAPIBM
1730 791 1846 840 affe-

146 866 312 915 rendis
350 868 452 916 fere
493 867 733 930 acquievi.

261 941 510 998 Quattuor
547 941 644 990 loci
684 957 714 989 a
751 940 1014 989 Macario
1049 933 1587 1007 Chrysocephalol)
1629 941 1846 1002 excerpti

147 1017 278 1064 sunt.

262 1086 515 1138 Orationis
554 1091 771 1152 primum
808 1091 994 1137 mentio
1034 1091 1084 1136 et
1114 1104 1230 1150 pars
1270 1086 1302 1150 ἓ
1337 1089 1403 1136 36
1446 1105 1493 1150 p.
1520 1089 1643 1149 445,
1664 1089 1842 1136 7-15

145 1163 334 1224 publici
370 1165 494 1212 iuris
534 1164 669 1212 facta
709 1166 782 1212 est
823 1163 885 1211 ab
925 1163 1183 1210 Henrico
1215 1161 1459 1211 Valesio
1501 1162 1563 1210 ad
1594 1163 1843 1211 Ammian.

146 1237 364 1285 XXVIII
382 1239 412 1285 2
439 1238 602 1299 p.523
630 1230 966 1304 (ed.poster.)‚
999 1238 1087 1299 qui
1115 1237 1456 1300 apographum
1482 1237 1588 1285 eius
1621 1253 1646 1285 e
1679 1237 1844 1285 codice

146 1311 420 1360 Barberino
459 1313 648 1359 factum
686 1313 861 1360 nactus
901 1313 1010 1359 erat
1024 1304 1081 1376 ²).

258 1385 460 1450 Integra
517 1387 734 1448 primum
789 1401 818 1432 a
870 1385 1372 1449 Bongiovannio
1419 1385 1641 1433 Venetiis
1701 1387 1842 1434 1754

146 1475 195 1521 p.
230 1460 448 1508 30—52
498 1459 634 1507 edita
671 1462 760 1520 est,
801 1460 889 1521 qui
927 1474 1110 1520 paucas
1150 1475 1207 1506 ex
1245 1460 1283 1506 I
1316 1459 1552 1507 lectiones
1590 1460 1843 1522 proferens

146 1533 215 1580 M
249 1533 432 1582 codicis
472 1533 685 1597 vestigia
731 1535 924 1582 secutus
965 1535 1052 1581 est.
1129 1532 1269 1581 Vitia
1310 1533 1490 1595 quibus
1528 1534 1650 1581 haec
1690 1533 1842 1581 editio

147 1608 306 1655 scatet
354 1607 572 1669 plurima.
621 1607 890 1655 divinando
945 1608 1144 1655 sanavit
1190 1606 1471 1655 Reiskius
1518 1606 1842 1656 Animadver-

147 1681 341 1729 sionum
387 1682 638 1730 volumine
689 1681 863 1743 quinto
910 1698 957 1744 p.
1000 1682 1330 1742 501—512‚
1383 1681 1623 1729 nonnulla
1668 1684 1843 1743 postea

147 1770 240 1816 ope
287 1754 511 1803 codicum
557 1754 607 1802 A
653 1758 704 1804 et
747 1756 838 1803 Mo
884 1756 936 1802 in
983 1755 1200 1803 editione
1249 1770 1374 1816 quae
1426 1754 1487 1803 ab
1534 1771 1684 1804 uxore
1729 1772 1842 1817 pro-

146 1830 403 1890 perantius
442 1829 595 1891 prelis
627 1830 889 1878 commissa
920 1831 994 1878 est
1024 1831 1060 1877 t.
1092 1829 1142 1875 II
1172 1846 1219 1891 p.
1249 1830 1555 1877 526—548.
1624 1829 1683 1876 In
1714 1829 1842 1879 hanc

148 1903 299 1951 etiam
338 1918 519 1966 magna
558 1919 673 1965 pars
715 1898 1252 1951 ‘Animadversionum’
1292 1902 1506 1951 transiit.

258 1977 513 2026 Nonnulla
554 1977 821 2026 Sintenis
862 1980 912 2026 et
953 1976 1207 2025 Cobetus
1248 1980 1575 2025 correxerunt.

269 2137 311 2188 1)
346 2132 412 2177 cf.
437 2134 470 2176 t.
497 2133 518 2176 1
539 2149 583 2190 p.
604 2137 702 2177 351.
884 2135 929 2190 2)
962 2132 1134 2177 cf.t.1
1157 2148 1201 2190 p.
1219 2137 1289 2176 33.
