1992 3094
219 134 452 179 XXXXVI
759 130 1098 176 PRAEFATIO
1132 131 1369 175 CRITICA

332 292 378 338 p.
409 275 529 334 146,
555 275 583 321 6
627 271 715 337 οὐχ
754 271 806 320 οἱ
841 268 928 335 μὲν
968 269 1111 335 νόμοι
1149 270 1406 337 γράμματα
1446 268 1624 331 ἄλλως,
1675 267 1816 335 ἀρχαὶ
1856 263 1905 318 δ’

220 348 512 398 ἐπωλοῦντο.
576 346 933 395 Herwerdenus
966 343 1107 410 ἁρχαὶ
1141 346 1288 393 scribi
1319 345 1470 407 iubet,
1512 348 1566 392 at
1595 345 1717 392 haee
1748 345 1912 392 forma

222 440 251 471 a
289 422 517 483 Libanio,
557 422 644 483 qui
682 421 843 468 erasin
875 421 973 467 nisi
1011 421 1064 466 in
1097 421 1243 468 certis
1278 419 1573 481 quibusdam
1604 419 1777 467 formis
1808 435 1908 467 non

221 497 458 557 admittit,
499 496 664 543 aliena
702 497 790 543 est.
851 493 1109 541 Articulus
1149 493 1314 541 deesse
1353 495 1533 554 potest,
1572 495 1629 540 ut
1659 509 1705 553 p.
1734 493 1856 553 363,
1875 493 1908 540 5

221 571 456 628 συζῶντες
486 567 721 634 πρότερον
760 571 867 626 τοῖς
894 564 1045 632 ἀρχὰς
1083 565 1290 632 ἔχουσιν.

939 698 1027 748 Or.
1060 699 1194 748 XVI.

330 809 376 854 p.
407 792 527 851 167,
555 792 583 838 6
627 787 652 838 ὁ
692 787 783 854 γὰρ
824 786 1094 853 ἄνθρωπος
1134 787 1253 852 μίαν
1291 787 1475 852 ταύτην
1511 784 1704 852 ἡδονὴν
1739 786 1911 851 ἥδεται

218 866 308 929 τὴν
355 863 452 912 ἀπὸ
498 871 584 912 τοῦ
634 860 787 927 μηδὲν
836 861 990 930 ἑαυτῷ
1033 859 1308 910 συνειδέναι
1355 861 1593 927 πονηρόν.
1669 861 1779 910 Vox
1819 859 1906 910 ἅν-

218 944 421 1005 θρωπος
460 940 642 1000 quippe
683 954 810 999 quae
849 938 1051 984 minime
1092 952 1284 998 semper
1322 938 1632 998 contemptus
1664 936 1744 985 vel
1776 951 1904 985 eom·

217 1014 549 1061 miserationis
589 1011 1000 1074 significationem
1039 1010 1244 1071 habeat,
1286 1026 1411 1072 quae
1450 1011 1548 1057 fuit
1585 1009 1906 1059 Herwerdeni

218 1089 401 1149 opinio,
440 1103 596 1147 neque
637 1102 746 1132 oum
778 1083 904 1149 ἀνὴρ
937 1085 1178 1132 mutanda
1210 1100 1366 1146 neque
1398 1086 1455 1131 ut
1485 1086 1772 1145 interpretis
1805 1100 1904 1133 em-

218 1162 381 1209 blema
421 1160 708 1221 expellenda
748 1162 834 1207 est.

326 1253 372 1297 p.
403 1235 614 1295 171,16
651 1227 780 1280 'Am’
826 1232 870 1280 εἰ
907 1232 1067 1295 δοκεῖ,
1114 1230 1204 1295 τὴν
1243 1229 1428 1297 ἀγορὰν
1467 1230 1620 1295 ἐῶμεν
1659 1229 1741 1279 καὶ
1779 1230 1907 1280 πάν-

216 1327 311 1357 των
345 1306 500 1372 ἀέρων
532 1306 588 1355 τὰ
620 1305 907 1372 ἐγκλήματα.
963 1306 1336 1355 Herwerdenus:
1367 1305 1481 1366 „An
1512 1305 1713 1354 πάντων
1736 1301 1905 1370 <τῶν>

216 1381 409 1447 ἀέρωνῗ)
444 1382 749 1442 Quamquam
774 1382 1078 1441 expectabam
1093 1381 1259 1441 potius
1281 1379 1440 1428 πάντα
1463 1375 1591 1444 (vde)
1615 1387 1713 1428 τῶν
1745 1377 1907 1441 ἀέρων

215 1452 535 1522 ἐγκλήματα.“
612 1454 682 1502 At
719 1454 920 1503 Libanii
964 1470 1081 1502 usus
1119 1456 1324 1502 minime
1364 1454 1629 1501 articulum
1668 1455 1906 1517 requirit,

216 1532 274 1578 of.
309 1547 355 1591 p.
381 1531 510 1592 44,1
554 1528 714 1576 πάντα
753 1527 1048 1592 συμβόλαια,
1096 1530 1263 1589 44,19
1315 1527 1437 1576 πᾶσί
1471 1545 1518 1576 τε
1557 1532 1782 1593 χρηστοῖς
1819 1525 1905 1576 καὶ

215 1603 476 1668 βελτίστοις
530 1600 758 1663 οἰκέταις,
817 1605 899 1663 77,
936 1606 999 1650 11
1044 1605 1094 1650 et
1135 1603 1258 1665 236,
1294 1603 1323 1649 3
1365 1601 1579 1659 πάντες
1616 1599 1905 1665 ἅνθρωποι;

218 1679 339 1737 237,
375 1679 402 1724 7
445 1675 642 1724 πάντων
689 1673 940 1740 ὀμμάτωνς
999 1677 1121 1736 552,
1157 1677 1186 1724 5
1236 1674 1314 1724 ἐπὶ
1361 1674 1519 1723 πάντα
1566 1675 1764 1739 σώματα
1811 1678 1903 1724 eto.

215 1750 372 1799 πάντα
404 1767 518 1798 vero
552 1752 716 1798 sensui
754 1751 910 1798 multo
949 1752 1112 1798 minus
1153 1766 1303 1812 quam
1340 1748 1540 1798 πάντων
1579 1751 1823 1798 convenit.

325 1841 372 1885 p.
402 1825 563 1887 173,ss
597 1821 753 1884 Ξένοι,
793 1824 965 1887 φησίν,
998 1815 1125 1887 ἦσαν
1165 1823 1217 1872 οἱ
1251 1821 1470 1881 θέοντες·
1513 1822 1698 1871 οὐκοῦν
1734 1823 1787 1871 οἱ
1814 1819 1906 1886 μὲν

215 1892 290 1955 οἷς
321 1897 483 1962 ἔλεγον
514 1895 740 1961 ἠδίκουν,
779 1893 919 1960 ἡμεῖς
955 1895 1007 1945 δὲ
1048 1891 1122 1956 οἷς
1153 1894 1485 1962 ἐπετρέπομεν.
1556 1898 1687 1958 Apte
1719 1897 1903 1945 Asmus

217 1972 279 2018 ad
318 1970 463 2019 ἔθεον
510 1971 643 2032 quod
690 1971 813 2018 mihi
859 1987 1027 2019 sensus
1073 1988 1163 2033 pro
1207 1970 1371 2036 ἔλεγον
1416 1972 1664 2032 requirere
1704 1971 1902 2019 videtur

216 2045 656 2093 commendandum
706 2045 856 2092 verba
907 2047 1145 2093 orationis
1195 2046 1284 2092 XX
1335 2062 1381 2106 p.
1422 2047 1552 2104 434,
1582 2046 1646 2092 15
1699 2051 1904 2094 τοιαῦτα

214 2116 411 2176 θέοντες
451 2119 637 2166 attulit.

326 2209 371 2253 p.
406 2194 522 2251 179,
551 2194 615 2239 12
657 2186 758 2239 ἀλλ’
804 2191 952 2256 ὅπως,
992 2189 1139 2255 ἡνίκα
1179 2190 1240 2240 ἂν
1280 2191 1422 2258 ἐγγὺς
1461 2181 1492 2262 ᾖ
1539 2190 1596 2240 τὰ
1643 2190 1780 2240 δεινὰ
1817 2189 1903 2240 καὶ
1960 2242 1970 2253 ,

215 2264 441 2328 βασιλεὺς
474 2263 587 2327 μετὰ
620 2263 812 2329 Πέρσας
843 2262 909 2324 ὡς
941 2267 1176 2330 πολεμίαν
1211 2266 1585 2331 μεταχειρίζηται
1615 2264 1706 2328 τὴν
1737 2265 1903 2329 πόλιν,

215 2337 281 2401 μή
323 2356 404 2401 μοι
442 2338 746 2401 περιστάντες
795 2336 1043 2404 ὄδύρησθε
1091 2339 1361 2403 φάσκοντες
1407 2338 1579 2404 καιρὸν
1625 2338 1764 2402 ’ἥκειν
1802 2345 1900 2388 τῶν

214 2410 383 2476 λόγων.
448 2411 767 2459 Scribendum
801 2428 903 2460 esse
938 2414 1067 2474 quod
1102 2413 1314 2462 Cobetus
1347 2415 1606 2477 proposuit
1637 2410 1900 2477 ὀδυρεῖσθε

214 2501 383 2533 censeo
432 2486 660 2533 similiter
711 2490 860 2547 atque
900 2489 935 2535 t.
976 2487 1052 2534 III
1093 2489 1315 2548 242,16
1366 2487 1499 2545 ὅπως
1550 2485 1615 2550 μὴ
1666 2486 1789 2551 πρὸς
1838 2482 1901 2534 ὃν

214 2565 363 2606 ταῦτα
401 2552 534 2606 εἶπεν
574 2555 760 2618 ὄψεται.

324 2649 369 2692 p.
400 2632 518 2692 181,
546 2633 573 2678 7
609 2630 790 2690 ἐκεῖνος
829 2630 940 2699 ᾤετο
982 2633 1184 2696 μάλιστα
1224 2634 1407 2697 ταύτην
1447 2633 1600 2700 ἑαυτῷ
1635 2632 1897 2698 συγχορεύ-

214 2718 315 2752 σειν
369 2703 449 2752 καὶ
499 2702 583 2762 τὰς
638 2702 783 2763 ἄλλας
831 2704 1141 2771 ἀποκρύψειν
1189 2706 1358 2774 εὐνοίᾳ
1409 2706 1490 2755 καὶ
1529 2713 1616 2770 τῆς
1662 2706 1895 2770 πατρίδος

214 2776 365 2840 αὐτῆς
397 2776 691 2841 οἰκειοτέραν
723 2777 919 2827 ἔσεσθαι
950 2778 1032 2828 καὶ
1065 2776 1214 2846 (hano
1245 2796 1413 2829 vocem
1443 2782 1567 2829 vitio
1592 2780 1896 2843 typographi

214 2851 446 2899 excidisse
504 2867 580 2898 me
636 2847 789 2917 fugit)
849 2852 1021 2911 κάλλος
1076 2853 1198 2921 αὐτῇ
1251 2852 1332 2902 καὶ
1386 2852 1678 2919 προσθήκας
1732 2851 1894 2918 ἑτέρας

213 2922 479 2986 ἕτοιμάζων
511 2923 777 2988 ἐπορεύετο.
850 2926 1204 2974 Herwerdenus
1238 2928 1316 2975 vel
1356 2925 1422 2986 ὡς
1452 2926 1636 2984 ἐκεῖνος
1667 2928 1747 2974 vel
1777 2925 1896 2975 ἐκεῖ-
