1992 3094
211 120 284 172 24
711 119 939 163 LIBANII
971 118 1195 164 ORATIO
1227 119 1398 164 XXVII

323 256 370 308 2.
406 253 497 318 Ὡς
532 251 634 324 μὲν
666 251 771 308 οὖν
810 255 841 323 ἣ
884 257 1080 323 ἔλαβεν
1118 256 1151 324 ἢ
1191 254 1449 324 ἐμέλλησε
1488 256 1624 308 κατὰ
1662 265 1773 309 τῶν
1811 258 1904 309 νό-

210 365 331 413 μων
370 343 626 413 Ἰκάριος,
683 342 803 397 οὐδ’
845 345 897 396 οἱ
944 344 1091 396 πάνυ
1139 352 1429 413 μισοῦντες
1476 344 1648 396 αὐτὸν
1693 349 1906 398 εἴποιεν

210 434 297 501 ἄν,
350 431 471 485 οὐδ’
503 433 574 495 ὡς
613 433 800 486 κάλλει
847 442 1128 500 γυναικῶν
1174 432 1506 486 ἐδούλευσεν
1554 432 1674 486 οὐδ’
1706 433 1778 496 ὡς
1825 434 1907 496 εἰς

165 545 188 575 4
210 521 392 574 ὕπνον
430 522 642 591 μακρὸν
680 523 775 584 τὰς
815 522 1017 584 νύκτας
1053 521 1318 590 ἀνάλωσε,
1359 524 1573 590 νόσημα
1613 522 1675 575 δὲ
1712 521 1906 590 ἕτερον

121 623 328 666 RH111
372 611 543 663 αὐτοῦ
590 613 904 679 κατειλήφει
951 612 1053 679 τὴν
1090 612 1290 679 ψυχήν,
1347 611 1353 679 l
1410 611 1623 673 ὑποψία
1660 611 1799 680 πρὸς
1836 611 1904 663 τὰ

209 696 388 751 πολλὰ
426 708 538 752 τῶν
584 702 762 762 καλῶς
802 699 1113 769 λεγομένων
1159 698 1248 752 καὶ
1295 700 1356 752 τὸ
1397 698 1517 768 μήτ’
1549 699 1719 752 αὐτὸν
1757 699 1903 769 εὑρί-

211 802 364 840 σκειν
409 789 470 840 τὸ
521 787 651 841 δέον
686 797 807 840 τῶν
851 808 909 841 τε
957 778 1291 857 συμβουλῶν
1345 788 1758 857 ἀποκρούεσθαι
1808 789 1906 851 τὰς

210 876 434 945 ἀρίστας
481 878 574 929 διὰ
612 877 672 929 τὸ
712 879 956 946 νομίζειν
1002 877 1099 930 τὸν
1145 878 1465 945 σύμβουλον
1512 887 1622 930 τῶν
1662 877 1809 948 αὐτῷ
1849 897 1903 929 τι

213 958 615 1035 συμφερόντων
669 966 1057 1032 διοικούμενον
1119 965 1152 1018 ἃ
1206 964 1357 1032 λέγοι
1418 964 1614 1033 λέγειν.
1703 965 1751 1016 3.
1813 964 1903 1018 καὶ

102 1075 185 1106 »ιο
209 1054 394 1107 ταῦτα’
430 1054 593 1116 αὐτὸς
639 1056 776 1124 πρὸς
823 1054 992 1107 αὐτὸν
1039 1056 1181 1123 ἔφην
1229 1054 1492 1117 πολλάκις
1539 1053 1820 1123 ἐπιτιμῶν,
1872 1053 1903 1107 ὁ

211 1141 259 1195 δ’
291 1141 569 1209 ἐμειδίασέ
601 1142 667 1196 ’τε
713 1141 804 1195 καὶ
854 1143 956 1196 οὐκ
1002 1143 1278 1213 ἠρνήσατο
1327 1143 1398 1206 ὡς
1447 1144 1516 1196 ἄν
1561 1163 1614 1195 τι
1663 1144 1906 1212 χρηστὸν

210 1241 401 1284 ποιῶν.
465 1232 558 1284 διὰ
596 1239 760 1284 τοῦτο
792 1231 954 1284 ὕδατι
993 1235 1178 1305 πολλῷ
1213 1233 1457 1301 γεφύρας
1495 1232 1647 1294 τινὸς
1677 1236 1905 1285 πλεῖστα

212 1319 453 1388 ἀγούσης
493 1322 570 1383 εἰς
609 1321 709 1388 τὴν
746 1323 912 1373 πόλιν
952 1322 1302 1389 ὃιακοπείσης
1352 1319 1442 1373 καὶ
1481 1331 1592 1373 τῶν
1637 1319 1762 1390 περὶ
1802 1323 1904 1390 τὴν

209 1410 426 1478 τροφὴν
481 1409 633 1478 ἡμῶν
680 1418 868 1478 χεῖρον
914 1409 1153 1478 ἐχόντων
1204 1413 1447 1478 ἔφασκον
1497 1406 1598 1478 μὲν
1654 1409 1757 1477 ἐγὼ
1808 1417 1906 1478 τῆς

143 1518 184 1551 15
209 1500 454 1567 Λητοΐου
493 1505 671 1567 ψυχῆς
704 1499 926 1551 δεῖσθαι
965 1505 1128 1551 τοῦτο
1166 1499 1228 1551 τὸ
1262 1499 1445 1561 πάθος
1483 1499 1658 1551 πολλὰ
1695 1499 1761 1567 δὴ
1793 1518 1904 1550 τοι-

210 1586 350 1659 αῦτα
372 1587 507 1639 κατὰ
530 1587 692 1656 τάχος
719 1586 1205 1656 ’ἐπηνωρθωκότος,
1239 1587 1267 1640 ὁ
1303 1585 1351 1638 δ’
1375 1586 1572 1657 ὕβρισε
1599 1607 1692 1653 μοι
1724 1595 1904 1656 σιωπῇ

207 1676 310 1744 τὴν
349 1676 672 1744 συμβουλὴν
711 1676 924 1744 οἰηθεὶς
963 1670 1108 1728 εἷναί
1143 1696 1236 1744 μοι
1268 1676 1368 1744 τὴν
1409 1677 1662 1744 σπουδὴν
1702 1675 1769 1728 οὐ
1801 1676 1904 1743 τὴν

208 1766 374 1817 πόλιν
413 1759 475 1816 εὗ
514 1769 739 1832 παθεῖν,
779 1763 917 1817 ἀλλά
955 1764 1053 1816 τὸν
1091 1764 1410 1832 ἄνθρωπον.
1482 1762 1653 1832 εἰσῄει
1689 1764 1905 1826 Θάλλος

210 1853 238 1906 ὁ
282 1853 466 1921 ἰατρὸς
512 1853 584 1914 ὡς
632 1852 802 1906 αὐτὸν
848 1861 964 1915 τοῖς
1018 1852 1122 1905 ἀπὸ
1171 1860 1267 1920 τῆς
1313 1851 1503 1921 τέχνης
1550 1854 1616 1905 τὰ
1663 1853 1768 1906 ἀπὸ
1807 1861 1905 1921 τῆς

143 1962 187 1993 20
212 1942 431 2010 γνώμης
470 1943 806 2010 προστιθείς.
884 1944 1127 1994 ἔκλεισεν
1167 1941 1313 2013 αὐτῷ
1347 1942 1439 2003 τὰς
1472 1942 1653 2011 θύρας
1686 1940 1905 2009 ἐλέγξας

329 2121 356 2159 4
390 2116 446 2159 ef.
473 2131 517 2172 p.
540 2121 608 2170 18,
629 2120 653 2158 6
778 2120 831 2158 18
866 2129 936 2172 ep.
960 2119 1039 2158 191

329 2283 352 2321 1
397 2278 478 2322 τὸν
510 2275 655 2333 νόμον
690 2279 733 2322 V
767 2278 847 2321 sed
890 2285 981 2322 τῶν
1022 2276 1178 2333 νόμων
1219 2291 1432 2333 suprascr
1455 2277 1537 2332 m²‚
1579 2279 1664 2322 Mo
1688 2277 1790 2321 Mor
1821 2277 1903 2333 qui

208 2344 291 2380 τοῦ
326 2335 471 2393 νόμου
505 2337 609 2380 coni
762 2341 786 2379 3
820 2337 1061 2381 ἐδούλευεν
1095 2338 1223 2381 ΡΜο
1256 2337 1346 2380 edd
1375 2340 1379 2392 Ι
1409 2337 1474 2386 εἰς
1504 2337 1630 2380 inser
1652 2336 1726 2380 Ρ2
1785 2337 1832 2388 ἐς
1855 2338 1901 2380 Β

270 2410 345 2439 om
368 2397 403 2438 I
517 2401 543 2439 4
576 2397 810 2451 ἀνήλωσεν
837 2397 921 2440 Mo
950 2397 1032 2439 sed
1055 2413 1084 2452 η
1109 2395 1159 2438 in
1183 2413 1213 2438 α
1246 2409 1346 2439 corr
1370 2397 1417 2439 eb
1442 2413 1468 2440 ν
1494 2395 1570 2439 del
1691 2401 1717 2439 5
1750 2412 1901 2440 κατει-

209 2455 359 2511 ληφὸς
392 2455 436 2499 V
597 2460 619 2498 7
654 2457 838 2508 „malim
872 2455 1139 2513 συμβούλων
1171 2461 1212 2498 et
1241 2455 1349 2504 τοὺς
1380 2453 1596 2509 ἀρίστους
1624 2461 1807 2511 propter
1835 2469 1901 2499 se-

210 2515 423 2569 quentia“
457 2513 525 2557 Re
677 2518 702 2556 8
736 2514 963 2572 σύμβολον
997 2515 1080 2558 Mo
1109 2516 1114 2570 Ι
1143 2514 1266 2557 αὐτῶ
1297 2515 1326 2556 1
1336 2514 1404 2558 Va
1557 2518 1611 2557 10
1642 2527 1753 2558 voce
1784 2514 1902 2568 πρὸς

211 2573 292 2616 des
317 2571 492 2616 f01.131
509 2575 554 2617 A
612 2585 731 2629 quae
757 2575 1014 2628 sequuntur
1036 2587 1184 2630 usque
1209 2573 1269 2616 ad
1290 2571 1571 2630 πε]ποίηκας
1601 2588 1646 2628 p.
1662 2577 1732 2627 28,
1751 2577 1775 2616 6
1806 2586 1901 2615 uno

210 2631 325 2675 folio
357 2632 527 2675 amisso
559 2631 801 2688 perierunt,
833 2632 839 2689 Ι
876 2630 901 2675 ὅ
926 2632 1055 2676 IBV
1110 2630 1134 2676 ὃ
1161 2633 1245 2676 Mo
1397 2637 1449 2675 11
1492 2631 1543 2676 δὲ
1575 2631 1642 2674 Re
1670 2634 1676 2688 1
1705 2631 1830 2675 ὡσᾶν
1854 2632 1902 2675 Β

273 2695 326 2735 12
360 2691 577 2735 διατοῦτο
610 2691 711 2735 BV
885 2696 940 2734 14
978 2690 1163 2747 τρυφὴν
1194 2690 1296 2734 Mor
1338 2692 1344 2746 Ι
1387 2692 1572 2744 „malim
1603 2689 1740 2747 ἡμῑνι*
1773 2690 1841 2733 Re

214 2753 267 2791 15
301 2752 491 2794 δεῖσθαι
523 2755 676 2808 ψυχῆς
709 2750 793 2793 Mo
826 2749 916 2792 edd
959 2751 965 2807 Ι
1006 2757 1142 2794 τοῦτο
1175 2763 1249 2792 om
1272 2750 1307 2792 I
1432 2754 1485 2792 16
1518 2747 1776 2806 κατατάχος
1805 2749 1851 2792 B
1863 2749 1908 2793 V

216 2808 219 2854 ἒ
258 2806 283 2851 ὅ
305 2809 438 2853 IBV
503 2805 526 2851 ὃ
554 2811 637 2853 Mo
662 2808 764 2851 Mor
805 2809 811 2865 1
853 2825 942 2865 μου
973 2810 1080 2865 post
1112 2806 1507 2864 ἐπηνωρθωκότος
1538 2806 1764 2852 excidisse
1796 2806 1901 2851 coni

212 2866 314 2909 Mor
370 2868 376 2924 Ι
435 2866 486 2912 δὲ
517 2867 585 2910 Re
635 2869 641 2923 Ι
691 2883 770 2923 μοι
800 2869 847 2911 Ρ
875 2868 956 2911 sed
989 2884 1033 2911 οι
1064 2868 1113 2910 in
1136 2881 1211 2910 ras
1236 2866 1306 2910 m²
1487 2870 1541 2910 18
1588 2865 1765 2923 θάλλης
1797 2866 1842 2910 V

215 2929 269 2967 19
305 2925 370 2975 εἰς
395 2927 439 2970 Β
467 2929 474 2981 l
502 2926 627 2986 αὐτῷ
653 2926 767 2982 Mor,
800 2943 853 2983 γρ
881 2926 1020 2976 αὐτὸς
1051 2927 1100 2969 in
1123 2939 1257 2983 marg
