1992 3094
648 111 989 157 PRAEFATIO
1023 113 1257 159 CRITICA
1562 119 1789 164 XXXXIII

106 252 334 302 werdeno
387 251 598 314 probata
652 250 874 315 αἴθεται,
930 255 982 300 at
1034 254 1236 302 minime
1290 259 1584 318 necessaria,
1638 261 1787 307 immo

108 342 224 375 vero
262 325 408 374 lectio
446 325 633 373 tradita
673 324 857 389 αἴρεται
896 329 1098 388 propter
1136 329 1300 377 lusum
1343 331 1602 379 verborum
1648 349 1785 395 prae-

108 401 307 450 ferenda
330 399 540 447 videtur.
593 398 711 447 Alia
744 402 818 448 est
849 400 1145 463 significatio
1170 403 1305 451 verbi
1332 403 1498 452 αἴθειν
1521 422 1566 467 p.
1587 408 1705 467 274,
1723 410 1786 453 14

105 472 197 537 τὴν
234 471 421 522 τούτων
459 471 625 521 αἴθων
663 491 710 521 τε
749 471 831 521 καὶ
870 472 1073 537 τέμνων.

826 605 912 654 Or.
952 607 1081 655 XIV.

216 712 263 758 p.
284 696 446 757 93,13
480 698 584 754 ταῖς
616 693 667 743 ἐκ
701 695 938 759 μολίβδου
969 697 1219 762 σφαίραις,
1254 695 1321 756 ἃς
1343 694 1557 763 ἡγήσατο
1591 702 1788 759 Παῦλος

23 794 26 797 *
101 768 174 829 εἰς
218 768 440 817 θάνατον
490 766 724 833 ἀρκέσειν.
808 770 1138 819 Praeferenda
1185 774 1259 820 est
1305 788 1414 820 cum
1460 773 1786 822 Herwerdeno

105 843 264 892 forma
296 842 549 907 μολύβδου
583 859 732 905 quam
763 844 952 892 codices
982 843 1069 893 CA
1099 845 1349 906 praebent,
1382 849 1440 894 ut
1471 849 1504 894 t.
1522 847 1597 894 ΠΙ
1623 848 1785 907 57,19

105 919 156 966 et
207 920 243 965 t.
281 917 359 965 III
401 918 490 979 78,
520 919 548 965 7
575 918 632 965 R.
724 917 860 964 Idem
919 921 1049 967 recte
1106 921 1294 967 confert
1346 920 1477 968 locos
1531 921 1788 969 Prudentii

101 990 376 1053 Peristeph.
408 991 453 1038 X
488 993 589 1040 177
631 993 925 1052 plumboque
970 994 1127 1041 cervix
1172 995 1422 1042 verberata
1461 996 1694 1042 extuberet
1738 1000 1787 1041 et

106 1063 297 1114 Codicis
330 1065 570 1116 Theodos.
602 1065 673 1113 IX
706 1059 828 1132 (non
858 1060 960 1133 HI)
995 1067 1078 1128 35,
1108 1069 1136 1114 2
1178 1082 1287 1115 cum
1327 1070 1447 1116 nota
1483 1066 1785 1116 Gothofredi.

115 1163 119 1166 ·
213 1156 261 1202 p.
297 1141 380 1200 94,
409 1141 472 1187 11
518 1139 669 1188 δεῖται
707 1147 816 1203 σοῦ,
855 1138 937 1189 καὶ
977 1137 1114 1204 ἡμεῖς
1146 1137 1197 1189 δὲ
1230 1140 1555 1205 συνδεόμεθα,
1595 1139 1785 1204 πέμψαι

100 1211 234 1278 παρὰ
273 1212 387 1272 τοὺς
426 1212 639 1273 οἰκείους
677 1213 907 1280 χαίροντα
944 1214 1030 1262 καί
1063 1233 1115 1280 γε
1156 1214 1434 1279 δυνάμενον
1472 1214 1658 1280 διάγειν
1690 1221 1786 1263 τῶν

99 1286 361 1353 προγόνων
399 1285 561 1347 ἀξίως.
629 1288 821 1337 Iniuria
852 1288 1209 1337 Herwerdenus
1249 1289 1334 1337 καί
1368 1306 1434 1354 γε,
1474 1289 1604 1350 quod
1636 1290 1784 1352 signi-

100 1360 218 1410 fieat
253 1363 536 1423 saltemque,
577 1378 690 1410 cum
729 1360 810 1411 καὶ
848 1360 917 1411 ἔτι
955 1365 1044 1410 aut
1083 1362 1148 1421 ὥς
1186 1380 1237 1428 γε
1277 1363 1569 1410 mutandum.
1606 1365 1783 1410 censet.

213 1453 259 1499 p.
295 1437 379 1498 97,
415 1438 481 1485 13
537 1435 652 1494 τούς
705 1454 758 1501 γε
814 1434 1124 1502 δεξιωτέρους
1178 1434 1258 1484 καὶ
1311 1434 1444 1502 παρὰ
1497 1435 1586 1499 τὴν
1643 1434 1784 1506 ἀξίαν

99 1506 400 1574 ἀτυχοῦντας
439 1508 499 1558 οὐ
546 1508 846 1575 περιοπτέον.
923 1511 997 1558 Ne
1047 1508 1356 1572 δεξιωτέρους
1401 1512 1452 1557 111
1498 1507 1784 1572 ἀξιωτέρους

28 1602 31 1603 ’
101 1585 321 1632 mutaret
343 1583 675 1633 Herwerdeno
708 1585 788 1633 vel
813 1601 1019 1647 sequens
1051 1582 1182 1648 παρὰ
1214 1584 1303 1647 τὴν
1334 1582 1476 1643 ἀξίαν
1504 1582 1782 1631 dissuadere

99 1656 321 1706 debebat.
398 1657 469 1706 At
508 1660 660 1706 etiam
707 1659 871 1707 sensui
911 1660 1121 1721 usuique
1161 1658 1435 1706 Libaniano
1476 1654 1783 1722 δεξιωτέρους

100 1723 187 1797 (cf.
226 1749 272 1795 p.
300 1733 421 1793 268,
450 1729 502 1795 1)
545 1735 704 1797 magis
745 1735 987 1781 convenit.

23 1800 27 1802 Ἴ
214 1822 262 1868 p.
291 1808 411 1868 100,
441 1807 506 1855 15
549 1803 603 1866 ὃς
643 1805 842 1856 ἐπειδὰν
881 1806 964 1874 ἴδῃ
1004 1806 1088 1856 τὸν
1128 1805 1398 1871 γνώριμον,
1445 1803 1782 1870 ἐγκαλύπτεται

100 1884 199 1927 τῶν
244 1879 420 1929 δεινῶν
471 1878 611 1930 οὔπω
666 1879 874 1940 λελυκὼς
928 1878 1088 1930 οὐδέν.
1170 1879 1524 1927 Herwerdenus
1575 1878 1784 1926 miratur

19 1952 29 1982 ³'
100 1953 343 2002 neminem
390 1955 644 2018 hucusque
690 1954 1015 2021 ἐγκαλύψεται
1068 1953 1396 2002 necessarium
1446 1967 1548 2001 esse
1591 1952 1780 2000 vidisse.

100 2025 171 2075 At
207 2043 438 2089 praesens
477 2030 636 2077 multo
677 2029 892 2077 vividius
925 2031 999 2077 est
1030 2044 1182 2090 quam
1213 2028 1435 2075 futurum
1469 2027 1779 2074 conveniens·

15 2111 27 2146 J
100 2115 198 2162 que
236 2102 386 2151 verbo
425 2105 652 2165 sequenti
690 2101 940 2194 ἀμβλύνει.

212 2192 257 2236 p.
287 2178 407 2238 109,
434 2179 500 2225 23
542 2174 639 2243 ὁρῶ
679 2175 771 2243 γὰρ
811 2175 903 2225 οὐκ
957 2173 1134 2240 ὀλίγων
1180 2181 1277 2222 τῶν
1327 2180 1416 2222 νῦν
1463 2166 1538 2221 ἐπ’
1585 2170 1780 2221 ἐκείνων

11 2234 28 2287 2⁵
99 2247 399 2314 τεταγμένων
426 2250 567 2300 τόνδε
599 2248 997 2315 σωφρονέστερον
1028 2247 1108 2297 καὶ
1141 2245 1320 2297 οὐδένα
1351 2254 1447 2295 τῶν
1479 2252 1611 2295 θεῶν
1642 2243 1779 2309 ὑβρι-

100 2319 281 2384 σμένον
312 2321 646 2389 ἀπεληλακότα
676 2332 762 2389 τῆς
794 2323 1062 2387 ἐπιμελείας
1095 2319 1287 2371 οὐδένα.
1342 2321 1411 2369 Ut
1442 2337 1549 2369 cum
1583 2319 1779 2368 Reiskio
1867 2365 1883 2372 ,,

8 2394 26 2441 i
98 2396 338 2456 probante
377 2398 708 2447 Herwerdeno
748 2397 915 2466 ἐκείνῳ
956 2397 1241 2455 scribamus,
1281 2396 1430 2443 etiam
1462 2395 1598 2442 locus
1639 2392 1777 2439 t.111

12 2462 25 2530 J
105 2470 224 2531 1-‚78
252 2472 316 2519 18
365 2466 448 2534 ἐφ’
492 2461 619 2540 ᾧπερ
667 2471 881 2536 ἐτάχθην
929 2471 1131 2519 suadere
1179 2469 1399 2528 videtur,
1450 2467 1532 2516 sed
1572 2470 1627 2514 ut
1669 2483 1775 2513 cum

6 2545 34 2601 ζ...
100 2540 429 2594 Herwerdeno
469 2543 536 2604 ὡς
575 2548 689 2595 ante
729 2543 1027 2610 ὑβρισμένον
1065 2547 1358 2604 inseramus,
1407 2556 1556 2589 eausa
1602 2539 1778 2587 idonea

0 2605 33 2640 ⁴⁶
98 2630 198 2665 non
237 2621 323 2668 est.
377 2619 508 2668 Nam
546 2622 678 2668 recte
717 2620 946 2669 Reiskius
978 2614 1273 2683 ὑβρισμένον
1306 2614 1640 2677 explicavitz,
1645 2618 1776 2673 ,tam

0 2689 31 2750 ᾗ
98 2692 187 2738 etsi
223 2695 366 2740 antea
403 2695 576 2753 fuisset
611 2695 797 2742 iniuria.
834 2695 976 2754 yravi
1016 2696 1059 2740 et
1096 2690 1431 2739 contumeliosa
1473 2686 1660 2735 laesa-9⁴⁴
1665 2724 1673 2732 .

1 2766 22 2785 ⁴
209 2781 256 2827 p.
294 2769 412 2827 111,
446 2768 478 2814 4
527 2767 787 2829 φυλάττων
840 2762 1179 2831 ἀκριβέστερον
1232 2761 1411 2825 ἀνδρὸς
1465 2758 1776 2824 Σπαρτιάτου

97 2835 249 2896 τάξιν.
308 2839 587 2889 Articulum
626 2840 717 2904 τὴν
757 2856 900 2902 quem
942 2839 1171 2887 Reiskius
1210 2834 1518 2885 inserendum
1558 2833 1775 2890 credidit,

98 2924 161 2957 ne
198 2914 444 2962 sententia
483 2915 713 2962 existeret
752 2914 936 2961 aliena:
976 2915 1070 2959 viri
1108 2911 1342 2970 Spartam·
1379 2910 1627 2963 stativum
1666 2907 1774 2953 ‹lili-
