1992 3094
150 657 169 689 5

128 1099 170 1132 10

199 148 267 199 10
715 145 943 189 LissANn
975 143 1198 188 ORATIO
1231 145 1379 188 XXVI

308 282 388 334 14.
450 281 627 334 Ταύτὸ
676 278 737 334 δὲ
776 279 914 348 λέγω
961 278 1052 333 καὶ
1099 279 1221 349 περὶ
1272 289 1384 333 τῶν
1421 279 1882 348 πολιτευομένων,

194 371 277 424 ὅτι
309 372 438 433 τοὺς
469 367 570 438 μὲν
603 366 772 423 οἶσθα
802 367 891 422 καὶ
926 368 1260 438 ἀποστρέφῃ,
1300 371 1429 431 τοὺς
1461 365 1520 421 δὲ
1554 368 1680 421 οὔτε
1714 362 1883 422 οἶσθα

196 460 322 512 οὔτε
359 465 529 529 τιμᾷς.
600 459 646 511 εἰ
687 455 747 510 δὲ
787 467 902 521 τοῖς
941 454 1043 526 μὲν
1081 458 1147 510 τὰ
1187 459 1449 526 Πρόκλου
1497 457 1883 523 θαυμάζουσιν

195 546 345 600 ἔσται
384 548 451 599 τὰ
488 545 614 616 παρ’
647 545 879 614 ἐκείνου,
932 554 1048 608 τοῖς
1095 545 1156 599 δὲ
1201 547 1266 598 τὰ
1313 546 1383 598 σὰ
1429 545 1489 598 τὸ
1537 542 1674 613 μηδὲ
1714 544 1882 613 ἐγνῶ-

195 642 329 688 σθαι
367 636 514 705 παρὰ
560 643 688 703 σοῦ,
739 644 961 703 πρῶτον
1007 635 1109 703 μὲν
1148 633 1429 702 ἐπίχαρτοι
1467 643 1583 696 τοῖς
1620 633 1883 687 τάναντία

194 731 505 794 φρονοῦσιν
544 725 785 792 ἔσονται,
842 725 1026 776 ἔπειτα
1066 721 1411 793 ζάμβλύτεροι
1458 723 1523 774 τὰ
1570 723 1639 775 σὰ
1686 722 1883 791 σεμνύ-

192 832 326 866 νειν.
405 813 489 865 δεῖ
535 812 596 865 δὲ
643 813 846 874 αὐτοὺς
891 820 1009 874 ταῖς
1054 819 1236 880 τιμαῖς
1284 810 1595 879 ἐγείρεσθαι
1651 809 1738 863 καὶ
1789 818 1884 880 τῆς

192 898 331 971 ὑπὲρ
372 909 473 954 σοῦ
513 902 669 970 νίκης
709 899 1020 969 ἐπιθυμεῖν.

308 989 389 1043 15.
453 989 525 1041 Τὸ
567 986 628 1042 δὲ
667 990 898 1058 φεύγειν
945 1003 1005 1041 σε
1051 989 1315 1051 πολλάκις
1364 989 1459 1050 τὰς
1497 989 1718 1056 βαρείας
1756 1007 1884 1057 τρα-

193 1077 351 1143 πέζας
404 1077 646 1130 ἐπαινῶν
696 1077 818 1130 ἀντὶ
867 1084 967 1130 τοῦ
1021 1077 1286 1139 πολλάκις
1337 1076 1424 1129 ἀεί
1467 1091 1526 1130 σε
1576 1078 1884 1146 βουλοίμην

105 1179 283 1222 RH99
324 1165 393 1219 ἂν
431 1173 593 1219 τοῦτο
634 1174 831 1219 ποιεῖν.
907 1163 995 1218 καὶ
1036 1167 1140 1235 γὰρ
1177 1171 1182 1231 Ι
1219 1167 1266 1218 εἰ
1307 1167 1567 1233 λυπήσεις
1607 1165 1707 1234 οὐχ
1747 1165 1885 1218 ὑπα-

130 1542 171 1574 15

130 1984 173 2016 20

192 1255 392 1323 κούων,
439 1253 555 1307 ἀλλ’
588 1253 725 1318 ἕξεις
772 1253 833 1307 ἐν
879 1256 1133 1323 προϊόντι
1182 1260 1257 1326 τῷ
1299 1256 1479 1326 χρόνῳ
1526 1255 1624 1306 τὸν
1674 1254 1883 1323 μεμψά-

192 1363 362 1410 μενον
415 1342 723 1411 έπαινέτην,
778 1343 911 1396 ὅταν
963 1344 1024 1396 τὸ
1079 1343 1180 1410 μὲν
1227 1344 1454 1412 ἄριστον
1499 1337 1533 1412 ᾗ
1580 1344 1885 1411 παρελθόν,

195 1432 327 1484 ἄνευ
369 1428 429 1484 δὲ
470 1432 637 1501 ὀργῆς
676 1426 988 1500 ἐξετάζηταί
1019 1432 1079 1484 τὸ
1127 1419 1362 1501 πρᾶγμα.
1438 1433 1609 1484 καλόν
1649 1445 1752 1484 σου
1792 1429 1883 1484 καὶ

197 1521 255 1572 τὸ
306 1519 514 1588 μηδένα
559 1525 746 1573 καλεῖν
794 1518 1198 1589 ἑστιασόμενον.
1275 1522 1481 1590 χρόνον
1527 1539 1583 1572 τε
1630 1521 1734 1588 γὰρ
1782 1519 1885 1573 οὐκ
1960 1543 1961 1546 ’

194 1607 263 1661 ἂν
301 1611 731 1678 παραναλίσκοις
776 1611 943 1662 πλείω
983 1628 1041 1662 τε
1087 1609 1189 1662 οὐκ
1235 1607 1305 1662 ἂν
1344 1608 1376 1677 ἢ
1424 1610 1654 1677 βούλοιο
1701 1610 1886 1672 πίνοις

194 1697 341 1767 χώρα
394 1716 451 1749 τε
506 1697 608 1750 οὐκ
663 1696 732 1750 ἂν
787 1699 868 1767 εἴη
922 1706 1190 1767 πονηραῖς
1245 1699 1540 1767 αἰτήσεσιν.
1622 1696 1703 1750 16.
1760 1695 1878 1750 ἀλλ’

195 1784 340 1847 ὅπως
377 1805 470 1853 μοι
517 1784 779 1854 φυλάξεις
826 1787 918 1839 διὰ
962 1785 1155 1849 τέλους
1201 1786 1299 1839 τὸν
1337 1787 1510 1853 νόμον
1556 1786 1645 1838 καὶ
1685 1786 1758 1853 μὴ
1798 1784 1885 1838 δέ·

196 1871 345 1935 ξαιτό
393 1888 480 1926 σοι
527 1882 621 1943 τῆς
668 1873 833 1943 ἀρχῆς
879 1874 907 1928 ὁ
955 1877 1152 1944 χρόνος
1197 1875 1486 1936 τοιούτους
1534 1875 1885 1942 δαιτυμόνας.

198 1960 335 2013 ἀλλὰ
380 1960 504 2030 μηδ’
539 1961 931 2025 ἀναπετάσειας
978 1964 1162 2032 δείλης
1201 1967 1428 2024 πολλοῖς
1477 1961 1606 2015 ποσὶ
1647 1964 1742 2024 τὰς
1779 1963 1885 2014 θύ-

198 2069 295 2118 ρας
334 2048 556 2119 ἐχθροῖς
594 2059 689 2119 τῆς
720 2053 917 2120 Δίκης·
958 2052 1031 2114 ὡς
1062 2048 1231 2104 οὐδὲν
1270 2051 1412 2104 οὕτω
1453 2059 1517 2121 τῇ
1557 2057 1674 2122 θεῷ
1714 2051 1883 2120 ταύτῃ
1955 2038 1958 2042 ’

196 2136 475 2206 πολέμιον.
552 2137 611 2192 ἐκ
650 2141 754 2208 γὰρ
796 2135 875 2193 ὧν
914 2140 1016 2193 οὐκ
1050 2139 1213 2193 ε’ῶσιν
1255 2140 1466 2208 ἰσχύειν
1497 2141 1626 2202 τοὺς
1658 2141 1884 2207 νόμους,

198 2224 255 2277 ἐκ
292 2226 504 2278 τούτων
538 2229 946 2295 κερδαίνουσιν.
1017 2217 1160 2281 οὕτω
1195 2228 1255 2281 δὲ
1285 2227 1422 2295 μέγα
1453 2235 1617 2281 τοῦτο
1651 2229 1884 2296 ἄρχουσι

319 2361 371 2400 16
406 2356 463 2400 cf.
497 2356 598 2399 t.11
628 2372 672 2414 p.
700 2361 770 2413 80,
791 2362 844 2400 17

319 2481 341 2518 1
381 2474 534 2519 Ταύτὸ
566 2475 752 2532 reposui
784 2488 810 2519 e
839 2475 973 2519 libris
1065 2483 1211 2520 ταῦτα
1244 2476 1335 2519 edd
1479 2482 1505 2520 4
1538 2477 1598 2533 μὴ
1632 2477 1682 2522 δὲ
1714 2475 1824 2519 libri

198 2539 224 2576 5
258 2540 339 2577 σοῦ
364 2533 527 2589 scripsi
590 2534 662 2577 σοὶ
686 2534 796 2577 libri
821 2534 910 2577 edd
1034 2539 1057 2578 7
1083 2533 1356 2590 (ἐγείρεσθαι
1381 2536 1415 2578 Ι
1529 2541 1554 2579 9
1589 2535 1640 2580 δὲ
1665 2536 1789 2579 inser
1813 2533 1885 2579 P³

258 2607 332 2635 om
365 2591 531 2648 reliqui
562 2592 671 2635 libri
696 2593 787 2636 edd
814 2593 820 2651 Ι
847 2593 904 2636 τὰ
927 2595 961 2637 Ι
1107 2599 1162 2637 14
1198 2591 1246 2638 δ’
1274 2594 1341 2637 Re
1370 2596 1375 2648 Ι
1403 2592 1546 2638 καλόν
1573 2609 1645 2638 σοι.
1670 2594 1771 2638 Mor
1803 2593 1885 2637 sed

198 2668 252 2708 γρ
279 2665 361 2695 σου
393 2651 534 2695 καλὸν
558 2658 656 2705 σοῦ,
681 2651 748 2694 Re
887 2658 940 2697 15
973 2652 1060 2709 γὰρ
1092 2652 1142 2695 in
1165 2666 1298 2726 marg
1324 2653 1430 2697 Μο2
1576 2658 1629 2697 16
1662 2652 1820 2702 πίνοις
1843 2653 1889 2696 Ρ

199 2709 281 2752 sed
311 2725 356 2753 οι
387 2709 435 2752 in
460 2723 535 2752 ras
558 2709 628 2752 m²
687 2708 827 2767 πίνῃς
853 2711 1049 2756 ΟΑΙΜο
1081 2711 1149 2755 Re
1210 2726 1372 2767 πεινης
1396 2713 1469 2755 Ρα
1486 2712 1587 2755 Mor
1709 2715 1763 2755 18
1794 2728 1885 2767 φυ-
1934 2729 1939 2733 ·

198 2767 349 2820 λάξεις
379 2768 543 2824 scripsi
574 2781 679 2811 cum
710 2768 883 2813 Cobeto
917 2769 1142 2814 0011.124
1221 2770 1420 2826 φυλάξηι
1455 2771 1535 2814 CA
1609 2770 1787 2826 φυλάξῃ
1814 2770 1892 2814 ΡΙ
1942 2795 1947 2797 Α

198 2827 360 2871 PaMo
450 2826 631 2885 φυλάξῃ
637 2843 658 2876 ς
691 2827 819 2871 VRe
904 2828 1084 2895 φυλάξῃ
1116 2829 1217 2872 Mor
1259 2831 1264 2884 Ι
1308 2827 1547 2879 ὃιατέλους
1580 2827 1879 2884 OAPMon
1943 2855 1945 2858 ·

199 2883 382 2936 δέξαιτό
408 2886 481 2929 Ρα
514 2886 594 2928 sed
626 2903 680 2958 γρ
707 2884 891 2941 δέξηται
923 2887 972 2929 in
996 2901 1129 2944 marg
1159 2887 1229 2930 m²
1290 2886 1477 2943 ὃεξηταί
1502 2889 1546 2932 V
1660 2892 1715 2931 20
1748 2887 1808 2944 μὴ
1833 2885 1878 2930 δ’

200 2943 437 2988 PIM0V¹
435 2944 848 3001 ἀναπετάσειςΡα
896 2946 1191 3002 ἀναπετάσῃς
1210 2948 1253 2990 V
1337 2951 1388 2989 21
1409 2946 1582 3001 θύρας·
1603 2946 1766 3003 ἐχθροι
1783 2945 1886 2989 Mor
