1992 3094
396 86 625 131 LIBANII
655 85 878 133 ORATIO
911 85 1156 132 CONTRA
1186 87 1582 133 FLORENTIUM
1723 88 1828 141 391

140 230 251 277 ποῦ
283 223 387 292 γὰρ
420 224 642 276 δίκαιον
670 225 802 286 τοὺς
833 223 1100 293 ἄρχοντας
1130 224 1299 292 ἥμισυ
1332 222 1535 287 θέντας
1557 231 1653 294 τῆς
1675 232 1834 293 τιμῆς

141 311 433 366 ἑστιᾶσθαι
470 312 562 365 καὶ
600 312 699 366 τὸν
728 316 1078 366 πλουτοῦντα
1116 313 1181 365 τὰ
1213 320 1312 366 τοῦ
1352 312 1660 380 πενομένου
1701 317 1832 381 λαμ-

140 401 334 470 βάνειν
371 401 461 453 καὶ
502 399 569 453 ὃν
607 399 812 470 ἐτάχθη
851 409 1033 455 ποιεῖν
1071 400 1588 471 εὐδαιμονέστερον,
1630 409 1832 455 τοῦτον

139 498 323 542 ποιεῖν
369 488 712 559 ἀθλιώτερον
757 488 847 542 καὶ
895 491 962 543 τὰ
1005 491 1154 560 παρὰ
1201 497 1303 543 σοῦ
1348 489 1571 559 τρέπειν
1617 491 1695 553 εἰς
1731 491 1833 559 τὴν

139 578 364 647 οὐσίαν,
427 577 642 631 ἐσθίειν
702 575 763 631 δὲ
826 579 920 641 τὰς
975 588 1084 632 τῶν
1138 578 1416 648 ἀγοραίων
1478 580 1682 648 σάρκας
1740 579 1831 632 καὶ
1879 600 1900 633 5

139 668 441 720 καθεύδειν
488 667 622 735 μετὰ
666 675 925 720 τοιοῦτον
972 669 1202 721 δεῖπνον
1254 667 1344 733 καὶ
1400 670 1600 736 φίλους
1644 671 1832 721 καλεῖν

139 753 230 809 ἐπὶ
261 756 327 808 τὰ
359 754 642 826 ἀλλότρια;
718 755 804 810 25.
849 752 963 809 εἶτα
993 757 1231 827 τοσαύτῃ
1265 759 1485 826 λῃστείᾳ
1514 755 1607 810 καὶ
1644 764 1834 820 κακοῖς

138 844 445 913 ὑπηρεσίαν
499 845 677 912 ὄνομα
728 844 1024 911 μετέθεντο
1079 845 1151 908 ὡς
1203 846 1372 914 ταύτῃ
1427 853 1544 908 τοῖς
1594 847 1832 912 βλαπτο-

138 932 326 1002 μένοις
359 933 366 1002 Ι
401 932 805 1003 ἀφαιρήσοντές
834 953 887 987 τι
925 941 1021 1002 τῆς
1054 934 1278 1002 βλάβης,
1318 934 1498 1002 ὥσπερ
1531 932 1601 986 ἂν
1632 938 1690 986 εἴ
1711 945 1754 989 R
1775 946 1922 990 11480

139 1040 223 1084 τις
260 1023 361 1090 τὴν
399 1023 648 1091 μοιχείαν
687 1024 882 1092 φιλίαν
917 1024 1337 1092 προσαγορεύοι.
1412 1023 1502 1075 καὶ
1541 1021 1667 1091 περὶ
1690 1023 1831 1076 ,τού-
1858 1044 1900 1076 ιο

138 1130 251 1164 των
295 1120 408 1163 τῶν
454 1112 751 1180 λημμάτων
804 1112 1223 1180 πυνθανόμενοι
1276 1120 1388 1165 τῶν
1440 1113 1718 1180 μαγείρων
1763 1111 1831 1164 οὐ

139 1199 522 1253 καταδύονται.
621 1199 655 1252 ἃ
715 1202 1031 1270 κερδαίνειν
1093 1201 1142 1253 εἰ
1201 1202 1545 1269 βουλόμενον
1607 1200 1833 1268 ἰδιώτην

141 1289 490 1357 γραψάμενός
538 1309 621 1352 τις
667 1288 965 1357 ἐπέδειξεν,
1017 1290 1136 1352 οἵας
1182 1288 1252 1342 ἂν
1298 1288 1326 1342 ὁ
1374 1289 1609 1353 δικάζων
1655 1288 1832 1357 ἀφῆκε

139 1378 333 1446 φωνὰς
376 1379 685 1448 τυραννίδα
736 1379 797 1431 τὸ
843 1386 1067 1449 πρᾶγμα
1117 1381 1315 1431 καλῶν.
1400 1375 1518 1431 ἀλλ’
1556 1377 1702 1446 ὅμως
1751 1372 1832 1431 ὧν

139 1469 407 1536 τιμωρίαν
445 1465 756 1536 ἐλάμβανον
795 1467 881 1535 ἄν,
923 1475 1094 1520 ταῦτα
1131 1472 1437 1534 τολμῶντες
1475 1466 1690 1519 ἀδικεῖν
1727 1480 1832 1519 σω-
1856 1486 1900 1520 15

140 1558 426 1623 φρονίζειν
463 1555 686 1625 ἑτέρους
724 1557 876 1625 φασί.

251 1644 336 1696 26.
413 1646 481 1698 Τί
532 1641 636 1698 οὖν
689 1643 750 1698 ἐκ
806 1646 1029 1698 πάντων
1081 1665 1175 1712 μοι
1235 1653 1348 1697 τῶν
1401 1642 1726 1712 εἰρημένων,
1789 1639 1831 1696 ὦ

140 1735 389 1802 βασιλεῦ,
445 1734 749 1798 δείκνυται;
805 1733 890 1787 ὅτι
942 1740 1082 1802 χρῆν
1134 1733 1357 1785 τουτονὶ
1401 1733 1509 1785 ,τὸν
1555 1739 1831 1800 γενναῖον,

139 1821 239 1874 τὸν
276 1822 541 1885 πολλάκις
577 1823 644 1891 δὴ
684 1821 1021 1891 τεθεαμένον
1058 1822 1157 1874 τὸν
1199 1822 1453 1889 Θύμβριν
1490 1818 1580 1873 καὶ
1619 1829 1731 1874 τῶν
1769 1819 1831 1873 ἐν
1856 1841 1900 1875 19

135 1907 305 1981 Ῥώμῃ
348 1908 354 1981 Ι
395 1912 593 1964 πιόντα
631 1920 822 1979 πηγῶν
859 1912 932 1979 μὴ
969 1912 1242 1980 πρότερον
1280 1910 1532 1973 ἅψασθαι
1568 1918 1679 1963 τῶν
1708 1921 1752 1966 R.
1772 1921 1922 1966 11481

140 1998 376 2069 μέτρων,
415 2000 550 2069 πρὶν
587 1999 620 2068 ἢ
661 1999 942 2069 ῥύσασθαι
980 2006 1075 2067 τῆς
1112 1999 1457 2067 καταδρομῆς
1494 2000 1624 2060 τοὺς
1661 1999 1831 2066 καπή-

261 2165 283 2203 1
319 2159 376 2205 cf.
401 2175 445 2217 p.
472 2164 661 2216 219‚10.
693 2161 727 2204 t.
751 2159 794 2202 Π
818 2163 1013 2215 387‚13;
1047 2163 1214 2212 403‚12

260 2312 284 2351 3
316 2306 399 2353 τὸν
435 2309 470 2354 Ο
499 2308 580 2352 sed
611 2324 636 2351 τ
667 2308 716 2351 in
747 2320 822 2350 ras
857 2311 879 2350 1
912 2305 992 2350 litt
1040 2309 1046 2363 Ι
1098 2304 1264 2363 ἐτέχθη
1297 2305 1399 2349 Mor
1580 2309 1609 2349 4
1639 2304 1692 2349 τὸ
1717 2304 1785 2349 Re
1821 2306 1825 2363 Ι

139 2365 223 2422 τὴν
256 2381 331 2410 om
362 2369 398 2412 I
531 2372 556 2411 5
589 2365 797 2425 ἀγορέων
832 2367 868 2411 Ο
895 2365 998 2409 Mor
1028 2365 1110 2421 qui
1141 2362 1378 2422 ἀγοραίων
1410 2363 1514 2408 coni
1659 2368 1685 2407 6
1716 2363 1830 2420 μετὰ
1878 2394 1882 2397 -

141 2439 217 2468 om
243 2427 286 2470 V
324 2426 334 2500 j
384 2433 537 2471 ποιεῖν
572 2426 609 2471 Ο
757 2430 781 2468 7
813 2422 998 2481 ληστεία
1029 2426 1103 2469 ΙΒ
1257 2428 1283 2468 8
1315 2420 1573 2479 ὑπηρεσίαν
1606 2423 1694 2466 scri
1731 2423 1770 2466 si

141 2484 367 2540 ὑπηρεσια
398 2485 508 2529 libri
568 2482 822 2541 ὑπηρεσίας
852 2484 940 2528 edd
969 2485 976 2541 Ι
1004 2482 1293 2539 μεταθέντας
1326 2482 1428 2526 Mor
1490 2480 1652 2526 ἔθεντο
1722 2481 1831 2525 obet

142 2541 254 2586 0011.
276 2549 358 2588 136
392 2544 494 2588 coll.
521 2546 554 2588 t.
579 2544 622 2587 Π
644 2559 689 2600 p.
709 2548 808 2597 503,
829 2548 881 2587 11
900 2543 941 2585 R
1003 2544 1052 2585 at
1077 2542 1134 2586 cf.
1160 2542 1288 2585 Dem.
1317 2555 1405 2585 cor.
1422 2556 1467 2598 p.
1487 2545 1587 2595 320,
1608 2544 1689 2644 13,έ
1709 2540 1827 2585 Plat.

1691 2616 1713 2650 ς

141 2659 264 2704 Crat.
288 2676 334 2718 p.
352 2662 495 2706 384D
524 2662 531 2720 Ι
557 2661 700 2717 ταύτῃ
733 2677 783 2718 γε
815 2661 858 2703 Β
919 2659 1066 2718 τούτῳ
1098 2658 1200 2703 Mor
1321 2663 1345 2702 9
1378 2657 1703 2714 ἀφαιρήσοντα
1735 2659 1777 2702 V

140 2718 485 2775 ἀφαιρήσονταί
517 2722 550 2764 Ι
689 2724 743 2764 10
774 2718 1108 2776 προσαγορεύει
1140 2718 1241 2761 Μοι·
1389 2723 1442 2761 12
1475 2716 1757 2775 βουλόμενον
1789 2717 1831 2763 εἰ

142 2777 244 2822 Mor
366 2783 418 2823 13
451 2777 747 2836 γραψάμενός
776 2779 810 2821 Ι
926 2782 980 2821 15
1013 2776 1268 2835 ἐλάμβανεν
1299 2777 1336 2822 Ο
1454 2781 1509 2820 16
1541 2774 1699 2830 ἑτέρας
1728 2775 1830 2820 Mor

204 2842 257 2880 19
289 2838 584 2894 τεθαμμένον
614 2838 717 2881 Mor
747 2837 828 2892 qui
859 2835 1122 2892 τεθειμένον
1154 2836 1273 2891 coni,
1305 2835 1431 2891 quod
1464 2835 1666 2879 Koenius
1691 2834 1828 2892 Greg.

144 2893 242 2939 Gor.
275 2911 319 2952 p.
347 2901 432 2940 223
465 2897 536 2942 ed.
561 2897 686 2953 Lipe.
712 2896 912 2940 correxit
