<?xml version="1.0" encoding="UTF-8"?>
<!DOCTYPE html PUBLIC "-//W3C//DTD XHTML 1.0 Transitional//EN"
    "http://www.w3.org/TR/xhtml1/DTD/xhtml1-transitional.dtd">
<html xmlns="http://www.w3.org/1999/xhtml" xml:lang="en" lang="en">
 <head>
  <title>
</title>
<meta http-equiv="Content-Type" content="text/html;charset=utf-8" />
  <meta name='ocr-system' content='tesseract 3.04.00' />
  <meta name='ocr-capabilities' content='ocr_page ocr_carea ocr_par ocr_line ocrx_word'/>
</head>
<body>
  <div class='ocr_page' id='page_1' title='image "./operarecensuitri03libauoft_0121.png"; bbox 0 0 1992 3094; ppageno 0'>
   <div class='ocr_carea' id='block_1_1' title="bbox 354 122 1770 179">
    <p class='ocr_par' dir='ltr' id='par_1_1' title="bbox 354 122 1770 179">
     <span class='ocr_line' id='line_1_1' title="bbox 354 122 1770 179; baseline 0.001 -12"><span class='ocrx_word' id='word_1_1' title='bbox 354 122 583 167; x_wconf 80' lang='lat' dir='ltr'><strong>LIBANII</strong></span> <span class='ocrx_word' id='word_1_2' title='bbox 615 122 840 168; x_wconf 87' lang='lat' dir='ltr'><strong>ORATIO</strong></span> <span class='ocrx_word' id='word_1_3' title='bbox 874 122 1118 169; x_wconf 85' lang='lat' dir='ltr'><strong>CONTRA</strong></span> <span class='ocrx_word' id='word_1_4' title='bbox 1147 123 1404 168; x_wconf 88' lang='lat' dir='ltr'>ICARIUM</span> <span class='ocrx_word' id='word_1_5' title='bbox 1433 125 1476 169; x_wconf 89' lang='lat' dir='ltr'><em>II</em></span> <span class='ocrx_word' id='word_1_6' title='bbox 1703 127 1770 179; x_wconf 81' lang='lat'><em>51</em></span> 
     </span>
    </p>
   </div>
   <div class='ocr_carea' id='block_1_2' title="bbox 78 256 1859 1396">
    <p class='ocr_par' dir='ltr' id='par_1_2' title="bbox 78 256 1859 1396">
     <span class='ocr_line' id='line_1_2' title="bbox 86 256 1773 330; baseline 0.002 -17"><span class='ocrx_word' id='word_1_7' title='bbox 86 256 246 328; x_wconf 75' lang='grc' dir='ltr'><em>ὑπὲρ</em></span> <span class='ocrx_word' id='word_1_8' title='bbox 285 256 358 329; x_wconf 81' lang='grc' dir='ltr'><em>ἧς</em></span> <span class='ocrx_word' id='word_1_9' title='bbox 392 259 421 313; x_wconf 86' lang='grc' dir='ltr'>ὁ</span> <span class='ocrx_word' id='word_1_10' title='bbox 455 260 790 330; x_wconf 83' lang='grc' dir='ltr'><em>Κυριακὸς</em></span> <span class='ocrx_word' id='word_1_11' title='bbox 821 260 1256 328; x_wconf 80' lang='grc' dir='ltr'><strong><em>εἰσεληλύθει.</em></strong></span> <span class='ocrx_word' id='word_1_12' title='bbox 1317 262 1494 314; x_wconf 84' lang='grc' dir='ltr'><em>καίτοι</em></span> <span class='ocrx_word' id='word_1_13' title='bbox 1526 263 1583 315; x_wconf 89' lang='grc' dir='ltr'><em>τί</em></span> <span class='ocrx_word' id='word_1_14' title='bbox 1609 270 1773 316; x_wconf 89' lang='grc' dir='ltr'><em>τοῦτο</em></span> 
     </span>
     <span class='ocr_line' id='line_1_3' title="bbox 85 345 1775 422; baseline 0.001 -20"><span class='ocrx_word' id='word_1_15' title='bbox 85 349 223 418; x_wconf 83' lang='grc' dir='ltr'><em>πρὸς</em></span> <span class='ocrx_word' id='word_1_16' title='bbox 275 348 374 401; x_wconf 91' lang='grc' dir='ltr'><em>τὸν</em></span> <span class='ocrx_word' id='word_1_17' title='bbox 426 348 708 417; x_wconf 77' lang='grc' dir='ltr'><em>Λάμαχον,</em></span> <span class='ocrx_word' id='word_1_18' title='bbox 770 347 831 411; x_wconf 87' lang='grc' dir='ltr'><em>ὃς</em></span> <span class='ocrx_word' id='word_1_19' title='bbox 885 349 1088 418; x_wconf 85' lang='grc' dir='ltr'><em>εἰρήκει</em></span> <span class='ocrx_word' id='word_1_20' title='bbox 1142 345 1243 418; x_wconf 74' lang='grc' dir='ltr'><em>μὲν</em></span> <span class='ocrx_word' id='word_1_21' title='bbox 1290 347 1533 422; x_wconf 65' lang='grc' dir='ltr'><em>“Ησυχίῳ</em></span> <span class='ocrx_word' id='word_1_22' title='bbox 1587 357 1775 419; x_wconf 88' lang='grc' dir='ltr'><em>ταῦτα,</em></span> 
     </span>
     <span class='ocr_line' id='line_1_4' title="bbox 86 434 1774 510; baseline 0.001 -19"><span class='ocrx_word' id='word_1_23' title='bbox 86 439 287 508; x_wconf 86' lang='grc' dir='ltr'><em>εἰρήκει</em></span> <span class='ocrx_word' id='word_1_24' title='bbox 334 434 394 490; x_wconf 77' lang='grc' dir='ltr'><em>δὲ</em></span> <span class='ocrx_word' id='word_1_25' title='bbox 428 435 759 509; x_wconf 66' lang='grc' dir='ltr'><em>”Ηρακλ.είςο,</em></span> <span class='ocrx_word' id='word_1_26' title='bbox 814 438 867 490; x_wconf 83' lang='grc' dir='ltr'><em>οἱ</em></span> <span class='ocrx_word' id='word_1_27' title='bbox 915 434 975 490; x_wconf 76' lang='grc' dir='ltr'><em>δὲ</em></span> <span class='ocrx_word' id='word_1_28' title='bbox 1013 436 1244 509; x_wconf 78' lang='grc' dir='ltr'><em>Ἀραβίῳ</em></span> <span class='ocrx_word' id='word_1_29' title='bbox 1294 436 1459 507; x_wconf 81' lang='grc' dir='ltr'><strong><em>μέρος</em></strong></span> <span class='ocrx_word' id='word_1_30' title='bbox 1505 459 1558 492; x_wconf 90' lang='grc' dir='ltr'><em>τι</em></span> <span class='ocrx_word' id='word_1_31' title='bbox 1603 456 1774 510; x_wconf 83' lang='grc' dir='ltr'><em>παρα-</em></span> 
     </span>
     <span class='ocr_line' id='line_1_5' title="bbox 86 524 1773 599; baseline 0.001 -19"><span class='ocrx_word' id='word_1_32' title='bbox 86 527 275 589; x_wconf 83' lang='grc' dir='ltr'><strong><em>δόντες</em></strong></span> <span class='ocrx_word' id='word_1_33' title='bbox 322 533 419 594; x_wconf 82' lang='grc' dir='ltr'><em>τῆς</em></span> <span class='ocrx_word' id='word_1_34' title='bbox 465 527 622 594; x_wconf 81' lang='grc' dir='ltr'><em>δίκης</em></span> <span class='ocrx_word' id='word_1_35' title='bbox 666 524 964 596; x_wconf 82' lang='grc' dir='ltr'><em>κληθέντες</em></span> <span class='ocrx_word' id='word_1_36' title='bbox 1003 524 1267 595; x_wconf 80' lang='grc' dir='ltr'><strong><em>ἐξαίφνης</em></strong></span> <span class='ocrx_word' id='word_1_37' title='bbox 1306 527 1476 580; x_wconf 88' lang='grc' dir='ltr'><em>αὐτὸν</em></span> <span class='ocrx_word' id='word_1_38' title='bbox 1513 527 1773 599; x_wconf 85' lang='grc' dir='ltr'><em>ὑπερβαί-</em></span> 
     </span>
     <span class='ocr_line' id='line_1_6' title="bbox 83 614 1839 687; baseline 0.001 -18"><span class='ocrx_word' id='word_1_39' title='bbox 83 634 273 678; x_wconf 85' lang='grc' dir='ltr'><em>νοντες</em></span> <span class='ocrx_word' id='word_1_40' title='bbox 317 615 417 668; x_wconf 92' lang='grc' dir='ltr'><em>τὸν</em></span> <span class='ocrx_word' id='word_1_41' title='bbox 463 615 638 668; x_wconf 85' lang='grc' dir='ltr'><em>οὐδὸν</em></span> <span class='ocrx_word' id='word_1_42' title='bbox 685 614 1052 686; x_wconf 79' lang='grc' dir='ltr'><em>ἀφῃρέθησαν</em></span> <span class='ocrx_word' id='word_1_43' title='bbox 1097 615 1206 668; x_wconf 86' lang='grc' dir='ltr'><em>ὑπὸ</em></span> <span class='ocrx_word' id='word_1_44' title='bbox 1253 616 1454 684; x_wconf 79' lang='grc' dir='ltr'><em>τάχους</em></span> <span class='ocrx_word' id='word_1_45' title='bbox 1502 617 1603 685; x_wconf 85' lang='grc' dir='ltr'><em>τὴν</em></span> <span class='ocrx_word' id='word_1_46' title='bbox 1647 618 1772 687; x_wconf 85' lang='grc' dir='ltr'><em>περὶ</em></span> <span class='ocrx_word' id='word_1_47' title='bbox 1820 639 1839 670; x_wconf 86' lang='lat'>5</span> 
     </span>
     <span class='ocr_line' id='line_1_7' title="bbox 82 701 1774 774; baseline 0.001 -17"><span class='ocrx_word' id='word_1_48' title='bbox 82 711 177 772; x_wconf 87' lang='grc' dir='ltr'><em>τῆς</em></span> <span class='ocrx_word' id='word_1_49' title='bbox 223 704 486 772; x_wconf 76' lang='grc' dir='ltr'><em>γυναικὸς</em></span> <span class='ocrx_word' id='word_1_50' title='bbox 533 706 771 773; x_wconf 87' lang='grc' dir='ltr'><em>μνήμην,</em></span> <span class='ocrx_word' id='word_1_51' title='bbox 818 701 944 757; x_wconf 82' lang='grc' dir='ltr'><em>ὥστ’</em></span> <span class='ocrx_word' id='word_1_52' title='bbox 978 709 1031 757; x_wconf 78' lang='grc' dir='ltr'><strong><em>εἰ</em></strong></span> <span class='ocrx_word' id='word_1_53' title='bbox 1064 724 1190 757; x_wconf 90' lang='grc' dir='ltr'><em>τινα</em></span> <span class='ocrx_word' id='word_1_54' title='bbox 1228 704 1318 757; x_wconf 82' lang='grc' dir='ltr'><em>καὶ</em></span> <span class='ocrx_word' id='word_1_55' title='bbox 1356 708 1623 774; x_wconf 78' lang='grc' dir='ltr'><em>τιμωρίαν</em></span> <span class='ocrx_word' id='word_1_56' title='bbox 1660 702 1774 759; x_wconf 78' lang='grc' dir='ltr'><em>ἔδει</em></span> 
     </span>
     <span class='ocr_line' id='line_1_8' title="bbox 83 791 1773 863; baseline 0.001 -17"><span class='ocrx_word' id='word_1_57' title='bbox 83 791 360 862; x_wconf 80' lang='grc' dir='ltr'><em>γενέσθαι,</em></span> <span class='ocrx_word' id='word_1_58' title='bbox 392 793 540 862; x_wconf 86' lang='grc' dir='ltr'><em>παρὰ</em></span> <span class='ocrx_word' id='word_1_59' title='bbox 564 794 794 861; x_wconf 87' lang='grc' dir='ltr'><em>τούτων,</em></span> <span class='ocrx_word' id='word_1_60' title='bbox 827 793 895 846; x_wconf 87' lang='grc' dir='ltr'><em>οὐ</em></span> <span class='ocrx_word' id='word_1_61' title='bbox 928 792 1054 863; x_wconf 86' lang='grc' dir='ltr'><em>παρ’</em></span> <span class='ocrx_word' id='word_1_62' title='bbox 1086 792 1300 846; x_wconf 82' lang='grc' dir='ltr'><em>ἐκείνου</em></span> <span class='ocrx_word' id='word_1_63' title='bbox 1333 792 1596 861; x_wconf 76' lang='grc' dir='ltr'><em>γενέσθαι</em></span> <span class='ocrx_word' id='word_1_64' title='bbox 1620 802 1773 863; x_wconf 81' lang='grc' dir='ltr'><em>χρῆν.</em></span> 
     </span>
     <span class='ocr_line' id='line_1_9' title="bbox 82 877 1771 952; baseline -0.001 -16"><span class='ocrx_word' id='word_1_65' title='bbox 82 881 112 936; x_wconf 89' lang='grc' dir='ltr'>ὁ</span> <span class='ocrx_word' id='word_1_66' title='bbox 153 877 213 934; x_wconf 72' lang='grc' dir='ltr'><em>δὲ</em></span> <span class='ocrx_word' id='word_1_67' title='bbox 251 882 312 934; x_wconf 86' lang='grc' dir='ltr'><em>τὸ</em></span> <span class='ocrx_word' id='word_1_68' title='bbox 352 881 454 949; x_wconf 80' lang='grc' dir='ltr'><em>μὲν</em></span> <span class='ocrx_word' id='word_1_69' title='bbox 492 882 594 935; x_wconf 86' lang='grc' dir='ltr'><em>οὐκ</em></span> <span class='ocrx_word' id='word_1_70' title='bbox 634 881 920 951; x_wconf 83' lang='grc' dir='ltr'><em>ἐτόλμησε,</em></span> <span class='ocrx_word' id='word_1_71' title='bbox 978 883 1038 935; x_wconf 90' lang='grc' dir='ltr'><em>τὸ</em></span> <span class='ocrx_word' id='word_1_72' title='bbox 1087 879 1148 935; x_wconf 74' lang='grc' dir='ltr'><em>δὲ</em></span> <span class='ocrx_word' id='word_1_73' title='bbox 1199 881 1468 950; x_wconf 77' lang='grc' dir='ltr'><em>ἐποίησεν.</em></span> <span class='ocrx_word' id='word_1_74' title='bbox 1546 883 1612 935; x_wconf 86' lang='grc' dir='ltr'><em>οὐ</em></span> <span class='ocrx_word' id='word_1_75' title='bbox 1667 883 1771 952; x_wconf 76' lang='grc' dir='ltr'><em>γὰρ</em></span> 
     </span>
     <span class='ocr_line' id='line_1_10' title="bbox 81 965 1771 1041; baseline 0.001 -18"><span class='ocrx_word' id='word_1_76' title='bbox 81 965 151 1038; x_wconf 78' lang='grc' dir='ltr'><em>ἦν</em></span> <span class='ocrx_word' id='word_1_77' title='bbox 202 977 368 1023; x_wconf 85' lang='grc' dir='ltr'><em>τοῦτο</em></span> <span class='ocrx_word' id='word_1_78' title='bbox 424 971 628 1039; x_wconf 87' lang='grc' dir='ltr'><em>δεινόν,</em></span> <span class='ocrx_word' id='word_1_79' title='bbox 690 969 808 1024; x_wconf 81' lang='grc' dir='ltr'><em>ἀλλ’</em></span> <span class='ocrx_word' id='word_1_80' title='bbox 845 967 916 1039; x_wconf 80' lang='grc' dir='ltr'><em>ἧν</em></span> <span class='ocrx_word' id='word_1_81' title='bbox 977 969 1169 1040; x_wconf 78' lang='grc' dir='ltr'><em>ἕτερον</em></span> <span class='ocrx_word' id='word_1_82' title='bbox 1221 971 1283 1024; x_wconf 89' lang='grc' dir='ltr'><em>τὸ</em></span> <span class='ocrx_word' id='word_1_83' title='bbox 1344 970 1678 1041; x_wconf 84' lang='grc' dir='ltr'><em>παροξύνον,</em></span> <span class='ocrx_word' id='word_1_84' title='bbox 1742 972 1771 1025; x_wconf 89' lang='grc' dir='ltr'><strong>ὃ</strong></span> 
     </span>
     <span class='ocr_line' id='line_1_11' title="bbox 80 1057 1839 1131; baseline 0.001 -19"><span class='ocrx_word' id='word_1_85' title='bbox 80 1060 374 1128; x_wconf 81' lang='grc' dir='ltr'><em>προϊόντος</em></span> <span class='ocrx_word' id='word_1_86' title='bbox 404 1064 522 1129; x_wconf 74' lang='grc' dir='ltr'><em>εἴσῃ</em></span> <span class='ocrx_word' id='word_1_87' title='bbox 555 1067 655 1131; x_wconf 80' lang='grc' dir='ltr'><em>τοῦ</em></span> <span class='ocrx_word' id='word_1_88' title='bbox 689 1061 875 1128; x_wconf 79' lang='grc' dir='ltr'><em>λόγου.</em></span> <span class='ocrx_word' id='word_1_89' title='bbox 942 1060 1023 1112; x_wconf 90' lang='grc'><em>10.</em></span> <span class='ocrx_word' id='word_1_90' title='bbox 1058 1061 1142 1113; x_wconf 82' lang='grc' dir='ltr'><em>ὅτι</em></span> <span class='ocrx_word' id='word_1_91' title='bbox 1175 1057 1235 1112; x_wconf 74' lang='grc' dir='ltr'><em>δὲ</em></span> <span class='ocrx_word' id='word_1_92' title='bbox 1268 1060 1335 1112; x_wconf 84' lang='grc' dir='ltr'><em>οὐ</em></span> <span class='ocrx_word' id='word_1_93' title='bbox 1369 1061 1557 1113; x_wconf 91' lang='grc' dir='ltr'><strong><em>δεινὸν</em></strong></span> <span class='ocrx_word' id='word_1_94' title='bbox 1587 1068 1769 1129; x_wconf 89' lang='grc' dir='ltr'><em>τοῦτο,</em></span> <span class='ocrx_word' id='word_1_95' title='bbox 1796 1083 1839 1115; x_wconf 84' lang='grc' dir='ltr'><em>ιο</em></span> 
     </span>
     <span class='ocr_line' id='line_1_12' title="bbox 79 1148 1859 1220; baseline 0.003 -20"><span class='ocrx_word' id='word_1_96' title='bbox 79 1149 245 1200; x_wconf 84' lang='grc' dir='ltr'><em>παντί</em></span> <span class='ocrx_word' id='word_1_97' title='bbox 279 1165 388 1200; x_wconf 86' lang='grc' dir='ltr'><em>που</em></span> <span class='ocrx_word' id='word_1_98' title='bbox 445 1148 451 1217; x_wconf 91' lang='grc' dir='ltr'>Ι</span> <span class='ocrx_word' id='word_1_99' title='bbox 511 1149 699 1218; x_wconf 83' lang='grc' dir='ltr'><em>δῆλον.</em></span> <span class='ocrx_word' id='word_1_100' title='bbox 775 1151 946 1216; x_wconf 89' lang='grc' dir='ltr'><em>νόμος</em></span> <span class='ocrx_word' id='word_1_101' title='bbox 984 1150 1089 1220; x_wconf 79' lang='grc' dir='ltr'><em>γὰρ</em></span> <span class='ocrx_word' id='word_1_102' title='bbox 1131 1149 1318 1211; x_wconf 81' lang='grc' dir='ltr'><em>οὐδεὶς</em></span> <span class='ocrx_word' id='word_1_103' title='bbox 1353 1150 1613 1219; x_wconf 86' lang='grc' dir='ltr'><em>παρεβαί-</em></span> <span class='ocrx_word' id='word_1_104' title='bbox 1651 1161 1859 1205; x_wconf 87' lang='lat' dir='ltr'>RH138</span> 
     </span>
     <span class='ocr_line' id='line_1_13' title="bbox 80 1235 1771 1307; baseline 0.001 -18"><span class='ocrx_word' id='word_1_105' title='bbox 80 1255 204 1290; x_wconf 88' lang='grc' dir='ltr'><em>νετο</em></span> <span class='ocrx_word' id='word_1_106' title='bbox 268 1235 388 1290; x_wconf 89' lang='grc' dir='ltr'><em>οὐδ’</em></span> <span class='ocrx_word' id='word_1_107' title='bbox 421 1238 470 1291; x_wconf 85' lang='grc' dir='ltr'><strong><em>εἰ</em></strong></span> <span class='ocrx_word' id='word_1_108' title='bbox 532 1235 756 1291; x_wconf 85' lang='grc' dir='ltr'><em>ἑκοῦσιν</em></span> <span class='ocrx_word' id='word_1_109' title='bbox 819 1237 1102 1307; x_wconf 79' lang='grc' dir='ltr'><em>ε’σεσίγητο</em></span> <span class='ocrx_word' id='word_1_110' title='bbox 1163 1238 1225 1291; x_wconf 89' lang='grc' dir='ltr'><em>τὸ</em></span> <span class='ocrx_word' id='word_1_111' title='bbox 1288 1238 1539 1307; x_wconf 80' lang='grc' dir='ltr'><em>γύναιον,</em></span> <span class='ocrx_word' id='word_1_112' title='bbox 1603 1238 1771 1291; x_wconf 79' lang='grc' dir='ltr'><em>οὐδὲν</em></span> 
     </span>
     <span class='ocr_line' id='line_1_14' title="bbox 78 1324 1769 1396; baseline 0.001 -18"><span class='ocrx_word' id='word_1_113' title='bbox 78 1324 442 1395; x_wconf 76' lang='grc' dir='ltr'><em>ἡμαρτοένετο,</em></span> <span class='ocrx_word' id='word_1_114' title='bbox 494 1325 615 1379; x_wconf 86' lang='grc' dir='ltr'><em>οὐδ’</em></span> <span class='ocrx_word' id='word_1_115' title='bbox 647 1328 725 1389; x_wconf 89' lang='grc' dir='ltr'><strong><em>εἰς</em></strong></span> <span class='ocrx_word' id='word_1_116' title='bbox 770 1327 870 1381; x_wconf 90' lang='grc' dir='ltr'><em>τὸν</em></span> <span class='ocrx_word' id='word_1_117' title='bbox 917 1325 1329 1396; x_wconf 80' lang='grc' dir='ltr'><em>ἀπεσταλμένον</em></span> <span class='ocrx_word' id='word_1_118' title='bbox 1374 1325 1466 1379; x_wconf 87' lang='grc' dir='ltr'><em>ὑπ’</em></span> <span class='ocrx_word' id='word_1_119' title='bbox 1500 1326 1667 1395; x_wconf 82' lang='grc' dir='ltr'><em>αὐτῆς</em></span> <span class='ocrx_word' id='word_1_120' title='bbox 1704 1328 1769 1379; x_wconf 83' lang='grc' dir='ltr'><em>τὰ</em></span> 
     </span>
    </p>
   </div>
   <div class='ocr_carea' id='block_1_3' title="bbox 0 1411 1769 1486">
    <p class='ocr_par' dir='ltr' id='par_1_3' title="bbox 0 1411 1769 1486">
     <span class='ocr_line' id='line_1_15' title="bbox 0 1411 1769 1486; baseline 0.001 -20"><span class='ocrx_word' id='word_1_121' title='bbox 0 1435 1 1461; x_wconf 38' lang='grc' dir='ltr'>ὲ</span> <span class='ocrx_word' id='word_1_122' title='bbox 70 1411 277 1482; x_wconf 83' lang='grc' dir='ltr'><em>’κείνης</em></span> <span class='ocrx_word' id='word_1_123' title='bbox 314 1413 613 1484; x_wconf 87' lang='grc' dir='ltr'><em>διέβαινεν,</em></span> <span class='ocrx_word' id='word_1_124' title='bbox 654 1414 773 1469; x_wconf 79' lang='grc' dir='ltr'><em>ἀλλ’</em></span> <span class='ocrx_word' id='word_1_125' title='bbox 805 1415 996 1486; x_wconf 82' lang='grc' dir='ltr'><em>ἕτερον</em></span> <span class='ocrx_word' id='word_1_126' title='bbox 1033 1413 1135 1482; x_wconf 76' lang='grc' dir='ltr'><em>μὲν</em></span> <span class='ocrx_word' id='word_1_127' title='bbox 1174 1415 1204 1469; x_wconf 84' lang='grc' dir='ltr'>ὁ</span> <span class='ocrx_word' id='word_1_128' title='bbox 1245 1417 1542 1485; x_wconf 84' lang='grc' dir='ltr'><em>Κυριακός,</em></span> <span class='ocrx_word' id='word_1_129' title='bbox 1582 1414 1769 1485; x_wconf 81' lang='grc' dir='ltr'><em>ἕτερον</em></span> 
     </span>
    </p>
   </div>
   <div class='ocr_carea' id='block_1_4' title="bbox 0 1495 1836 2372">
    <p class='ocr_par' dir='ltr' id='par_1_4' title="bbox 0 1495 1836 2372">
     <span class='ocr_line' id='line_1_16' title="bbox 0 1495 1836 1574; baseline 0.002 -20"><span class='ocrx_word' id='word_1_130' title='bbox 0 1495 1 1516; x_wconf 20' lang='grc' dir='ltr'>ἢ</span> <span class='ocrx_word' id='word_1_131' title='bbox 80 1498 141 1555; x_wconf 75' lang='grc' dir='ltr'><em>δὲ</em></span> <span class='ocrx_word' id='word_1_132' title='bbox 178 1503 211 1572; x_wconf 84' lang='grc' dir='ltr'><em>ἡ</em></span> <span class='ocrx_word' id='word_1_133' title='bbox 251 1501 596 1574; x_wconf 76' lang='grc' dir='ltr'><em>Άντιπάτρα·</em></span> <span class='ocrx_word' id='word_1_134' title='bbox 644 1502 769 1557; x_wconf 82' lang='grc' dir='ltr'><em>ὥστ’</em></span> <span class='ocrx_word' id='word_1_135' title='bbox 803 1507 854 1557; x_wconf 89' lang='grc' dir='ltr'><strong><em>εἰ</em></strong></span> <span class='ocrx_word' id='word_1_136' title='bbox 889 1506 980 1557; x_wconf 82' lang='grc' dir='ltr'><em>καὶ</em></span> <span class='ocrx_word' id='word_1_137' title='bbox 1020 1508 1147 1557; x_wconf 86' lang='grc' dir='ltr'><em>λιάν</em></span> <span class='ocrx_word' id='word_1_138' title='bbox 1185 1503 1365 1574; x_wconf 81' lang='grc' dir='ltr'><em>ἐκείνῃ</em></span> <span class='ocrx_word' id='word_1_139' title='bbox 1413 1512 1581 1573; x_wconf 80' lang='grc' dir='ltr'><strong><em>μετῆν</em></strong></span> <span class='ocrx_word' id='word_1_140' title='bbox 1619 1520 1770 1566; x_wconf 86' lang='grc' dir='ltr'><em>τινος</em></span> <span class='ocrx_word' id='word_1_141' title='bbox 1795 1526 1836 1558; x_wconf 88' lang='lat'><em>15</em></span> 
     </span>
     <span class='ocr_line' id='line_1_17' title="bbox 79 1588 1770 1662; baseline 0.001 -19"><span class='ocrx_word' id='word_1_142' title='bbox 79 1593 366 1660; x_wconf 83' lang='grc' dir='ltr'><em>σχήματος,</em></span> <span class='ocrx_word' id='word_1_143' title='bbox 407 1593 626 1662; x_wconf 80' lang='grc' dir='ltr'><em>ἰδιώτης</em></span> <span class='ocrx_word' id='word_1_144' title='bbox 664 1588 735 1661; x_wconf 79' lang='grc' dir='ltr'><em>ἧν</em></span> <span class='ocrx_word' id='word_1_145' title='bbox 767 1588 948 1660; x_wconf 86' lang='grc' dir='ltr'><em>οὗτος,</em></span> <span class='ocrx_word' id='word_1_146' title='bbox 988 1592 1016 1645; x_wconf 89' lang='grc' dir='ltr'>ὃ</span> <span class='ocrx_word' id='word_1_147' title='bbox 1051 1595 1118 1662; x_wconf 87' lang='grc' dir='ltr'><em>δὴ</em></span> <span class='ocrx_word' id='word_1_148' title='bbox 1150 1593 1239 1646; x_wconf 83' lang='grc' dir='ltr'><em>καὶ</em></span> <span class='ocrx_word' id='word_1_149' title='bbox 1277 1591 1508 1661; x_wconf 76' lang='grc' dir='ltr'><em>ἐλέγετο,</em></span> <span class='ocrx_word' id='word_1_150' title='bbox 1547 1593 1636 1645; x_wconf 79' lang='grc' dir='ltr'><em>καὶ</em></span> <span class='ocrx_word' id='word_1_151' title='bbox 1669 1593 1770 1645; x_wconf 83' lang='grc' dir='ltr'><em>οὐκ</em></span> 
     </span>
     <span class='ocr_line' id='line_1_18' title="bbox 80 1679 1769 1751; baseline 0.001 -19"><span class='ocrx_word' id='word_1_152' title='bbox 80 1679 299 1749; x_wconf 78' lang='grc' dir='ltr'><strong><em>ἰδιώτης</em></strong></span> <span class='ocrx_word' id='word_1_153' title='bbox 343 1682 534 1750; x_wconf 83' lang='grc' dir='ltr'><em>μόνον,</em></span> <span class='ocrx_word' id='word_1_154' title='bbox 589 1680 708 1735; x_wconf 79' lang='grc' dir='ltr'><em>ἀλλ’</em></span> <span class='ocrx_word' id='word_1_155' title='bbox 738 1683 843 1751; x_wconf 76' lang='grc' dir='ltr'><em>ἤδη</em></span> <span class='ocrx_word' id='word_1_156' title='bbox 898 1681 990 1736; x_wconf 86' lang='grc' dir='ltr'><em>καὶ</em></span> <span class='ocrx_word' id='word_1_157' title='bbox 1038 1684 1240 1745; x_wconf 81' lang='grc' dir='ltr'><em>δοῦλος</em></span> <span class='ocrx_word' id='word_1_158' title='bbox 1292 1682 1383 1735; x_wconf 83' lang='grc' dir='ltr'><em>καὶ</em></span> <span class='ocrx_word' id='word_1_159' title='bbox 1430 1681 1656 1751; x_wconf 84' lang='grc' dir='ltr'><em>προσέτι</em></span> <span class='ocrx_word' id='word_1_160' title='bbox 1707 1701 1769 1750; x_wconf 76' lang='grc' dir='ltr'><em>γε</em></span> 
     </span>
     <span class='ocr_line' id='line_1_19' title="bbox 79 1769 1774 1841; baseline 0.001 -20"><span class='ocrx_word' id='word_1_161' title='bbox 79 1770 276 1838; x_wconf 79' lang='grc' dir='ltr'><em>λῃστὴς</em></span> <span class='ocrx_word' id='word_1_162' title='bbox 312 1773 540 1823; x_wconf 83' lang='grc' dir='ltr'><em>πλεῖστα</em></span> <span class='ocrx_word' id='word_1_163' title='bbox 580 1771 648 1840; x_wconf 86' lang='grc' dir='ltr'><em>δὴ</em></span> <span class='ocrx_word' id='word_1_164' title='bbox 687 1769 870 1840; x_wconf 81' lang='grc' dir='ltr'><em>ξίφεσι</em></span> <span class='ocrx_word' id='word_1_165' title='bbox 912 1770 1037 1840; x_wconf 86' lang='grc' dir='ltr'><em>περὶ</em></span> <span class='ocrx_word' id='word_1_166' title='bbox 1075 1779 1246 1824; x_wconf 84' lang='grc' dir='ltr'><em>ταῦτα</em></span> <span class='ocrx_word' id='word_1_167' title='bbox 1285 1771 1640 1841; x_wconf 78' lang='grc' dir='ltr'><em>χρησάμενος.</em></span> <span class='ocrx_word' id='word_1_168' title='bbox 1716 1773 1774 1823; x_wconf 85' lang='grc' dir='ltr'><em>τί</em></span> 
     </span>
     <span class='ocr_line' id='line_1_20' title="bbox 78 1852 1768 1930; baseline 0.002 -21"><span class='ocrx_word' id='word_1_169' title='bbox 78 1852 182 1910; x_wconf 87' lang='grc' dir='ltr'><em>οὖν</em></span> <span class='ocrx_word' id='word_1_170' title='bbox 232 1858 403 1913; x_wconf 87' lang='grc' dir='ltr'><em>αὐτὸν</em></span> <span class='ocrx_word' id='word_1_171' title='bbox 448 1860 527 1922; x_wconf 90' lang='grc' dir='ltr'><strong><em>εἰς</em></strong></span> <span class='ocrx_word' id='word_1_172' title='bbox 577 1861 643 1912; x_wconf 80' lang='grc' dir='ltr'><em>τὰ</em></span> <span class='ocrx_word' id='word_1_173' title='bbox 692 1868 788 1929; x_wconf 85' lang='grc' dir='ltr'><em>τῆς</em></span> <span class='ocrx_word' id='word_1_174' title='bbox 824 1859 1179 1930; x_wconf 78' lang='grc' dir='ltr'><em>Ἀντιπάτρας</em></span> <span class='ocrx_word' id='word_1_175' title='bbox 1233 1860 1491 1927; x_wconf 74' lang='grc' dir='ltr'><em>εἰσάγειςς</em></span> <span class='ocrx_word' id='word_1_176' title='bbox 1549 1860 1768 1928; x_wconf 90' lang='grc' dir='ltr'><strong><em>ἰδιώτης</em></strong></span> 
     </span>
     <span class='ocr_line' id='line_1_21' title="bbox 78 1943 1834 2016; baseline 0.002 -19"><span class='ocrx_word' id='word_1_177' title='bbox 78 1949 283 2015; x_wconf 78' lang='grc' dir='ltr'><em>εἴρητο,</em></span> <span class='ocrx_word' id='word_1_178' title='bbox 337 1954 500 2001; x_wconf 88' lang='grc' dir='ltr'><em>τοῦτο</em></span> <span class='ocrx_word' id='word_1_179' title='bbox 555 1949 658 2016; x_wconf 81' lang='grc' dir='ltr'><em>γὰρ</em></span> <span class='ocrx_word' id='word_1_180' title='bbox 707 1943 791 2015; x_wconf 76' lang='grc' dir='ltr'><em>ἦν.</em></span> <span class='ocrx_word' id='word_1_181' title='bbox 854 1948 883 2002; x_wconf 90' lang='grc' dir='ltr'>ὁ</span> <span class='ocrx_word' id='word_1_182' title='bbox 940 1948 1002 2001; x_wconf 80' lang='grc' dir='ltr'><em>δὲ</em></span> <span class='ocrx_word' id='word_1_183' title='bbox 1047 1946 1137 2001; x_wconf 85' lang='grc' dir='ltr'><em>καὶ</em></span> <span class='ocrx_word' id='word_1_184' title='bbox 1194 1949 1395 2010; x_wconf 84' lang='grc' dir='ltr'><em>δοῦλος</em></span> <span class='ocrx_word' id='word_1_185' title='bbox 1440 1943 1524 2015; x_wconf 77' lang='grc' dir='ltr'><em>ἦν.</em></span> <span class='ocrx_word' id='word_1_186' title='bbox 1600 1955 1764 2000; x_wconf 91' lang='grc' dir='ltr'><em>τοῦτο</em></span> <span class='ocrx_word' id='word_1_187' title='bbox 1791 1969 1834 2000; x_wconf 74' lang='lat'><em>20</em></span> 
     </span>
     <span class='ocr_line' id='line_1_22' title="bbox 79 2033 1767 2106; baseline 0.001 -19"><span class='ocrx_word' id='word_1_188' title='bbox 79 2033 179 2087; x_wconf 85' lang='grc' dir='ltr'><em>οὐκ</em></span> <span class='ocrx_word' id='word_1_189' title='bbox 234 2039 430 2106; x_wconf 76' lang='grc' dir='ltr'><em>εἴρητο.</em></span> <span class='ocrx_word' id='word_1_190' title='bbox 508 2035 634 2089; x_wconf 82' lang='grc' dir='ltr'><em>ὥστ’</em></span> <span class='ocrx_word' id='word_1_191' title='bbox 667 2035 729 2090; x_wconf 85' lang='grc' dir='ltr'><em>έν</em></span> <span class='ocrx_word' id='word_1_192' title='bbox 782 2037 885 2106; x_wconf 80' lang='grc' dir='ltr'><em>μὲν</em></span> <span class='ocrx_word' id='word_1_193' title='bbox 936 2045 1053 2100; x_wconf 92' lang='grc' dir='ltr'><em>τοῖς</em></span> <span class='ocrx_word' id='word_1_194' title='bbox 1107 2037 1208 2090; x_wconf 81' lang='grc' dir='ltr'><em>οὐκ</em></span> <span class='ocrx_word' id='word_1_195' title='bbox 1260 2035 1569 2106; x_wconf 89' lang='grc' dir='ltr'><em>εἰρημένοις</em></span> <span class='ocrx_word' id='word_1_196' title='bbox 1620 2035 1767 2105; x_wconf 84' lang='grc' dir='ltr'><em>ἐκέρ-</em></span> 
     </span>
     <span class='ocr_line' id='line_1_23' title="bbox 78 2122 1767 2195; baseline 0.002 -20"><span class='ocrx_word' id='word_1_197' title='bbox 78 2122 282 2183; x_wconf 86' lang='grc' dir='ltr'><em>δαινεν,</em></span> <span class='ocrx_word' id='word_1_198' title='bbox 335 2123 396 2177; x_wconf 88' lang='grc' dir='ltr'><em>έν</em></span> <span class='ocrx_word' id='word_1_199' title='bbox 432 2134 549 2188; x_wconf 85' lang='grc' dir='ltr'><em>τοῖς</em></span> <span class='ocrx_word' id='word_1_200' title='bbox 595 2125 904 2195; x_wconf 89' lang='grc' dir='ltr'><em>εἰρημένοις</em></span> <span class='ocrx_word' id='word_1_201' title='bbox 952 2122 1014 2178; x_wconf 78' lang='grc' dir='ltr'><em>δὲ</em></span> <span class='ocrx_word' id='word_1_202' title='bbox 1065 2125 1165 2178; x_wconf 86' lang='grc' dir='ltr'><em>οὐκ</em></span> <span class='ocrx_word' id='word_1_203' title='bbox 1216 2125 1471 2192; x_wconf 84' lang='grc' dir='ltr'><em>ἠδικεῖτο.</em></span> <span class='ocrx_word' id='word_1_204' title='bbox 1554 2126 1635 2177; x_wconf 86' lang='grc'><em>11.</em></span> <span class='ocrx_word' id='word_1_205' title='bbox 1685 2126 1767 2187; x_wconf 87' lang='grc' dir='ltr'><em>τίς</em></span> 
     </span>
     <span class='ocr_line' id='line_1_24' title="bbox 79 2207 1765 2284; baseline 0.001 -21"><span class='ocrx_word' id='word_1_206' title='bbox 79 2207 139 2263; x_wconf 73' lang='grc' dir='ltr'><em>δὲ</em></span> <span class='ocrx_word' id='word_1_207' title='bbox 177 2212 266 2265; x_wconf 83' lang='grc' dir='ltr'><em>καὶ</em></span> <span class='ocrx_word' id='word_1_208' title='bbox 304 2212 337 2281; x_wconf 83' lang='grc' dir='ltr'><em>ἡ</em></span> <span class='ocrx_word' id='word_1_209' title='bbox 376 2214 552 2282; x_wconf 83' lang='grc' dir='ltr'><em>πολλὴ</em></span> <span class='ocrx_word' id='word_1_210' title='bbox 592 2215 809 2282; x_wconf 84' lang='grc' dir='ltr'><em>σπουδὴ</em></span> <span class='ocrx_word' id='word_1_211' title='bbox 854 2212 980 2284; x_wconf 84' lang='grc' dir='ltr'><em>περὶ</em></span> <span class='ocrx_word' id='word_1_212' title='bbox 1029 2214 1130 2281; x_wconf 88' lang='grc' dir='ltr'><em>τὴν</em></span> <span class='ocrx_word' id='word_1_213' title='bbox 1176 2215 1396 2281; x_wconf 89' lang='grc' dir='ltr'><em>μνήμην</em></span> <span class='ocrx_word' id='word_1_214' title='bbox 1440 2220 1536 2280; x_wconf 83' lang='grc' dir='ltr'><em>τῆς</em></span> <span class='ocrx_word' id='word_1_215' title='bbox 1574 2233 1765 2280; x_wconf 76' lang='grc' dir='ltr'><em>γυναι-</em></span> 
     </span>
     <span class='ocr_line' id='line_1_25' title="bbox 79 2298 1763 2372; baseline 0.001 -20"><span class='ocrx_word' id='word_1_216' title='bbox 79 2300 193 2364; x_wconf 79' lang='grc' dir='ltr'><strong><em>κός;</em></strong></span> <span class='ocrx_word' id='word_1_217' title='bbox 236 2301 304 2353; x_wconf 88' lang='grc' dir='ltr'><em>οὐ</em></span> <span class='ocrx_word' id='word_1_218' title='bbox 344 2302 448 2371; x_wconf 75' lang='grc' dir='ltr'><em>γὰρ</em></span> <span class='ocrx_word' id='word_1_219' title='bbox 487 2302 623 2372; x_wconf 89' lang='grc' dir='ltr'><em>πρὸς</em></span> <span class='ocrx_word' id='word_1_220' title='bbox 662 2303 763 2371; x_wconf 88' lang='grc' dir='ltr'><em>τὴν</em></span> <span class='ocrx_word' id='word_1_221' title='bbox 802 2301 1013 2370; x_wconf 82' lang='grc' dir='ltr'><em>ἐκείνης</em></span> <span class='ocrx_word' id='word_1_222' title='bbox 1050 2303 1446 2372; x_wconf 80' lang='grc' dir='ltr'><em>προσηγορίαν,</em></span> <span class='ocrx_word' id='word_1_223' title='bbox 1486 2302 1564 2363; x_wconf 88' lang='grc' dir='ltr'><strong><em>εἰς</em></strong></span> <span class='ocrx_word' id='word_1_224' title='bbox 1603 2298 1660 2354; x_wconf 71' lang='grc' dir='ltr'><em>δὲ</em></span> <span class='ocrx_word' id='word_1_225' title='bbox 1703 2301 1763 2353; x_wconf 81' lang='grc' dir='ltr'><em>τὸ</em></span> 
     </span>
    </p>
   </div>
   <div class='ocr_carea' id='block_1_5' title="bbox 79 2403 432 2412">
    <p class='ocr_par' dir='ltr' id='par_1_5' title="bbox 79 2403 432 2412">
     <span class='ocr_line' id='line_1_26' title="bbox 79 2403 432 2412; baseline 0 682"><span class='ocrx_word' id='word_1_226' title='bbox 79 2403 432 2412; x_wconf 95' lang='lat' dir='ltr'><em> </em></span> 
     </span>
    </p>
   </div>
   <div class='ocr_carea' id='block_1_6' title="bbox 196 2475 548 2533">
    <p class='ocr_par' dir='ltr' id='par_1_6' title="bbox 196 2475 548 2533">
     <span class='ocr_line' id='line_1_27' title="bbox 196 2475 548 2533; baseline 0.009 -15"><span class='ocrx_word' id='word_1_227' title='bbox 196 2479 222 2518; x_wconf 89' lang='lat'><strong>3</strong></span> <span class='ocrx_word' id='word_1_228' title='bbox 255 2475 312 2519; x_wconf 77' lang='lat' dir='ltr'><em>cf.</em></span> <span class='ocrx_word' id='word_1_229' title='bbox 338 2491 382 2532; x_wconf 87' lang='lat' dir='ltr'><em>p.</em></span> <span class='ocrx_word' id='word_1_230' title='bbox 402 2481 472 2533; x_wconf 82' lang='lat'><em>52,</em></span> <span class='ocrx_word' id='word_1_231' title='bbox 494 2482 548 2521; x_wconf 85' lang='lat'><em>14</em></span> 
     </span>
    </p>
   </div>
   <div class='ocr_carea' id='block_1_7' title="bbox 78 2567 430 2575">
    <p class='ocr_par' dir='ltr' id='par_1_7' title="bbox 78 2567 430 2575">
     <span class='ocr_line' id='line_1_28' title="bbox 78 2567 430 2575; baseline 0 519"><span class='ocrx_word' id='word_1_232' title='bbox 78 2567 430 2575; x_wconf 95' lang='lat' dir='ltr'><em> </em></span> 
     </span>
    </p>
   </div>
   <div class='ocr_carea' id='block_1_8' title="bbox 78 2635 1761 2990">
    <p class='ocr_par' dir='ltr' id='par_1_8' title="bbox 200 2635 1761 2695">
     <span class='ocr_line' id='line_1_29' title="bbox 200 2635 1761 2695; baseline -0.002 -12"><span class='ocrx_word' id='word_1_233' title='bbox 200 2643 222 2682; x_wconf 92' lang='lat'>1</span> <span class='ocrx_word' id='word_1_234' title='bbox 247 2635 401 2683; x_wconf 79' lang='grc' dir='ltr'><em>καίτοι</em></span> <span class='ocrx_word' id='word_1_235' title='bbox 425 2639 589 2695; x_wconf 82' lang='lat' dir='ltr'>scripsi</span> <span class='ocrx_word' id='word_1_236' title='bbox 650 2640 730 2683; x_wconf 82' lang='grc' dir='ltr'><em>καὶ</em></span> <span class='ocrx_word' id='word_1_237' title='bbox 754 2638 864 2683; x_wconf 87' lang='lat' dir='ltr'>libri</span> <span class='ocrx_word' id='word_1_238' title='bbox 889 2638 971 2682; x_wconf 84' lang='lat' dir='ltr'><em>sed</em></span> <span class='ocrx_word' id='word_1_239' title='bbox 993 2655 1067 2682; x_wconf 84' lang='grc' dir='ltr'><em>τοι</em></span> <span class='ocrx_word' id='word_1_240' title='bbox 1092 2638 1185 2682; x_wconf 81' lang='lat' dir='ltr'><em>add</em></span> <span class='ocrx_word' id='word_1_241' title='bbox 1213 2637 1282 2693; x_wconf 69' lang='lat' dir='ltr'><em>Cf,</em></span> <span class='ocrx_word' id='word_1_242' title='bbox 1306 2638 1374 2682; x_wconf 82' lang='lat' dir='ltr'><em>Re</em></span> <span class='ocrx_word' id='word_1_243' title='bbox 1495 2643 1520 2680; x_wconf 86' lang='lat'><strong>3</strong></span> <span class='ocrx_word' id='word_1_244' title='bbox 1553 2635 1761 2695; x_wconf 83' lang='grc' dir='ltr'><em>ἀρραβίω</em></span> 
     </span>
    </p>

    <p class='ocr_par' dir='ltr' id='par_1_9' title="bbox 79 2693 1761 2755">
     <span class='ocr_line' id='line_1_30' title="bbox 79 2693 1761 2755; baseline 0 -16"><span class='ocrx_word' id='word_1_245' title='bbox 79 2695 140 2754; x_wconf 88' lang='grc' dir='ltr'><em>ΙΙ</em></span> <span class='ocrx_word' id='word_1_246' title='bbox 166 2693 210 2739; x_wconf 85' lang='grc' dir='ltr'><em>τί</em></span> <span class='ocrx_word' id='word_1_247' title='bbox 233 2697 290 2741; x_wconf 87' lang='grc' dir='ltr'><em>Ν</em></span> <span class='ocrx_word' id='word_1_248' title='bbox 403 2702 429 2741; x_wconf 86' lang='grc'>5</span> <span class='ocrx_word' id='word_1_249' title='bbox 461 2698 584 2742; x_wconf 74' lang='lat' dir='ltr'>inter</span> <span class='ocrx_word' id='word_1_250' title='bbox 614 2698 706 2742; x_wconf 84' lang='grc' dir='ltr'><em>ὑπὸ</em></span> <span class='ocrx_word' id='word_1_251' title='bbox 740 2701 787 2743; x_wconf 73' lang='lat' dir='ltr'><em>et</em></span> <span class='ocrx_word' id='word_1_252' title='bbox 816 2697 987 2755; x_wconf 77' lang='grc' dir='ltr'><em>τάχους</em></span> <span class='ocrx_word' id='word_1_253' title='bbox 1016 2711 1091 2741; x_wconf 77' lang='lat' dir='ltr'><em>ras</em></span> <span class='ocrx_word' id='word_1_254' title='bbox 1118 2702 1231 2740; x_wconf 84' lang='lat'><em>2—3</em></span> <span class='ocrx_word' id='word_1_255' title='bbox 1263 2696 1343 2740; x_wconf 74' lang='lat' dir='ltr'><em>litt</em></span> <span class='ocrx_word' id='word_1_256' title='bbox 1367 2697 1412 2739; x_wconf 86' lang='lat' dir='ltr'><em>B</em></span> <span class='ocrx_word' id='word_1_257' title='bbox 1534 2701 1560 2740; x_wconf 93' lang='lat'>8</span> <span class='ocrx_word' id='word_1_258' title='bbox 1592 2696 1643 2740; x_wconf 81' lang='grc' dir='ltr'><em>δὲ</em></span> <span class='ocrx_word' id='word_1_259' title='bbox 1677 2697 1761 2739; x_wconf 82' lang='grc' dir='ltr'><em>οὐκ</em></span> 
     </span>
    </p>

    <p class='ocr_par' dir='ltr' id='par_1_10' title="bbox 81 2752 1760 2814">
     <span class='ocr_line' id='line_1_31' title="bbox 81 2752 1760 2814; baseline 0.001 -16"><span class='ocrx_word' id='word_1_260' title='bbox 81 2752 293 2813; x_wconf 79' lang='grc' dir='ltr'><em>ἐποίησεν</em></span> <span class='ocrx_word' id='word_1_261' title='bbox 316 2757 419 2800; x_wconf 87' lang='grc' dir='ltr'><em>ΒΝ</em></span> <span class='ocrx_word' id='word_1_262' title='bbox 425 2757 494 2802; x_wconf 88' lang='lat' dir='ltr'><em>Va</em></span> <span class='ocrx_word' id='word_1_263' title='bbox 614 2762 639 2801; x_wconf 85' lang='lat'>9</span> <span class='ocrx_word' id='word_1_264' title='bbox 671 2764 807 2801; x_wconf 88' lang='grc' dir='ltr'><em>τοῦτο</em></span> <span class='ocrx_word' id='word_1_265' title='bbox 833 2754 1010 2814; x_wconf 83' lang='grc' dir='ltr'><strong><em>δεινόν]</em></strong></span> <span class='ocrx_word' id='word_1_266' title='bbox 1043 2757 1250 2813; x_wconf 82' lang='lat' dir='ltr'><em>„videtur</em></span> <span class='ocrx_word' id='word_1_267' title='bbox 1279 2756 1332 2799; x_wconf 88' lang='grc' dir='ltr'><em>τὸ</em></span> <span class='ocrx_word' id='word_1_268' title='bbox 1356 2755 1760 2812; x_wconf 66' lang='grc' dir='ltr'><em>ιήιενροηοηάατη“</em></span> 
     </span>
    </p>

    <p class='ocr_par' dir='ltr' id='par_1_11' title="bbox 78 2811 1760 2871">
     <span class='ocr_line' id='line_1_32' title="bbox 78 2811 1760 2871; baseline 0 -14"><span class='ocrx_word' id='word_1_269' title='bbox 78 2811 146 2857; x_wconf 81' lang='lat' dir='ltr'><em>Re</em></span> <span class='ocrx_word' id='word_1_270' title='bbox 173 2815 180 2871; x_wconf 85' lang='grc' dir='ltr'>Ι</span> <span class='ocrx_word' id='word_1_271' title='bbox 205 2815 499 2870; x_wconf 70' lang='grc' dir='ltr'><em>παροξῦνονῖ</em></span> <span class='ocrx_word' id='word_1_272' title='bbox 524 2815 581 2859; x_wconf 85' lang='lat' dir='ltr'><em>cf.</em></span> <span class='ocrx_word' id='word_1_273' title='bbox 600 2817 661 2860; x_wconf 82' lang='lat' dir='ltr'><em>ad</em></span> <span class='ocrx_word' id='word_1_274' title='bbox 678 2816 766 2862; x_wconf 76' lang='lat' dir='ltr'>t.11</span> <span class='ocrx_word' id='word_1_275' title='bbox 786 2819 948 2870; x_wconf 81' lang='lat'>149‚17</span> <span class='ocrx_word' id='word_1_276' title='bbox 1075 2819 1127 2859; x_wconf 85' lang='lat'><em>13</em></span> <span class='ocrx_word' id='word_1_277' title='bbox 1152 2814 1210 2858; x_wconf 82' lang='grc' dir='ltr'><em>τὰ</em></span> <span class='ocrx_word' id='word_1_278' title='bbox 1228 2812 1384 2871; x_wconf 84' lang='grc' dir='ltr'><em>κείνης</em></span> <span class='ocrx_word' id='word_1_279' title='bbox 1399 2815 1434 2858; x_wconf 94' lang='grc' dir='ltr'><em>Ι</em></span> <span class='ocrx_word' id='word_1_280' title='bbox 1485 2811 1699 2869; x_wconf 80' lang='grc' dir='ltr'><em>τακείνης</em></span> <span class='ocrx_word' id='word_1_281' title='bbox 1714 2814 1760 2857; x_wconf 87' lang='grc' dir='ltr'><strong><em>Β</em></strong></span> 
     </span>
    </p>

    <p class='ocr_par' dir='ltr' id='par_1_12' title="bbox 80 2872 1761 2990">
     <span class='ocr_line' id='line_1_33' title="bbox 139 2872 1761 2930; baseline -0.001 -13"><span class='ocrx_word' id='word_1_282' title='bbox 139 2876 196 2916; x_wconf 84' lang='lat'><em>20</em></span> <span class='ocrx_word' id='word_1_283' title='bbox 226 2872 401 2930; x_wconf 81' lang='grc' dir='ltr'><em>εἴρητο;</em></span> <span class='ocrx_word' id='word_1_284' title='bbox 430 2874 541 2918; x_wconf 84' lang='lat' dir='ltr'>libri</span> <span class='ocrx_word' id='word_1_285' title='bbox 572 2875 640 2920; x_wconf 81' lang='lat' dir='ltr'><em>Re</em></span> <span class='ocrx_word' id='word_1_286' title='bbox 821 2879 877 2917; x_wconf 83' lang='lat'><em>24</em></span> <span class='ocrx_word' id='word_1_287' title='bbox 909 2875 974 2925; x_wconf 87' lang='grc' dir='ltr'><strong><em>εἰς</em></strong></span> <span class='ocrx_word' id='word_1_288' title='bbox 1005 2873 1057 2918; x_wconf 80' lang='grc' dir='ltr'><em>δὲ</em></span> <span class='ocrx_word' id='word_1_289' title='bbox 1089 2874 1253 2930; x_wconf 82' lang='lat' dir='ltr'>scripsi</span> <span class='ocrx_word' id='word_1_290' title='bbox 1286 2887 1310 2917; x_wconf 85' lang='lat' dir='ltr'>e</span> <span class='ocrx_word' id='word_1_291' title='bbox 1336 2873 1483 2918; x_wconf 86' lang='lat' dir='ltr'><em>PBN</em></span> <span class='ocrx_word' id='word_1_292' title='bbox 1489 2874 1555 2918; x_wconf 89' lang='lat' dir='ltr'><em>Va</em></span> <span class='ocrx_word' id='word_1_293' title='bbox 1646 2872 1761 2916; x_wconf 78' lang='grc' dir='ltr'><em>ἀλλὰ</em></span> 
     </span>
     <span class='ocr_line' id='line_1_34' title="bbox 80 2930 1317 2990; baseline 0.002 -17"><span class='ocrx_word' id='word_1_294' title='bbox 80 2930 196 2986; x_wconf 83' lang='grc' dir='ltr'><em>πρὸς</em></span> <span class='ocrx_word' id='word_1_295' title='bbox 221 2932 299 2978; x_wconf 79' lang='grc' dir='ltr'><em>ΟΛ</em></span> <span class='ocrx_word' id='word_1_296' title='bbox 331 2933 412 2977; x_wconf 84' lang='lat' dir='ltr'><em>sed</em></span> <span class='ocrx_word' id='word_1_297' title='bbox 442 2933 491 2976; x_wconf 89' lang='lat' dir='ltr'><em>in</em></span> <span class='ocrx_word' id='word_1_298' title='bbox 514 2933 603 2978; x_wconf 85' lang='lat' dir='ltr'><em>hoc</em></span> <span class='ocrx_word' id='word_1_299' title='bbox 635 2951 689 2990; x_wconf 78' lang='grc' dir='ltr'><em>γρ</em></span> <span class='ocrx_word' id='word_1_300' title='bbox 715 2933 780 2984; x_wconf 84' lang='grc' dir='ltr'><strong><em>εἰς</em></strong></span> <span class='ocrx_word' id='word_1_301' title='bbox 811 2933 862 2978; x_wconf 78' lang='grc' dir='ltr'><em>δὲ</em></span> <span class='ocrx_word' id='word_1_302' title='bbox 893 2933 942 2976; x_wconf 91' lang='lat' dir='ltr'><em>in</em></span> <span class='ocrx_word' id='word_1_303' title='bbox 974 2946 1120 2989; x_wconf 80' lang='lat' dir='ltr'>marg,</span> <span class='ocrx_word' id='word_1_304' title='bbox 1151 2933 1181 2975; x_wconf 95' lang='lat'><em>1</em></span> <span class='ocrx_word' id='word_1_305' title='bbox 1190 2934 1234 2978; x_wconf 90' lang='lat' dir='ltr'><strong><em>V</em></strong></span> <span class='ocrx_word' id='word_1_306' title='bbox 1250 2932 1317 2975; x_wconf 87' lang='lat' dir='ltr'><em>Re</em></span> 
     </span>
    </p>
   </div>
   <div class='ocr_carea' id='block_1_9' title="bbox 1437 3005 1495 3047">
    <p class='ocr_par' dir='ltr' id='par_1_13' title="bbox 1437 3005 1495 3047">
     <span class='ocr_line' id='line_1_35' title="bbox 1437 3005 1495 3047; baseline 0 -19"><span class='ocrx_word' id='word_1_307' title='bbox 1437 3005 1495 3047; x_wconf 74' lang='grc'><em>4*</em></span> 
     </span>
    </p>
   </div>
  </div>
 </body>
</html>
