1992 3094
877 757 1067 811 XLHI.

481 877 689 937 ΠΕΡΙ
735 878 915 939 ΤΩΝ
960 878 1462 941 ΣΤΝΘΗΚῼΝ.

20 1070 30 1079 ,,
241 1023 286 1076 1.
335 1021 392 1075 Ὁ
430 1023 532 1092 μὲν
572 1023 814 1093 ἀμείνων
852 1027 1063 1094 καιρός,
1110 1022 1152 1079 ὦ
1193 1028 1373 1095 φίλοι,
1419 1035 1518 1080 τοῦ
1562 1035 1670 1081 νῦν
1700 1041 1803 1084 RII
1817 1047 1908 1086 420

19 1107 33 1193 η’
122 1111 518 1181 ῥηθησομένου
554 1115 725 1181 λόγου
757 1115 1158 1182 παρελήλυθεν.
1219 1112 1331 1168 ἔδει
1361 1112 1464 1182 μὲν
1494 1116 1615 1185 γάρ,
1654 1116 1817 1185 ἡνίκα

14 1193 34 1270 ’ἷῖ
123 1201 255 1270 τῇδε
300 1201 362 1254 τὸ
408 1210 632 1271 πρῶτον
677 1202 927 1272 ἡπτόμην
971 1210 1071 1256 τοῦ
1121 1204 1427 1272 διδάσκειν,
1480 1211 1815 1274 πεποιῆσθαι

20 1288 33 1357 ξ
122 1290 263 1357 πρὸς
299 1289 442 1358 ὑμᾶς
479 1291 838 1364 γεγραμμένῳ
883 1294 1026 1364 λόγῳ
1073 1293 1278 1361 ταύτην
1326 1294 1429 1361 τὴν
1475 1296 1815 1363 συμβουλήν,
1862 1319 1882 1350 5

26 1368 41 1405 ἵ
121 1376 335 1447 ὀλίγοις
365 1379 428 1432 δὲ
466 1381 809 1450 χρησάμενος
840 1381 1078 1450 ῥήμασιν
1117 1381 1183 1434 οὐ
1223 1385 1414 1443 πείσας
1445 1381 1685 1451 ἀπέστην
1714 1391 1815 1436 τοῦ

26 1455 32 1495 k
122 1464 215 1519 καὶ
268 1470 483 1536 μᾶλλον
535 1472 834 1539 φροντίσαι
894 1471 986 1523 καὶ
1047 1470 1276 1533 συνθεὶς
1328 1471 1430 1538 τὴν
1488 1475 1816 1540 παραίνεσιν

27 1564 40 1597 ·¹-
119 1552 384 1624 ἐνεγκεῖν.
467 1560 816 1626 μεμφόμενος
864 1559 931 1627 δὴ
977 1559 1038 1611 τὸ
1086 1559 1158 1627 μὴ
1205 1559 1370 1611 πάλαι
1418 1566 1580 1611 τοῦτο
1627 1578 1814 1613 πεποι-

26 1640 41 1666 ”’
118 1642 312 1711 ηκέναι
358 1648 609 1715 ποιήσων
654 1647 767 1715 ἥκω
818 1647 879 1699 τὸ
926 1648 998 1715 μὴ
1046 1646 1425 1715 γεγενημένον.
1509 1650 1816 1717 βουλοίμην

121 1730 172 1784 δ’
205 1731 276 1786 ἂν
305 1733 447 1802 ὑμᾶς
477 1741 552 1807 τῷ
578 1740 879 1804 πεισθῆναι
910 1737 1137 1804 τιμῆσαί
1163 1756 1256 1804 μοι
1288 1738 1387 1789 τὸν
1420 1738 1603 1804 λόγον,
1639 1738 1814 1800 ἄλλως
1839 1762 1883 1793 10

31 1883 45 1915 ι
118 1819 180 1873 θ’
221 1821 310 1875 ὅτε
355 1823 550 1876 κοινὸν
596 1822 730 1890 ἐμοῦ
778 1843 835 1877 τε
882 1822 971 1877 καὶ
1017 1833 1128 1877 τῶν
1173 1825 1272 1876 τὸν
1318 1826 1488 1891 λόγον
1534 1823 1815 1879 ἐπαινεσο-

206 1968 209 1971 ·
244 1953 282 1997 Ο
358 1976 414 1991 =
440 1952 596 1998 Codex
628 1953 874 1999 Chisianus

240 2013 286 2057 Α
359 2035 415 2050 =
440 2013 734 2059 Monacensis
765 2029 832 2071 gr.
859 2019 945 2058 483
978 2015 1313 2071 (Augustanus)

242 2072 288 2115 P
357 2094 412 2109 =
436 2072 681 2118 Palatinus
713 2088 779 2131 gr.
807 2078 892 2118 282

239 2131 275 2174 I
355 2154 411 2168 =
437 2131 702 2176 Marcianus
735 2132 935 2189 append.
961 2131 1061 2176 XCI
1078 2136 1103 2174 2

241 2191 288 2234 B
357 2213 413 2228 =
437 2191 720 2236 Barberinus
750 2193 794 2236 Π
810 2197 864 2235 41

251 2250 319 2294 Va
355 2272 411 2287 =
436 2250 694 2295 Vaticanus
727 2267 793 2309 gr.
821 2256 875 2295 81

242 2309 409 2353 Par=
434 2309 674 2354 Parisinus
706 2325 774 2368 gr.
794 2314 879 2354 583

250 2368 294 2412 V
351 2390 407 2405 τ-
434 2369 808 2414 Vindobonensis
840 2369 953 2426 phil.
980 2384 1046 2426 gr.
1072 2368 1214 2412 XCIII

244 2490 265 2528 1
298 2491 357 2542 μ-ε
392 2488 502 2531 ante
533 2488 640 2543 περὶ
666 2489 706 2533 0
724 2489 806 2532 sed
831 2502 888 2535 νς
920 2487 969 2530 in
992 2500 1067 2530 ras
1092 2487 1140 2530 in
1164 2500 1310 2543 marg,
1342 2487 1399 2539 A,
1433 2492 1513 2529 τοῦ
1546 2486 1689 2530 αὐτοῦ
1715 2485 1757 2527 V

119 2541 255 2600 λόγος
295 2546 567 2599 τριακοστὸς
604 2545 810 2604 πέμπτος
847 2548 955 2602 posb
997 2549 1248 2601 συνθηκῶν
1282 2546 1325 2589 V
1355 2544 1466 2588 rubr
1503 2543 1652 2601 (ἕκτος
1689 2543 1812 2587 infra

122 2601 327 2659 πέμπτος
357 2618 454 2661 pos
479 2608 522 2663 r)
620 2606 755 2663 λόγος
784 2605 854 2661 λη’
885 2606 934 2649 in
965 2618 1099 2661 marg
1129 2606 1162 2647 I
1170 2604 1187 2629 ³
1288 2605 1350 2662 μβ
1379 2603 1428 2646 in
1460 2616 1594 2660 marg
1625 2604 1670 2648 B
1701 2603 1813 2647 rubr

74 2662 77 2667 ’
182 2667 209 2706 4
246 2671 486 2719 τοπρῶτον
518 2665 562 2709 V
737 2670 763 2708 5
804 2663 1036 2723 συμβολήν
1077 2663 1181 2707 coni
1218 2662 1321 2706 Mor
1359 2663 1429 2706 ed.
1466 2667 1578 2705 1614
1616 2676 1661 2718 p.
1696 2667 1750 2706 32

122 2724 150 2764 6
180 2719 335 2779 λόγοις
364 2722 432 2767 Re
553 2728 579 2767 9
611 2723 830 2779 πονήσων
862 2726 895 2767 Ι
917 2726 922 2779 Ι
951 2723 1137 2778 „malim
1168 2722 1219 2766 τὸ
1251 2721 1310 2777 μὴ
1342 2720 1444 2765 τότε
1476 2720 1810 2778 γεγενημένον*

64 2776 68 2781 ’
122 2777 191 2822 Re
315 2786 367 2824 11
400 2779 456 2826 θ’
486 2780 561 2827 ὅτε
592 2782 642 2826 in
672 2796 806 2841 marg
834 2783 928 2826 add
952 2781 1020 2825 V'
1081 2779 1152 2826 ὅτι
1175 2782 1209 2824 Ι
1262 2781 1342 2824 καὶ
1366 2781 1474 2836 post
1498 2777 1570 2824 ὅτε
1596 2780 1720 2824 inser
1742 2780 1810 2823 Re

183 2838 332 2883 delevi
393 2840 451 2885 cf.
482 2856 529 2898 p.
555 2847 654 2896 276,
676 2846 753 2896 10,
787 2841 1050 2886 Iacobsium
1089 2839 1319 2884 animadv.
1357 2839 1418 2883 ad
1457 2838 1643 2882 Libanii
1675 2838 1808 2895 Apol.

75 2931 77 2934 .
122 2895 246 2942 Socr.
278 2913 324 2955 p.
346 2904 368 2942 1
389 2914 471 2956 sq.‚
497 2900 760 2945 Vahlenum
790 2900 945 2944 Herm.
972 2899 1098 2943 XXX
1123 2903 1176 2942 31

210 2979 408 3014 nnuman
433 2982 490 3014 od.
512 2982 754 3015 Foerater.
798 2983 871 3015 11L
1489 2977 1543 3015 22
