1992 3094
187 156 221 208 6
708 155 936 198 LIBANII
968 154 1191 199 ORATIO
1225 155 1373 199 XXVI

188 290 406 358 ἀγαθὸν
443 284 585 343 εἶναι
625 292 778 343 δοκεῖ
815 291 875 343 τὸ
915 289 1096 359 μηκέτ’
1130 289 1345 344 ἐκεῖνον
1385 291 1590 360 ἄρχειν,
1638 289 1776 359 μέγα
1815 288 1876 343 δὲ

185 381 247 433 τὸ
297 381 400 448 σὴν
445 380 546 448 τὴν
591 378 766 448 ἀρχὴν
812 385 1162 447 γεγενῆσθαι.
1241 379 1287 432 5.
1345 380 1478 432 ὅταν
1529 375 1634 432 οὖν
1673 398 1724 431 τι
1765 388 1878 431 τῶν

186 467 590 539 ἀγροικοτέρων
650 468 897 537 γένηται,
960 470 1031 538 μὴ
1086 477 1181 537 τῆς
1234 471 1465 536 πόλεως,
1528 466 1570 522 ὦ
1634 470 1878 537 φίλτατε,

184 564 348 609 τοῦτο
388 552 530 610 εἶναι
571 558 816 626 δοκείτω,
862 566 974 610 τῶν
1013 557 1073 610 δὲ
1114 556 1174 610 ἐν
1213 565 1276 627 τῇ
1324 559 1478 609 πόλει
1517 557 1591 628 ζτὰ
1633 558 1878 625 χείριστα

144 666 162 697 5
187 645 506 698 νοσούντων
546 644 772 698 ἐκείνων
811 655 923 698 τῶν
962 645 1180 713 ὀλίγων.
1249 644 1353 698 κάν
1390 654 1508 708 ταῖς
1547 645 1878 715 ἀγρυπνίαις

184 735 256 802 μὴ
290 733 413 803 λέγε
443 735 581 805 πρὸς
613 734 801 802 αὑτόν,
843 734 926 787 ὅτι
958 742 1129 787 ταῦτα
1159 734 1192 803 ἡ
1227 727 1403 803 πόλις,
1444 733 1560 787 ἀλλ’
1591 735 1675 787 ὅτι
1706 733 1879 786 ταῦτά

186 821 300 875 ε’στι
339 832 451 875 τῶν
489 821 550 876 ἐν
588 831 652 893 τῇ
701 824 859 876 πόλει
906 825 1192 876 κακίστων.
1270 818 1349 875 ὧν
1397 822 1510 875 ἐστι
1558 823 1737 891 δήπου
1785 820 1876 875 καὶ

184 911 286 963 τάν
323 920 437 974 τοῖς
475 914 788 980 βαλανείοις
828 913 886 965 οἵ
919 931 977 965 τε
1017 911 1078 965 ἐν
1108 921 1226 975 ταῖς
1267 915 1685 982 κολυμβήθραις
1721 912 1878 964 λίθοι

160 1000 272 1061 Ικαὶ
321 1001 382 1052 αἱ
422 1004 642 1053 πολλῶν
689 1001 952 1052 θανάτων
1007 999 1151 1063 ἄξιαι
1200 1002 1471 1069 λοιδορίαι
1517 999 1607 1053 καὶ
1655 1001 1724 1068 νὴ
1766 1001 1879 1052 Δία

120 1109 161 1140 10
186 1107 247 1156 γε
301 1087 593 1158 εὐφημίαι,
648 1090 832 1141 ἄδικοι
885 1089 986 1157 μὲν
1041 1085 1200 1142 αὗται
1254 1096 1480 1160 πονηρῷ
1535 1091 1877 1158 γιγνόμεναι,

184 1177 366 1230 ἄδικοι
407 1174 467 1229 δὲ
507 1176 710 1230 ἐκεῖναι
751 1178 886 1230 κατὰ
923 1177 1142 1230 δικαίου
1180 1179 1523 1247 τολμώμεναι
1555 1179 1655 1246 τὴν
1696 1179 1879 1231 αἰτίαν

95 1276 274 1320 RH94
328 1264 416 1319 ἐπὶ
462 1266 560 1318 τὸν
607 1267 845 1335 ἄρχοντα
891 1266 1124 1333 ἄγουσαι
1178 1274 1278 1319 τοῦ
1342 1267 1349 1335 Ι
1414 1268 1514 1335 τὴν
1563 1268 1879 1337 θερμότητα

185 1348 326 1407 εἶναι
372 1352 774 1424 μαλακωτέραν.
854 1354 901 1407 6.
955 1353 1110 1407 τουτὶ
1159 1351 1219 1419 δὲ
1258 1350 1328 1422 ἦν
1367 1352 1468 1423 μὲν
1517 1354 1599 1407 ἀεὶ
1647 1355 1878 1408 ταυτασὶ

184 1442 279 1504 τὰς
315 1441 517 1511 ἡμέρας
555 1441 660 1495 κάν
698 1451 817 1505 ταῖς
855 1452 967 1495 τῶν
1007 1444 1132 1496 λίαν
1172 1443 1425 1513 εὐπόρων
1465 1445 1736 1506 δαπάναις
1775 1451 1876 1496 τοῦ

118 1550 159 1583 15
186 1533 528 1599 λειτουργεῖν
581 1531 753 1583 αὐτοῦ
791 1528 865 1601 ξτὸ
921 1538 1140 1584 τοιοῦτο
1195 1540 1491 1594 ποιοῦντος
1545 1531 1635 1584 καὶ
1694 1528 1761 1600 ἧν
1816 1531 1878 1585 ἐν

185 1621 304 1671 ἔθει
343 1619 432 1671 καὶ
471 1617 655 1681 οὐδεὶς
693 1619 986 1687 ἠγανάκτει
1036 1618 1127 1672 καὶ
1166 1627 1338 1672 ταῦτα
1386 1621 1648 1683 πολλάκις
1687 1631 1876 1690 χεῖρον

182 1706 216 1775 ἢ
256 1715 363 1760 νῦν
399 1714 499 1760 τοῦ
537 1707 854 1776 πράγματος
893 1709 1137 1776 ἔχοντος,
1186 1709 1324 1760 ὥστε
1364 1709 1564 1777 χορούς
1610 1728 1668 1761 τε
1710 1709 1879 1762 ἔνδον

184 1793 405 1847 ἑστάναι
452 1795 542 1847 καὶ
579 1792 701 1848 ἔνια
750 1805 862 1848 τῶν
901 1794 989 1848 ἐπὶ
1028 1803 1124 1864 τῆς
1171 1804 1373 1864 σκηνῆς
1420 1795 1671 1867 ᾄδεσθαι.
1753 1795 1869 1850 ἀλλ’

184 1883 329 1951 ὅμως
367 1881 430 1936 ἐν
474 1883 651 1954 τούτῳ
697 1893 808 1935 τῶν
854 1885 1164 1951 βαλανείων
1217 1886 1639 1953 καθεστηκότων
1691 1884 1876 1948 οὐδεὶς

116 1993 160 2025 20
184 1971 367 2041 ἄρχων
419 1972 588 2039 ἤκουε
640 1980 841 2039 κακῶς,
905 1970 1024 2025 ἀλλ’
1053 1969 1259 2042 ἔφερον
1320 1974 1385 2024 τὰ
1439 1976 1821 2043 κεκρατηκότα.
1868 1983 1876 2055 Ι

93 2071 271 2116 RII95
312 2059 380 2112 οὐ
412 2060 515 2129 γὰρ
555 2055 626 2127 ἦν
658 2059 686 2112 ὁ
718 2061 784 2112 τὰ
824 2062 1064 2127 στόματα
1103 2060 1286 2113 αὐτῶν
1327 2059 1411 2129 ἐφ’
1441 2061 1601 2129 ὕβρει
1640 2063 1877 2130 μισθού-

181 2167 358 2214 μενος.
435 2155 542 2200 νῦν
589 2148 650 2200 δὲ
696 2149 900 2211 εἰδότες
953 2149 1054 2217 μὲν
1104 2150 1205 2217 τὴν
1259 2157 1359 2201 τοῦ
1416 2155 1876 2220 λειτουργοῦντος

307 2268 359 2307 12
392 2263 448 2306 cf.
474 2279 517 2320 p.
538 2268 661 2319 50,2.
695 2265 728 2307 t.
747 2264 789 2307 Π
813 2268 912 2317 285,
932 2269 956 2307 9
976 2264 1028 2307 R.
1093 2264 1201 2308 Cod.
1229 2265 1402 2308 Theod.
1430 2265 1514 2308 ΧΠ
1541 2270 1578 2318 1,
1601 2271 1680 2309 131

305 2371 327 2409 1
366 2365 418 2409 τὸ
451 2368 497 2410 Ρ
525 2367 607 2409 sed
637 2382 689 2410 το
722 2366 771 2409 in
794 2381 869 2410 ras
894 2366 964 2410 m²
1115 2373 1140 2410 2
1184 2367 1270 2422 τὴν
1303 2367 1387 2423 σὴν
1422 2369 1465 2412 V
1609 2373 1635 2410 4
1669 2366 1716 2414 δ’
1747 2369 1814 2412 Re

182 2429 208 2467 5
242 2424 477 2468 νοούντων
510 2424 713 2469 Sintenis
835 2431 860 2469 6
895 2426 1066 2469 σαυτὸν
1091 2427 1137 2470 Ρ
1166 2427 1247 2470 sed
1280 2440 1305 2469 σ
1337 2440 1392 2469 ex
1417 2424 1427 2440 ²
1470 2441 1573 2470 corr
1597 2428 1668 2470 m⁴
1729 2428 1874 2472 αὐτὸν

183 2485 268 2528 Mo
388 2487 414 2527 8
445 2484 533 2528 τάν
566 2485 611 2527 Ρ
639 2485 720 2528 sed
753 2502 812 2528 αν
845 2484 894 2527 in
918 2499 994 2528 ras
1018 2485 1089 2528 m²
1178 2493 1270 2530 τῶν
1302 2487 1463 2530 ΡαΜο
1496 2485 1597 2529 Mor
1685 2485 1744 2530 τὰ
1778 2487 1822 2530 V

182 2547 207 2584 9
242 2542 322 2585 καὶ
345 2543 405 2598 (2)
441 2543 480 2588 Ο
506 2542 586 2587 sed
610 2544 661 2586 αὶ
691 2543 740 2586 in
764 2557 839 2586 ras
872 2557 927 2587 ex
952 2561 1012 2587 αν
1044 2558 1145 2587 corr
1167 2558 1202 2599 s,
1236 2545 1282 2587 P
1309 2545 1391 2587 sed
1416 2562 1465 2587 αι
1492 2545 1542 2587 in
1565 2559 1640 2588 ras
1666 2545 1749 2600 ωδ,
1782 2543 1873 2589 κ’ἂν

182 2602 240 2654 Α,
274 2598 364 2644 κᾶν
387 2602 422 2644 Ι
566 2606 619 2645 10
651 2606 840 2662 πονηρῷ
859 2602 1023 2659 scripsi
1049 2605 1236 2647 auctore
1262 2602 1442 2647 Sinteni
1518 2611 1733 2661 πονηρῶς
1762 2603 1874 2647 libri

182 2659 249 2702 Re
283 2659 364 2716 qui
397 2660 446 2704 ἐκ
478 2668 695 2717 πονηρῶν
729 2661 795 2712 εἰς
825 2661 1033 2717 πονηρὸν
1067 2662 1171 2706 coni
1195 2662 1335 2705 Anim
1407 2669 1627 2718 πονηρῶν
1659 2662 1761 2706 Mor
1792 2662 1874 2718 qui

182 2718 302 2762 κατὰ
333 2726 552 2775 πονηρῶν
585 2719 689 2762 coni
731 2726 738 2776 Ι
780 2718 1020 2776 γινόμεναι
1055 2721 1139 2764 Mo
1231 2719 1476 2777 γενόμεναι
1507 2722 1542 2764 Ι
1625 2719 1874 2778 γινόμενον

181 2775 285 2819 Mor
317 2777 397 2832 qui
429 2776 671 2835 γινόμεναι
704 2778 807 2822 coni
931 2784 984 2822 13
1019 2779 1076 2836 δὴ
1108 2779 1210 2823 Mor
1251 2783 1257 2834 1
1300 2780 1374 2824 ἀεὶ
1405 2780 1524 2823 κατὰ
1555 2781 1750 2823 ταυτασὶ
1783 2780 1874 2823 edd

246 2839 300 2878 15
326 2838 605 2892 λειτουργεῖν
630 2837 793 2893 scripsi
819 2837 922 2881 coll.
941 2838 970 2881 l.
987 2843 1065 2893 223
1091 2854 1133 2894 p.
1157 2843 1227 2890 13,
1243 2842 1318 2893 193
1344 2854 1387 2895 p.
1407 2843 1477 2892 50,
1497 2844 1521 2881 2
1583 2838 1739 2896 λήγειν
1762 2838 1874 2882 libri

180 2892 251 2936 Re
315 2893 461 2950 λέγειν
485 2895 587 2939 Mor
614 2897 620 2951 Ι
647 2903 830 2939 τοιοῦτο
864 2910 938 2939 om
962 2898 1035 2941 Pa
1063 2899 1068 2952 Ι
1095 2905 1344 2948 ποιοῦντος
1372 2911 1447 2940 om
1472 2897 1573 2941 Mor
1695 2902 1749 2941 16
1779 2895 1872 2955 χεί-

182 2968 324 3007 ρονος
355 2952 456 2997 Mor
585 2959 639 2997 18
672 2953 755 2999 ἕνα
779 2954 881 2998 Mor
907 2958 913 3011 Ι
941 2961 1022 3011 τῆς
1053 2970 1128 3000 om
1153 2956 1220 3000 Re
1342 2961 1397 3000 20
1430 2955 1598 3011 ἤκουσε
1630 2956 1733 3000 Mor
