1992 3094
238 98 466 142 LIBANII
498 96 723 142 ORATIO
755 97 873 141 PRO
905 97 1222 143 AGRICOLIS
1254 99 1333 142 DE
1365 99 1651 144 ANGARIIS
1712 100 1783 152 47
1791 100 1820 151 7

250 234 332 287 13.
388 236 586 287 Καίτοι
631 235 839 297 πόσους
889 232 1252 303 ἐποιησάμην,
1301 231 1342 286 ὦ
1389 238 1641 304 βασιλεῦ,
1696 235 1820 306 περὶ

134 324 336 377 τούτου
384 325 587 391 λόγους
623 323 761 392 πρὸς
805 321 1050 376 ἕκαστον.
1127 323 1224 386 οὓς
1263 323 1581 393 μέμφεσθαι
1610 325 1712 392 μὲν
1751 326 1822 388 ὡς

130 412 236 466 οὐκ
290 413 453 474 ὄντας
507 413 758 474 δικαίους
810 411 912 464 οὐκ
967 405 1141 480 εἶχον,
1200 413 1356 480 ἄγειν
1411 410 1471 466 δὲ
1526 415 1604 476 εἰς
1657 416 1823 483 ἔργον

130 501 238 554 οὐκ
276 500 595 569 ἐβούλοντο,
636 501 738 569 οὐχ
777 499 849 554 ἵν’
887 500 915 554 ὁ
957 502 1053 563 σὸς
1085 494 1235 563 οἶκός
1274 521 1326 554 τι
1364 501 1664 572 κερδάνειε,
1702 501 1823 571 κέρ-

131 591 232 653 δος
276 590 379 659 μὲν
428 591 532 660 γὰρ
586 587 705 642 οὐδ’
753 595 809 642 εἴ
854 609 907 642 τι
953 593 1185 659 χρυσίον
1236 589 1501 644 ἐντεῦθεν
1552 589 1762 659 ἐγίνετό
1813 590 1816 662 ᾖ
1869 613 1888 645 5

133 694 249 748 σοι,
316 680 449 733 ὅτου
511 680 615 749 γὰρ
680 678 780 748 οὐχ
841 678 1054 747 ἡγεῖται
1115 681 1176 731 τὸ
1239 681 1432 748 καλόν,
1494 686 1657 732 τοῦτο
1705 692 1910 737 RH559

129 770 279 822 ἅπαν
355 769 538 837 ζημία,
615 767 683 820 οὐ
752 769 863 837 μὴν
939 766 1060 820 οὐδ’
1121 769 1253 820 αὐτὸ
1323 776 1488 821 τοῦτο
1558 766 1824 821 ἐντεῦθεν

129 857 406 925 ἐγίγνετο,
467 855 582 910 ἀλλ’
640 856 669 910 ὁ
731 853 834 925 μὲν
886 859 1057 919 πόνος
1120 855 1344 926 ἑτέρων,
1408 857 1436 911 ὁ
1500 854 1560 910 δὲ
1622 858 1824 926 μισθὸς

130 941 212 999 ὧν
258 947 436 1000 εἰπεῖν
475 946 541 999 οὐ
580 947 868 1015 βούλομαι.
949 946 1031 998 14.
1088 945 1202 998 ἀλλ’
1245 947 1379 1016 ὅπερ
1420 948 1578 1015 ἔφην,
1622 946 1823 999 πολλά-

129 1055 218 1098 κις
266 1033 368 1103 μὲν
415 1034 735 1104 ἐμεμφόμην
787 1036 848 1088 τὸ
903 1036 969 1088 τὰ
1020 1043 1248 1088 τοιαῦτα
1301 1043 1592 1104 περιορᾶν,
1647 1037 1823 1104 ἤνυον
1848 1056 1890 1089 ιο

130 1121 194 1178 δὲ
234 1123 416 1178 οὐδέν.
491 1125 582 1178 καὶ
624 1121 695 1193 ἦν
735 1125 932 1178 λοιπὸν
971 1126 1066 1178 σοί
1099 1144 1174 1191 τε,
1214 1120 1256 1177 ὦ
1295 1126 1542 1192 βασιλεῦ,
1583 1123 1822 1192 διαλέγε-

130 1219 269 1267 σθαι
317 1212 408 1267 καὶ
461 1215 552 1266 διὰ
606 1221 702 1282 τῆς
751 1221 850 1283 σῆς
898 1216 1093 1282 ψήφου
1143 1215 1380 1282 βοηθεῖν
1433 1222 1547 1276 τοῖς
1602 1212 1823 1266 ἀδικου-

127 1302 340 1371 μένοις,
402 1303 540 1371 πρὸς
593 1302 660 1357 ὃν
716 1302 749 1372 ἢ
806 1303 990 1365 οὐδεὶς
1043 1305 1302 1371 τολμήσει
1355 1307 1668 1371 μεμνῆσθαι
1723 1310 1822 1354 τοῦ

130 1394 304 1455 ἔθους
342 1391 374 1460 ἢ
414 1393 606 1461 μάτην.
683 1390 935 1446 ἐλαύνων
981 1393 1085 1462 γὰρ
1134 1392 1202 1460 δὴ
1250 1394 1321 1444 σὺ
1361 1394 1490 1454 τοὺς
1528 1394 1823 1457 πολεμίους

127 1483 220 1534 καὶ
275 1484 465 1551 νόμοις
518 1490 731 1545 καινοῖς
783 1476 844 1535 εὖ
899 1490 1075 1544 ποιεῖς
1128 1483 1258 1544 τοὺς
1312 1480 1666 1550 ἀρχομένους.
1743 1475 1822 1532 ὧν
1847 1499 1889 1532 15

128 1568 355 1633 ἔκαστος
394 1571 513 1623 λύει
551 1571 650 1623 τὸν
687 1571 856 1624 πάλαι
897 1572 1152 1637 κείμενον
1192 1571 1413 1632 εἰκότως
1452 1569 1691 1636 ἀμείνων
1731 1569 1822 1637 δή-

128 1678 240 1712 που
281 1660 650 1728 δεικνύμενος.
732 1658 814 1714 15.
869 1660 918 1712 εἰ
954 1655 1015 1712 δὲ
1048 1658 1459 1728 γεγραμμένους
1491 1659 1641 1720 λύεις
1674 1661 1821 1726 λογι-

130 1755 274 1816 σμοῦ
312 1752 626 1817 πείθοντος,
670 1757 785 1811 πῶς
822 1756 986 1802 τοῦτο
1028 1749 1088 1801 ἐν
1129 1747 1402 1817 ἀγράφοις
1440 1747 1690 1815 ὀκνήσεις
1728 1754 1822 1814 τῆς

129 1837 299 1905 αὐτῆς
329 1835 561 1907 ἐνούσης
593 1838 790 1902 αἰτίας;
829 1836 1045 1907 ὁρῶμεν
1084 1838 1263 1906 δήπου
1303 1836 1392 1889 καὶ
1432 1838 1561 1899 τοὺς
1602 1837 1822 1906 ἰατροὺς

130 1934 293 1979 τοῦτο
357 1929 524 1994 ἔργον
558 1919 803 1996 ἔχοντας
857 1924 1223 1993 ἐκβάλλοντας
1278 1927 1342 1978 τὰ
1404 1933 1518 1987 τοῖς
1573 1925 1822 1992 σώμασιν
1846 1945 1888 1976 20

131 2013 453 2068 ἐνοικοῦντα
507 2016 644 2068 κακὰ
697 2014 788 2068 καὶ
838 2016 1049 2082 μᾶλλόν
1101 2035 1164 2083 γε
1216 2015 1646 2082 εὐδοκιμοῦντας
1692 2014 1821 2074 τοὺς

130 2110 295 2156 τοῦτο
351 2103 696 2171 δυνηθέντας
749 2105 884 2157 κατὰ
937 2114 1048 2157 τῶν
1100 2106 1282 2156 πολὺν
1335 2101 1397 2156 ἐν
1442 2110 1557 2164 τοῖς
1610 2102 1821 2169 σώμασι

131 2192 627 2246 δυναστευσάντων
658 2194 874 2261 χρόνον.
944 2194 1034 2245 καὶ
1073 2200 1180 2245 νῦν
1212 2191 1426 2263 ὅσῳπερ
1467 2192 1536 2242 ἄν
1568 2210 1648 2252 τις
1683 2188 1821 2242 ἐτῶν

129 2282 482 2351 μνημονεύσῃ
522 2283 812 2349 πλειόνων,
852 2282 1095 2353 τοσούτῳ
1135 2282 1333 2348 μείζων
1372 2279 1476 2332 άπὸ
1521 2287 1615 2346 τῆς
1653 2283 1818 2346 θερα-

129 2371 285 2431 πείας
320 2369 353 2438 ἡ
395 2367 539 2433 δόξα.
1843 2386 1887 2419 25

252 2505 306 2543 14
339 2499 397 2544 of.
422 2515 466 2556 p.
485 2505 653 2555 421,16

250 2623 275 2660 2
308 2617 369 2669 ὡς
398 2618 449 2661 in
479 2631 613 2674 marg
636 2620 680 2662 A
706 2617 796 2662 Got
916 2623 942 2661 4
976 2614 1104 2668 οἶκος
1135 2617 1226 2662 Goss
1257 2618 1338 2661 sed
1371 2614 1538 2673 φίσκος
1568 2616 1617 2659 in
1647 2629 1782 2672 marg
1808 2615 1814 2673 Ι

130 2675 399 2731 κερδάνειεν
430 2678 555 2721 ΑΡΙ
581 2676 672 2720 Got
821 2682 846 2720 5
880 2675 1059 2735 ἐγένετό
1090 2677 1157 2721 Re
1340 2682 1393 2720 15
1426 2674 1586 2731 νόμοις
1617 2675 1815 2733 καινοῖς]

131 2736 317 2791 „malim
358 2736 551 2780 alterum
588 2737 888 2793 participium
930 2738 1046 2781 addi
1085 2751 1120 2780 e.
1156 2751 1191 2780 c.
1227 2735 1312 2791 τὴν
1354 2732 1591 2779 πολιτείαν
1634 2741 1817 2790 κοσμῶν

131 2795 200 2838 vel
229 2794 498 2850 κρατύνων“
531 2795 598 2838 Re
793 2800 846 2839 16
879 2797 1024 2851 „forte
1054 2795 1199 2838 πάλαι
1231 2801 1383 2844 κακῶς
1414 2792 1657 2849 κείμενον“
1690 2793 1758 2837 Re

133 2857 187 2896 19
221 2851 373 2908 δήπου
403 2854 471 2897 Re
532 2851 584 2898 δέ
613 2869 708 2898 που
738 2854 848 2898 libri
879 2854 971 2899 Got
1097 2860 1153 2898 24
1184 2853 1486 2911 μνημονεύσει
1518 2854 1552 2896 Ι
1577 2853 1657 2896 sed
1689 2869 1729 2897 ει
1761 2866 1817 2897 ex

131 2928 160 2968 η
192 2925 293 2955 con·
330 2912 337 2971 Ι
374 2916 529 2969 μεῖζον
562 2914 634 2957 P1
1175 2927 1178 2930 ⁴
