<?xml version="1.0" encoding="UTF-8"?>
<!DOCTYPE html PUBLIC "-//W3C//DTD XHTML 1.0 Transitional//EN"
    "http://www.w3.org/TR/xhtml1/DTD/xhtml1-transitional.dtd">
<html xmlns="http://www.w3.org/1999/xhtml" xml:lang="en" lang="en">
 <head>
  <title>
</title>
<meta http-equiv="Content-Type" content="text/html;charset=utf-8" />
  <meta name='ocr-system' content='tesseract 3.04.00' />
  <meta name='ocr-capabilities' content='ocr_page ocr_carea ocr_par ocr_line ocrx_word'/>
</head>
<body>
  <div class='ocr_page' id='page_1' title='image "./operarecensuitri03libauoft_0264.png"; bbox 0 0 1992 3094; ppageno 0'>
   <div class='ocr_carea' id='block_1_1' title="bbox 151 612 170 644">
    <p class='ocr_par' dir='ltr' id='par_1_1' title="bbox 151 612 170 644">
     <span class='ocr_line' id='line_1_1' title="bbox 151 612 170 644; baseline 0 0"><span class='ocrx_word' id='word_1_1' title='bbox 151 612 170 644; x_wconf 82' lang='lat'><strong>5</strong></span> 
     </span>
    </p>
   </div>
   <div class='ocr_carea' id='block_1_2' title="bbox 131 1055 172 1087">
    <p class='ocr_par' dir='ltr' id='par_1_2' title="bbox 131 1055 172 1087">
     <span class='ocr_line' id='line_1_2' title="bbox 131 1055 172 1087; baseline -0.024 0"><span class='ocrx_word' id='word_1_2' title='bbox 131 1055 172 1087; x_wconf 89' lang='grc'><em>10</em></span> 
     </span>
    </p>
   </div>
   <div class='ocr_carea' id='block_1_3' title="bbox 130 1498 171 1531">
    <p class='ocr_par' dir='ltr' id='par_1_3' title="bbox 130 1498 171 1531">
     <span class='ocr_line' id='line_1_3' title="bbox 130 1498 171 1531; baseline 0 0"><span class='ocrx_word' id='word_1_3' title='bbox 130 1498 171 1531; x_wconf 80' lang='lat'><em>15</em></span> 
     </span>
    </p>
   </div>
   <div class='ocr_carea' id='block_1_4' title="bbox 132 1943 174 1975">
    <p class='ocr_par' dir='ltr' id='par_1_4' title="bbox 132 1943 174 1975">
     <span class='ocr_line' id='line_1_4' title="bbox 132 1943 174 1975; baseline 0 0"><span class='ocrx_word' id='word_1_4' title='bbox 132 1943 174 1975; x_wconf 77' lang='lat'><em>20</em></span> 
     </span>
    </p>
   </div>
   <div class='ocr_carea' id='block_1_5' title="bbox 199 95 1402 149">
    <p class='ocr_par' dir='ltr' id='par_1_5' title="bbox 199 95 1402 149">
     <span class='ocr_line' id='line_1_5' title="bbox 199 95 1402 149; baseline -0.007 0"><span class='ocrx_word' id='word_1_5' title='bbox 199 96 304 149; x_wconf 83' lang='lat'><em>194</em></span> <span class='ocrx_word' id='word_1_6' title='bbox 691 95 920 140; x_wconf 89' lang='lat' dir='ltr'><strong>LIBANII</strong></span> <span class='ocrx_word' id='word_1_7' title='bbox 953 95 1177 140; x_wconf 87' lang='lat' dir='ltr'><strong>ORATIO</strong></span> <span class='ocrx_word' id='word_1_8' title='bbox 1210 96 1402 141; x_wconf 88' lang='lat' dir='ltr'>XXXIV</span> 
     </span>
    </p>
   </div>
   <div class='ocr_carea' id='block_1_6' title="bbox 192 229 1890 302">
    <p class='ocr_par' dir='ltr' id='par_1_6' title="bbox 192 229 1890 302">
     <span class='ocr_line' id='line_1_6' title="bbox 192 229 1890 302; baseline -0.002 -15"><span class='ocrx_word' id='word_1_9' title='bbox 192 231 235 288; x_wconf 84' lang='grc' dir='ltr'>ὦ</span> <span class='ocrx_word' id='word_1_10' title='bbox 270 234 475 296; x_wconf 82' lang='grc' dir='ltr'><em>κυνὸς</em></span> <span class='ocrx_word' id='word_1_11' title='bbox 515 231 737 302; x_wconf 83' lang='grc' dir='ltr'>ὄμματ’</span> <span class='ocrx_word' id='word_1_12' title='bbox 768 229 955 300; x_wconf 73' lang='grc' dir='ltr'><em>ἔχωνς</em></span> <span class='ocrx_word' id='word_1_13' title='bbox 1003 233 1059 284; x_wconf 82' lang='grc' dir='ltr'><em>αἱ</em></span> <span class='ocrx_word' id='word_1_14' title='bbox 1097 232 1199 299; x_wconf 78' lang='grc' dir='ltr'><em>μὲν</em></span> <span class='ocrx_word' id='word_1_15' title='bbox 1238 234 1342 302; x_wconf 79' lang='grc' dir='ltr'><em>γὰρ</em></span> <span class='ocrx_word' id='word_1_16' title='bbox 1382 241 1494 285; x_wconf 80' lang='grc' dir='ltr'><em>τῶν</em></span> <span class='ocrx_word' id='word_1_17' title='bbox 1533 241 1716 285; x_wconf 83' lang='grc' dir='ltr'><strong><em>κακῶν</em></strong></span> <span class='ocrx_word' id='word_1_18' title='bbox 1755 230 1890 285; x_wconf 85' lang='grc' dir='ltr'><em>ἐκεί-</em></span> 
     </span>
    </p>
   </div>
   <div class='ocr_carea' id='block_1_7' title="bbox 193 319 1891 391">
    <p class='ocr_par' dir='ltr' id='par_1_7' title="bbox 193 319 1891 391">
     <span class='ocr_line' id='line_1_7' title="bbox 193 319 1891 391; baseline -0.002 -15"><span class='ocrx_word' id='word_1_19' title='bbox 193 342 309 376; x_wconf 91' lang='grc' dir='ltr'><em>νων</em></span> <span class='ocrx_word' id='word_1_20' title='bbox 360 321 554 391; x_wconf 80' lang='grc' dir='ltr'><em>ἡμέραι</em></span> <span class='ocrx_word' id='word_1_21' title='bbox 602 320 853 390; x_wconf 80' lang='grc' dir='ltr'><strong><em>τέτταρες</em></strong></span> <span class='ocrx_word' id='word_1_22' title='bbox 908 320 1165 388; x_wconf 89' lang='grc' dir='ltr'><em>ἐγένοντο</em></span> <span class='ocrx_word' id='word_1_23' title='bbox 1222 319 1312 373; x_wconf 88' lang='grc' dir='ltr'><em>καὶ</em></span> <span class='ocrx_word' id='word_1_24' title='bbox 1367 321 1678 390; x_wconf 88' lang='grc' dir='ltr'><em>τριάκοντα,</em></span> <span class='ocrx_word' id='word_1_25' title='bbox 1733 324 1891 373; x_wconf 89' lang='grc' dir='ltr'><em>λελυ-</em></span> 
     </span>
    </p>
   </div>
   <div class='ocr_carea' id='block_1_8' title="bbox 193 408 1898 2254">
    <p class='ocr_par' dir='ltr' id='par_1_8' title="bbox 193 408 1898 2254">
     <span class='ocr_line' id='line_1_8' title="bbox 193 408 1890 480; baseline -0.001 -16"><span class='ocrx_word' id='word_1_26' title='bbox 193 411 376 480; x_wconf 82' lang='grc' dir='ltr'><em>μένων</em></span> <span class='ocrx_word' id='word_1_27' title='bbox 424 411 485 464; x_wconf 78' lang='grc' dir='ltr'><em>δὲ</em></span> <span class='ocrx_word' id='word_1_28' title='bbox 523 419 637 463; x_wconf 84' lang='grc' dir='ltr'><em>τῶν</em></span> <span class='ocrx_word' id='word_1_29' title='bbox 677 411 878 463; x_wconf 81' lang='grc' dir='ltr'><em>δεινῶν</em></span> <span class='ocrx_word' id='word_1_30' title='bbox 923 418 988 480; x_wconf 75' lang='grc' dir='ltr'><em>τῇ</em></span> <span class='ocrx_word' id='word_1_31' title='bbox 1035 409 1304 478; x_wconf 88' lang='grc' dir='ltr'><em>βασιλέως</em></span> <span class='ocrx_word' id='word_1_32' title='bbox 1343 408 1601 479; x_wconf 76' lang='grc' dir='ltr'><strong><em>ἐπιστολῇ</em></strong></span> <span class='ocrx_word' id='word_1_33' title='bbox 1647 409 1794 462; x_wconf 82' lang='grc' dir='ltr'><em>πᾶσά</em></span> <span class='ocrx_word' id='word_1_34' title='bbox 1832 424 1890 463; x_wconf 89' lang='grc' dir='ltr'><em>τε</em></span> 
     </span>
     <span class='ocr_line' id='line_1_9' title="bbox 194 495 1892 568; baseline -0.002 -15"><span class='ocrx_word' id='word_1_35' title='bbox 194 496 265 568; x_wconf 76' lang='grc' dir='ltr'><em>ἦν</em></span> <span class='ocrx_word' id='word_1_36' title='bbox 317 501 472 553; x_wconf 82' lang='grc' dir='ltr'><em>ἄδεια</em></span> <span class='ocrx_word' id='word_1_37' title='bbox 519 498 608 552; x_wconf 84' lang='grc' dir='ltr'><em>καὶ</em></span> <span class='ocrx_word' id='word_1_38' title='bbox 658 507 858 568; x_wconf 81' lang='grc' dir='ltr'><em>φοιτᾶν</em></span> <span class='ocrx_word' id='word_1_39' title='bbox 906 497 1046 568; x_wconf 82' lang='grc' dir='ltr'><em>ἐξῆν.</em></span> <span class='ocrx_word' id='word_1_40' title='bbox 1122 499 1213 552; x_wconf 82' lang='grc' dir='ltr'><em>καὶ</em></span> <span class='ocrx_word' id='word_1_41' title='bbox 1268 495 1418 567; x_wconf 78' lang='grc' dir='ltr'><em>ἦσθα</em></span> <span class='ocrx_word' id='word_1_42' title='bbox 1474 499 1540 566; x_wconf 89' lang='grc' dir='ltr'><em>δὴ</em></span> <span class='ocrx_word' id='word_1_43' title='bbox 1589 496 1679 551; x_wconf 88' lang='grc' dir='ltr'><em>καὶ</em></span> <span class='ocrx_word' id='word_1_44' title='bbox 1728 497 1892 560; x_wconf 86' lang='grc' dir='ltr'><em>αὐτὸς</em></span> 
     </span>
     <span class='ocr_line' id='line_1_10' title="bbox 195 583 1891 661; baseline -0.002 -19"><span class='ocrx_word' id='word_1_45' title='bbox 195 598 306 642; x_wconf 83' lang='grc' dir='ltr'><em>τῶν</em></span> <span class='ocrx_word' id='word_1_46' title='bbox 345 595 419 661; x_wconf 80' lang='grc' dir='ltr'><em>τῷ</em></span> <span class='ocrx_word' id='word_1_47' title='bbox 452 593 625 660; x_wconf 78' lang='grc' dir='ltr'><em>καιρῷ</em></span> <span class='ocrx_word' id='word_1_48' title='bbox 659 587 973 657; x_wconf 77' lang='grc' dir='ltr'><em>χρωμένων,</em></span> <span class='ocrx_word' id='word_1_49' title='bbox 1013 591 1224 655; x_wconf 82' lang='grc' dir='ltr'><em>μᾶλλον</em></span> <span class='ocrx_word' id='word_1_50' title='bbox 1263 587 1324 640; x_wconf 83' lang='grc' dir='ltr'><em>δὲ</em></span> <span class='ocrx_word' id='word_1_51' title='bbox 1363 583 1552 661; x_wconf 37' lang='grc' dir='ltr'><em>εἰιμὲν</em></span> <span class='ocrx_word' id='word_1_52' title='bbox 1591 586 1692 639; x_wconf 88' lang='grc' dir='ltr'><em>οὐκ</em></span> <span class='ocrx_word' id='word_1_53' title='bbox 1732 585 1891 656; x_wconf 82' lang='grc' dir='ltr'><em>ἐχρῶ,</em></span> 
     </span>
     <span class='ocr_line' id='line_1_11' title="bbox 195 673 1897 747; baseline -0.002 -17"><span class='ocrx_word' id='word_1_54' title='bbox 195 678 334 730; x_wconf 78' lang='grc' dir='ltr'><em>ἀλλὰ</em></span> <span class='ocrx_word' id='word_1_55' title='bbox 386 679 484 730; x_wconf 92' lang='grc' dir='ltr'><em>τὸν</em></span> <span class='ocrx_word' id='word_1_56' title='bbox 538 676 841 744; x_wconf 81' lang='grc' dir='ltr'><em>λελυμένον</em></span> <span class='ocrx_word' id='word_1_57' title='bbox 895 677 1091 739; x_wconf 88' lang='grc' dir='ltr'><em>δεδιὼς</em></span> <span class='ocrx_word' id='word_1_58' title='bbox 1153 679 1333 745; x_wconf 85' lang='grc' dir='ltr'><em>φόβον</em></span> <span class='ocrx_word' id='word_1_59' title='bbox 1394 673 1573 728; x_wconf 79' lang='grc' dir='ltr'><em>ἔκεισο</em></span> <span class='ocrx_word' id='word_1_60' title='bbox 1629 673 1690 728; x_wconf 88' lang='grc' dir='ltr'><em>ἐν</em></span> <span class='ocrx_word' id='word_1_61' title='bbox 1745 675 1897 747; x_wconf 80' lang='grc' dir='ltr'><em>ἀγρῷ</em></span> 
     </span>
     <span class='ocr_line' id='line_1_12' title="bbox 194 764 1894 836; baseline -0.001 -18"><span class='ocrx_word' id='word_1_62' title='bbox 194 776 443 836; x_wconf 84' lang='grc' dir='ltr'><em>τρυφῶν,</em></span> <span class='ocrx_word' id='word_1_63' title='bbox 489 766 591 818; x_wconf 88' lang='grc' dir='ltr'><em>σὸν</em></span> <span class='ocrx_word' id='word_1_64' title='bbox 629 774 813 834; x_wconf 84' lang='grc' dir='ltr'><em>τοῦτο,</em></span> <span class='ocrx_word' id='word_1_65' title='bbox 862 766 964 819; x_wconf 86' lang='grc' dir='ltr'><em>οὐκ</em></span> <span class='ocrx_word' id='word_1_66' title='bbox 1004 764 1137 832; x_wconf 88' lang='grc' dir='ltr'><em>ἐμὸν</em></span> <span class='ocrx_word' id='word_1_67' title='bbox 1178 765 1429 833; x_wconf 79' lang='grc' dir='ltr'><em>ἀδίκημα.</em></span> <span class='ocrx_word' id='word_1_68' title='bbox 1505 765 1596 817; x_wconf 84' lang='grc' dir='ltr'><em>καὶ</em></span> <span class='ocrx_word' id='word_1_69' title='bbox 1636 765 1740 834; x_wconf 82' lang='grc' dir='ltr'><em>γὰρ</em></span> <span class='ocrx_word' id='word_1_70' title='bbox 1779 773 1894 816; x_wconf 83' lang='grc' dir='ltr'><em>τῶν</em></span> 
     </span>
     <span class='ocr_line' id='line_1_13' title="bbox 196 851 1891 924; baseline -0.002 -16"><span class='ocrx_word' id='word_1_71' title='bbox 196 855 261 908; x_wconf 86' lang='grc' dir='ltr'><em>οὐ</em></span> <span class='ocrx_word' id='word_1_72' title='bbox 302 858 583 908; x_wconf 82' lang='grc' dir='ltr'><em>πλεόντων</em></span> <span class='ocrx_word' id='word_1_73' title='bbox 625 854 685 907; x_wconf 89' lang='grc' dir='ltr'><em>ἐν</em></span> <span class='ocrx_word' id='word_1_74' title='bbox 724 853 945 924; x_wconf 80' lang='grc' dir='ltr'><em>ἐξουσίᾳ</em></span> <span class='ocrx_word' id='word_1_75' title='bbox 982 862 1083 907; x_wconf 86' lang='grc' dir='ltr'><em>τοῦ</em></span> <span class='ocrx_word' id='word_1_76' title='bbox 1124 858 1300 923; x_wconf 89' lang='grc' dir='ltr'><em>πλεῖν,</em></span> <span class='ocrx_word' id='word_1_77' title='bbox 1349 851 1464 906; x_wconf 84' lang='grc' dir='ltr'><em>ἀλλ’</em></span> <span class='ocrx_word' id='word_1_78' title='bbox 1498 854 1564 906; x_wconf 86' lang='grc' dir='ltr'><em>οὐ</em></span> <span class='ocrx_word' id='word_1_79' title='bbox 1604 861 1698 922; x_wconf 85' lang='grc' dir='ltr'><em>τῆς</em></span> <span class='ocrx_word' id='word_1_80' title='bbox 1737 854 1891 922; x_wconf 88' lang='grc' dir='ltr'><em>δεχο-</em></span> 
     </span>
     <span class='ocr_line' id='line_1_14' title="bbox 194 942 1893 1012; baseline -0.001 -16"><span class='ocrx_word' id='word_1_81' title='bbox 194 943 360 1012; x_wconf 81' lang='grc' dir='ltr'><em>μένης</em></span> <span class='ocrx_word' id='word_1_82' title='bbox 398 944 699 1012; x_wconf 78' lang='grc' dir='ltr'><em>θαλάττης,</em></span> <span class='ocrx_word' id='word_1_83' title='bbox 749 948 917 1006; x_wconf 81' lang='grc' dir='ltr'><em>εἴτις</em></span> <span class='ocrx_word' id='word_1_84' title='bbox 965 943 1134 996; x_wconf 86' lang='grc' dir='ltr'><em>αὑτὸν</em></span> <span class='ocrx_word' id='word_1_85' title='bbox 1181 942 1568 1011; x_wconf 81' lang='grc' dir='ltr'><em>ἀποστερήσειε</em></span> <span class='ocrx_word' id='word_1_86' title='bbox 1606 945 1765 995; x_wconf 86' lang='grc' dir='ltr'><em>πλοῦ.</em></span> <span class='ocrx_word' id='word_1_87' title='bbox 1842 943 1893 996; x_wconf 78' lang='grc' dir='ltr'><em>εἰ</em></span> 
     </span>
     <span class='ocr_line' id='line_1_15' title="bbox 198 1029 1896 1102; baseline -0.001 -17"><span class='ocrx_word' id='word_1_88' title='bbox 198 1031 246 1085; x_wconf 89' lang='grc' dir='ltr'><em>δ’</em></span> <span class='ocrx_word' id='word_1_89' title='bbox 278 1029 403 1100; x_wconf 79' lang='grc' dir='ltr'><em>ἧκές</em></span> <span class='ocrx_word' id='word_1_90' title='bbox 456 1052 513 1085; x_wconf 91' lang='grc' dir='ltr'><em>τε</em></span> <span class='ocrx_word' id='word_1_91' title='bbox 561 1031 647 1085; x_wconf 85' lang='grc' dir='ltr'><em>ἐπὶ</em></span> <span class='ocrx_word' id='word_1_92' title='bbox 695 1041 812 1094; x_wconf 87' lang='grc' dir='ltr'><em>τοῖς</em></span> <span class='ocrx_word' id='word_1_93' title='bbox 865 1031 1147 1102; x_wconf 80' lang='grc' dir='ltr'><em>ἡμετέροις</em></span> <span class='ocrx_word' id='word_1_94' title='bbox 1198 1032 1478 1102; x_wconf 87' lang='grc' dir='ltr'><em>γράμμασι</em></span> <span class='ocrx_word' id='word_1_95' title='bbox 1532 1030 1622 1084; x_wconf 86' lang='grc' dir='ltr'><em>καὶ</em></span> <span class='ocrx_word' id='word_1_96' title='bbox 1669 1032 1735 1084; x_wconf 78' lang='grc' dir='ltr'><em>τὰ</em></span> <span class='ocrx_word' id='word_1_97' title='bbox 1780 1040 1896 1084; x_wconf 85' lang='grc' dir='ltr'><em>τῶν</em></span> 
     </span>
     <span class='ocr_line' id='line_1_16' title="bbox 194 1119 1893 1191; baseline -0.001 -17"><span class='ocrx_word' id='word_1_98' title='bbox 194 1123 601 1188; x_wconf 80' lang='grc' dir='ltr'><em>μανθανόντων</em></span> <span class='ocrx_word' id='word_1_99' title='bbox 640 1119 866 1187; x_wconf 80' lang='grc' dir='ltr'><em>ἐποίεις,</em></span> <span class='ocrx_word' id='word_1_100' title='bbox 913 1128 1021 1174; x_wconf 89' lang='grc' dir='ltr'><em>ποῦ</em></span> <span class='ocrx_word' id='word_1_101' title='bbox 1058 1130 1232 1191; x_wconf 74' lang='grc' dir='ltr'><em>’τριῶν</em></span> <span class='ocrx_word' id='word_1_102' title='bbox 1279 1129 1471 1189; x_wconf 82' lang='grc' dir='ltr'><em>μηνῶν</em></span> <span class='ocrx_word' id='word_1_103' title='bbox 1511 1119 1764 1172; x_wconf 82' lang='grc' dir='ltr'><em>ἀπόλωλέ</em></span> <span class='ocrx_word' id='word_1_104' title='bbox 1801 1134 1893 1173; x_wconf 87' lang='grc' dir='ltr'><em>σοι</em></span> 
     </span>
     <span class='ocr_line' id='line_1_17' title="bbox 194 1207 1895 1279; baseline -0.002 -17"><span class='ocrx_word' id='word_1_105' title='bbox 194 1211 255 1262; x_wconf 91' lang='grc' dir='ltr'><em>τὸ</em></span> <span class='ocrx_word' id='word_1_106' title='bbox 296 1209 511 1279; x_wconf 87' lang='grc' dir='ltr'><em>κέρδος;</em></span> <span class='ocrx_word' id='word_1_107' title='bbox 568 1209 614 1261; x_wconf 82' lang='grc'><em>7.</em></span> <span class='ocrx_word' id='word_1_108' title='bbox 661 1207 753 1262; x_wconf 88' lang='grc' dir='ltr'><em>καὶ</em></span> <span class='ocrx_word' id='word_1_109' title='bbox 793 1209 902 1277; x_wconf 85' lang='grc' dir='ltr'><em>μὴν</em></span> <span class='ocrx_word' id='word_1_110' title='bbox 942 1207 1063 1262; x_wconf 87' lang='grc' dir='ltr'><em>οὐδ’</em></span> <span class='ocrx_word' id='word_1_111' title='bbox 1097 1210 1267 1262; x_wconf 86' lang='grc' dir='ltr'><em>αὐτόν</em></span> <span class='ocrx_word' id='word_1_112' title='bbox 1315 1229 1376 1277; x_wconf 86' lang='grc' dir='ltr'><em>γε</em></span> <span class='ocrx_word' id='word_1_113' title='bbox 1423 1209 1521 1261; x_wconf 91' lang='grc' dir='ltr'><em>τὸν</em></span> <span class='ocrx_word' id='word_1_114' title='bbox 1567 1216 1664 1276; x_wconf 83' lang='grc' dir='ltr'><em>τῆς</em></span> <span class='ocrx_word' id='word_1_115' title='bbox 1710 1215 1895 1276; x_wconf 82' lang='grc' dir='ltr'><em>φυγῆς</em></span> 
     </span>
     <span class='ocr_line' id='line_1_18' title="bbox 195 1295 1895 1367; baseline -0.001 -16"><span class='ocrx_word' id='word_1_116' title='bbox 195 1300 401 1367; x_wconf 90' lang='grc' dir='ltr'><em>χρόνον</em></span> <span class='ocrx_word' id='word_1_117' title='bbox 453 1297 526 1351; x_wconf 81' lang='grc' dir='ltr'><em>δι’</em></span> <span class='ocrx_word' id='word_1_118' title='bbox 566 1295 657 1367; x_wconf 75' lang='grc' dir='ltr'><em>ἐμὲ</em></span> <span class='ocrx_word' id='word_1_119' title='bbox 707 1297 799 1351; x_wconf 89' lang='grc' dir='ltr'><em>καὶ</em></span> <span class='ocrx_word' id='word_1_120' title='bbox 846 1299 947 1366; x_wconf 83' lang='grc' dir='ltr'><em>τὴν</em></span> <span class='ocrx_word' id='word_1_121' title='bbox 994 1297 1131 1367; x_wconf 84' lang='grc' dir='ltr'><em>ἐμὴν</em></span> <span class='ocrx_word' id='word_1_122' title='bbox 1185 1298 1533 1359; x_wconf 79' lang='grc' dir='ltr'><em>ἀπολώλεκας</em></span> <span class='ocrx_word' id='word_1_123' title='bbox 1588 1297 1895 1367; x_wconf 78' lang='grc' dir='ltr'><em>ρᾳθυμίαν,</em></span> 
     </span>
     <span class='ocr_line' id='line_1_19' title="bbox 196 1383 1896 1457; baseline -0.002 -17"><span class='ocrx_word' id='word_1_124' title='bbox 196 1386 312 1440; x_wconf 81' lang='grc' dir='ltr'><em>ἀλλ’</em></span> <span class='ocrx_word' id='word_1_125' title='bbox 344 1389 496 1440; x_wconf 83' lang='grc' dir='ltr'><em>ἔστιν</em></span> <span class='ocrx_word' id='word_1_126' title='bbox 527 1387 662 1456; x_wconf 81' lang='grc' dir='ltr'><em>αὕτη</em></span> <span class='ocrx_word' id='word_1_127' title='bbox 696 1389 728 1456; x_wconf 79' lang='grc' dir='ltr'><em>ἡ</em></span> <span class='ocrx_word' id='word_1_128' title='bbox 764 1389 921 1456; x_wconf 80' lang='grc' dir='ltr'><em>ζημία</em></span> <span class='ocrx_word' id='word_1_129' title='bbox 950 1395 1046 1455; x_wconf 81' lang='grc' dir='ltr'><em>τῆς</em></span> <span class='ocrx_word' id='word_1_130' title='bbox 1076 1386 1340 1457; x_wconf 79' lang='grc' dir='ltr'><em>ὑμετέρας</em></span> <span class='ocrx_word' id='word_1_131' title='bbox 1370 1388 1575 1449; x_wconf 81' lang='grc' dir='ltr'><em>κακίας.</em></span> <span class='ocrx_word' id='word_1_132' title='bbox 1644 1384 1676 1453; x_wconf 76' lang='grc' dir='ltr'>ἢ</span> <span class='ocrx_word' id='word_1_133' title='bbox 1709 1383 1896 1448; x_wconf 82' lang='grc' dir='ltr'><em>δεῖξον</em></span> 
     </span>
     <span class='ocr_line' id='line_1_20' title="bbox 195 1474 1894 1546; baseline -0.002 -17"><span class='ocrx_word' id='word_1_134' title='bbox 195 1477 508 1546; x_wconf 84' lang='grc' dir='ltr'><em>παρελθών,</em></span> <span class='ocrx_word' id='word_1_135' title='bbox 565 1476 649 1528; x_wconf 81' lang='grc' dir='ltr'><em>ὅτι</em></span> <span class='ocrx_word' id='word_1_136' title='bbox 695 1476 921 1546; x_wconf 76' lang='grc' dir='ltr'><em>ταράξαι</em></span> <span class='ocrx_word' id='word_1_137' title='bbox 969 1475 1314 1545; x_wconf 79' lang='grc' dir='ltr'><em>δυναμένους</em></span> <span class='ocrx_word' id='word_1_138' title='bbox 1362 1474 1467 1543; x_wconf 85' lang='grc' dir='ltr'><em>ἐγὼ</em></span> <span class='ocrx_word' id='word_1_139' title='bbox 1516 1476 1756 1543; x_wconf 79' lang='grc' dir='ltr'><em>διῆλθον</em></span> <span class='ocrx_word' id='word_1_140' title='bbox 1803 1475 1894 1526; x_wconf 83' lang='grc' dir='ltr'><em>λό-</em></span> 
     </span>
     <span class='ocr_line' id='line_1_21' title="bbox 197 1563 1896 1634; baseline -0.002 -16"><span class='ocrx_word' id='word_1_141' title='bbox 197 1586 331 1633; x_wconf 88' lang='grc' dir='ltr'><em>γους</em></span> <span class='ocrx_word' id='word_1_142' title='bbox 394 1566 680 1633; x_wconf 76' lang='grc' dir='ltr'><em>φάλαγγας</em></span> <span class='ocrx_word' id='word_1_143' title='bbox 734 1563 1076 1628; x_wconf 89' lang='grc' dir='ltr'><em>ἐπισείοντας</em></span> <span class='ocrx_word' id='word_1_144' title='bbox 1132 1563 1223 1617; x_wconf 86' lang='grc' dir='ltr'><em>καὶ</em></span> <span class='ocrx_word' id='word_1_145' title='bbox 1285 1565 1576 1634; x_wconf 90' lang='grc' dir='ltr'><em>χρημάτων</em></span> <span class='ocrx_word' id='word_1_146' title='bbox 1638 1563 1896 1632; x_wconf 80' lang='grc' dir='ltr'><em>ἁρπαγὴν</em></span> 
     </span>
     <span class='ocr_line' id='line_1_22' title="bbox 196 1651 1898 1722; baseline -0.002 -16"><span class='ocrx_word' id='word_1_147' title='bbox 196 1654 287 1706; x_wconf 83' lang='grc' dir='ltr'><em>καὶ</em></span> <span class='ocrx_word' id='word_1_148' title='bbox 335 1654 513 1722; x_wconf 83' lang='grc' dir='ltr'><em>φόνον</em></span> <span class='ocrx_word' id='word_1_149' title='bbox 567 1654 657 1706; x_wconf 83' lang='grc' dir='ltr'><em>καὶ</em></span> <span class='ocrx_word' id='word_1_150' title='bbox 706 1655 938 1722; x_wconf 86' lang='grc' dir='ltr'><em>σίδηρον</em></span> <span class='ocrx_word' id='word_1_151' title='bbox 991 1652 1082 1706; x_wconf 84' lang='grc' dir='ltr'><em>καὶ</em></span> <span class='ocrx_word' id='word_1_152' title='bbox 1131 1653 1215 1706; x_wconf 85' lang='grc' dir='ltr'><em>ὅτι</em></span> <span class='ocrx_word' id='word_1_153' title='bbox 1266 1661 1407 1706; x_wconf 87' lang='grc' dir='ltr'><em>νοῦν</em></span> <span class='ocrx_word' id='word_1_154' title='bbox 1453 1651 1693 1722; x_wconf 86' lang='grc' dir='ltr'><em>ἐχόντων</em></span> <span class='ocrx_word' id='word_1_155' title='bbox 1743 1651 1898 1704; x_wconf 82' lang='grc' dir='ltr'><em>ἐστὶν</em></span> 
     </span>
     <span class='ocr_line' id='line_1_23' title="bbox 198 1738 1896 1811; baseline -0.001 -17"><span class='ocrx_word' id='word_1_156' title='bbox 198 1741 515 1810; x_wconf 81' lang='grc' dir='ltr'><em>ἀνθρώπων</em></span> <span class='ocrx_word' id='word_1_157' title='bbox 561 1750 707 1810; x_wconf 82' lang='grc' dir='ltr'><em>σφᾶς</em></span> <span class='ocrx_word' id='word_1_158' title='bbox 754 1742 956 1804; x_wconf 84' lang='grc' dir='ltr'><em>αὐτοὺς</em></span> <span class='ocrx_word' id='word_1_159' title='bbox 1003 1742 1290 1806; x_wconf 79' lang='grc' dir='ltr'><em>διασώζειν</em></span> <span class='ocrx_word' id='word_1_160' title='bbox 1339 1749 1503 1811; x_wconf 78' lang='grc' dir='ltr'><em>φυγῇ.</em></span> <span class='ocrx_word' id='word_1_161' title='bbox 1575 1742 1623 1794; x_wconf 86' lang='grc' dir='ltr'><em>εἰ</em></span> <span class='ocrx_word' id='word_1_162' title='bbox 1663 1741 1724 1793; x_wconf 82' lang='grc' dir='ltr'><em>δὲ</em></span> <span class='ocrx_word' id='word_1_163' title='bbox 1763 1738 1896 1808; x_wconf 86' lang='grc' dir='ltr'><em>ἐμὸς</em></span> 
     </span>
     <span class='ocr_line' id='line_1_24' title="bbox 196 1823 1898 1898; baseline -0.001 -16"><span class='ocrx_word' id='word_1_164' title='bbox 196 1827 298 1897; x_wconf 79' lang='grc' dir='ltr'><em>μὲν</em></span> <span class='ocrx_word' id='word_1_165' title='bbox 345 1827 476 1883; x_wconf 77' lang='grc' dir='ltr'><em>οὐδὲ</em></span> <span class='ocrx_word' id='word_1_166' title='bbox 527 1823 603 1893; x_wconf 84' lang='grc' dir='ltr'><em>εἷς</em></span> <span class='ocrx_word' id='word_1_167' title='bbox 657 1839 907 1893; x_wconf 83' lang='grc' dir='ltr'><em>τοιοῦτος</em></span> <span class='ocrx_word' id='word_1_168' title='bbox 954 1832 1144 1898; x_wconf 87' lang='grc' dir='ltr'><em>λόγος,</em></span> <span class='ocrx_word' id='word_1_169' title='bbox 1199 1830 1354 1896; x_wconf 86' lang='grc' dir='ltr'><em>ὑμεῖς</em></span> <span class='ocrx_word' id='word_1_170' title='bbox 1401 1830 1462 1882; x_wconf 82' lang='grc' dir='ltr'><em>δὲ</em></span> <span class='ocrx_word' id='word_1_171' title='bbox 1515 1829 1650 1897; x_wconf 84' lang='grc' dir='ltr'><em>ὑμῖν</em></span> <span class='ocrx_word' id='word_1_172' title='bbox 1704 1829 1898 1890; x_wconf 80' lang='grc' dir='ltr'><em>αὐτοῖς</em></span> 
     </span>
     <span class='ocr_line' id='line_1_25' title="bbox 198 1915 1893 1988; baseline -0.001 -17"><span class='ocrx_word' id='word_1_173' title='bbox 198 1926 367 1971; x_wconf 87' lang='grc' dir='ltr'><em>ταῦτα</em></span> <span class='ocrx_word' id='word_1_174' title='bbox 424 1920 957 1987; x_wconf 86' lang='grc' dir='ltr'><em>συμβεβουλεύκατε,</em></span> <span class='ocrx_word' id='word_1_175' title='bbox 1008 1929 1123 1981; x_wconf 83' lang='grc' dir='ltr'><em>πῶς</em></span> <span class='ocrx_word' id='word_1_176' title='bbox 1171 1919 1273 1988; x_wconf 89' lang='grc' dir='ltr'><em>οὐχ</em></span> <span class='ocrx_word' id='word_1_177' title='bbox 1319 1918 1453 1987; x_wconf 86' lang='grc' dir='ltr'><em>ὑμῖν</em></span> <span class='ocrx_word' id='word_1_178' title='bbox 1501 1918 1688 1979; x_wconf 84' lang='grc' dir='ltr'><em>αὐτοῖς</em></span> <span class='ocrx_word' id='word_1_179' title='bbox 1734 1915 1893 1984; x_wconf 87' lang='grc' dir='ltr'><em>ἐγκα-</em></span> 
     </span>
     <span class='ocr_line' id='line_1_26' title="bbox 198 2006 1897 2076; baseline 0 -17"><span class='ocrx_word' id='word_1_180' title='bbox 198 2006 334 2060; x_wconf 85' lang='grc' dir='ltr'><em>λοῖτ’</em></span> <span class='ocrx_word' id='word_1_181' title='bbox 373 2007 442 2061; x_wconf 80' lang='grc' dir='ltr'><em>ἂν</em></span> <span class='ocrx_word' id='word_1_182' title='bbox 497 2009 743 2072; x_wconf 84' lang='grc' dir='ltr'><em>δικαίως;</em></span> <span class='ocrx_word' id='word_1_183' title='bbox 805 2007 837 2076; x_wconf 74' lang='grc' dir='ltr'>ἢ</span> <span class='ocrx_word' id='word_1_184' title='bbox 892 2007 998 2060; x_wconf 79' lang='grc' dir='ltr'><em>κᾶν</em></span> <span class='ocrx_word' id='word_1_185' title='bbox 1053 2009 1101 2060; x_wconf 85' lang='grc' dir='ltr'><em>εἰ</em></span> <span class='ocrx_word' id='word_1_186' title='bbox 1160 2009 1485 2076; x_wconf 87' lang='grc' dir='ltr'><em>κακούργων</em></span> <span class='ocrx_word' id='word_1_187' title='bbox 1546 2006 1897 2075; x_wconf 87' lang='grc' dir='ltr'><em>ἐπιθεμένων</em></span> 
     </span>
     <span class='ocr_line' id='line_1_27' title="bbox 197 2095 1893 2165; baseline -0.001 -17"><span class='ocrx_word' id='word_1_188' title='bbox 197 2096 334 2164; x_wconf 84' lang='grc' dir='ltr'><em>ὑμῖν</em></span> <span class='ocrx_word' id='word_1_189' title='bbox 371 2095 403 2164; x_wconf 79' lang='grc' dir='ltr'>ἢ</span> <span class='ocrx_word' id='word_1_190' title='bbox 444 2099 522 2149; x_wconf 83' lang='grc' dir='ltr'><em>ε”τι</em></span> <span class='ocrx_word' id='word_1_191' title='bbox 561 2096 956 2164; x_wconf 85' lang='grc' dir='ltr'><em>πορευομένοις</em></span> <span class='ocrx_word' id='word_1_192' title='bbox 1001 2095 1033 2164; x_wconf 77' lang='grc' dir='ltr'>ἢ</span> <span class='ocrx_word' id='word_1_193' title='bbox 1085 2096 1174 2148; x_wconf 83' lang='grc' dir='ltr'><em>καὶ</em></span> <span class='ocrx_word' id='word_1_194' title='bbox 1213 2098 1312 2149; x_wconf 92' lang='grc' dir='ltr'><em>τὸν</em></span> <span class='ocrx_word' id='word_1_195' title='bbox 1352 2095 1527 2165; x_wconf 79' lang='grc' dir='ltr'><em>ἀγρὸν</em></span> <span class='ocrx_word' id='word_1_196' title='bbox 1564 2097 1669 2164; x_wconf 77' lang='grc' dir='ltr'><em>ἤδη</em></span> <span class='ocrx_word' id='word_1_197' title='bbox 1717 2114 1893 2148; x_wconf 88' lang='grc' dir='ltr'><em>κατει-</em></span> 
     </span>
     <span class='ocr_line' id='line_1_28' title="bbox 199 2178 1896 2254; baseline 0 -18"><span class='ocrx_word' id='word_1_198' title='bbox 199 2186 454 2253; x_wconf 85' lang='grc' dir='ltr'><em>ληφόσιν,</em></span> <span class='ocrx_word' id='word_1_199' title='bbox 495 2178 584 2237; x_wconf 85' lang='grc' dir='ltr'><em>οἷα</em></span> <span class='ocrx_word' id='word_1_200' title='bbox 615 2186 792 2238; x_wconf 79' lang='grc' dir='ltr'><em>πολλὰ</em></span> <span class='ocrx_word' id='word_1_201' title='bbox 830 2183 1132 2254; x_wconf 87' lang='grc' dir='ltr'><em>πέπρακται</em></span> <span class='ocrx_word' id='word_1_202' title='bbox 1171 2193 1283 2237; x_wconf 85' lang='grc' dir='ltr'><em>τῶν</em></span> <span class='ocrx_word' id='word_1_203' title='bbox 1323 2186 1456 2237; x_wconf 81' lang='grc' dir='ltr'><em>ἄνευ</em></span> <span class='ocrx_word' id='word_1_204' title='bbox 1495 2189 1761 2252; x_wconf 89' lang='grc' dir='ltr'><em>λογισμοῦ</em></span> <span class='ocrx_word' id='word_1_205' title='bbox 1800 2202 1896 2236; x_wconf 88' lang='grc' dir='ltr'><em>πε-</em></span> 
     </span>
    </p>
   </div>
   <div class='ocr_carea' id='block_1_9' title="bbox 320 2344 1891 2400">
    <p class='ocr_par' dir='ltr' id='par_1_9' title="bbox 320 2344 1891 2400">
     <span class='ocr_line' id='line_1_29' title="bbox 320 2344 1891 2400; baseline -0.001 -13"><span class='ocrx_word' id='word_1_206' title='bbox 320 2350 341 2387; x_wconf 92' lang='grc'>1</span> <span class='ocrx_word' id='word_1_207' title='bbox 376 2345 427 2389; x_wconf 87' lang='grc' dir='ltr'><em>Π.</em></span> <span class='ocrx_word' id='word_1_208' title='bbox 454 2363 484 2388; x_wconf 87' lang='grc' dir='ltr'><em>α</em></span> <span class='ocrx_word' id='word_1_209' title='bbox 510 2350 595 2389; x_wconf 80' lang='lat'><em>225</em></span> <span class='ocrx_word' id='word_1_210' title='bbox 630 2345 685 2388; x_wconf 84' lang='lat' dir='ltr'><em>cf.</em></span> <span class='ocrx_word' id='word_1_211' title='bbox 712 2345 783 2389; x_wconf 53' lang='lat' dir='ltr'><em>hl</em></span> <span class='ocrx_word' id='word_1_212' title='bbox 809 2349 907 2399; x_wconf 79' lang='lat'><strong>278,</strong></span> <span class='ocrx_word' id='word_1_213' title='bbox 928 2349 950 2388; x_wconf 83' lang='lat'><strong>7</strong></span> <span class='ocrx_word' id='word_1_214' title='bbox 1075 2350 1099 2387; x_wconf 89' lang='grc'><strong>3</strong></span> <span class='ocrx_word' id='word_1_215' title='bbox 1134 2345 1190 2388; x_wconf 85' lang='lat' dir='ltr'><em>ef.</em></span> <span class='ocrx_word' id='word_1_216' title='bbox 1216 2360 1260 2400; x_wconf 89' lang='lat' dir='ltr'><em>p.</em></span> <span class='ocrx_word' id='word_1_217' title='bbox 1283 2349 1365 2387; x_wconf 82' lang='lat'><em>147</em></span> <span class='ocrx_word' id='word_1_218' title='bbox 1392 2346 1486 2387; x_wconf 75' lang='lat' dir='ltr'><strong>not.</strong></span> <span class='ocrx_word' id='word_1_219' title='bbox 1509 2349 1531 2387; x_wconf 95' lang='lat'>1</span> <span class='ocrx_word' id='word_1_220' title='bbox 1560 2346 1607 2388; x_wconf 75' lang='lat' dir='ltr'><em>et</em></span> <span class='ocrx_word' id='word_1_221' title='bbox 1634 2347 1717 2387; x_wconf 87' lang='lat'><em>188</em></span> <span class='ocrx_word' id='word_1_222' title='bbox 1749 2344 1891 2387; x_wconf 75' lang='lat' dir='ltr'>not.1.</span> 
     </span>
    </p>
   </div>
   <div class='ocr_carea' id='block_1_10' title="bbox 270 2439 517 2442">
    <p class='ocr_par' dir='ltr' id='par_1_10' title="bbox 270 2439 517 2442">
     <span class='ocr_line' id='line_1_30' title="bbox 270 2439 517 2442; baseline 0 0"><span class='ocrx_word' id='word_1_223' title='bbox 270 2439 517 2442; x_wconf 95' lang='lat' dir='ltr'><em> </em></span> 
     </span>
    </p>
   </div>
   <div class='ocr_carea' id='block_1_11' title="bbox 201 2502 1896 2728">
    <p class='ocr_par' dir='ltr' id='par_1_11' title="bbox 201 2502 1896 2728">
     <span class='ocr_line' id='line_1_31' title="bbox 319 2502 1894 2564; baseline -0.001 -14"><span class='ocrx_word' id='word_1_224' title='bbox 319 2513 372 2550; x_wconf 81' lang='grc'><em>21</em></span> <span class='ocrx_word' id='word_1_225' title='bbox 412 2505 439 2562; x_wconf 83' lang='grc' dir='ltr'>ἢ</span> <span class='ocrx_word' id='word_1_226' title='bbox 472 2534 526 2539; x_wconf 92' lang='lat'><em>-—</em></span> <span class='ocrx_word' id='word_1_227' title='bbox 562 2512 616 2550; x_wconf 80' lang='lat'><em>22</em></span> <span class='ocrx_word' id='word_1_228' title='bbox 649 2507 776 2564; x_wconf 83' lang='grc' dir='ltr'><em>ὑμῖν]</em></span> <span class='ocrx_word' id='word_1_229' title='bbox 814 2503 911 2550; x_wconf 86' lang='grc' dir='ltr'><em>εἶτα</em></span> <span class='ocrx_word' id='word_1_230' title='bbox 943 2507 1122 2562; x_wconf 84' lang='grc' dir='ltr'><em>προϊὼν</em></span> <span class='ocrx_word' id='word_1_231' title='bbox 1153 2505 1369 2564; x_wconf 82' lang='grc' dir='ltr'><em>μετέλαβε</em></span> <span class='ocrx_word' id='word_1_232' title='bbox 1399 2505 1481 2549; x_wconf 89' lang='grc' dir='ltr'><em>τὸν</em></span> <span class='ocrx_word' id='word_1_233' title='bbox 1513 2503 1652 2562; x_wconf 83' lang='grc' dir='ltr'><em>λόγον</em></span> <span class='ocrx_word' id='word_1_234' title='bbox 1684 2502 1760 2550; x_wconf 85' lang='grc' dir='ltr'><em>ἐπ’</em></span> <span class='ocrx_word' id='word_1_235' title='bbox 1782 2505 1894 2548; x_wconf 79' lang='grc' dir='ltr'><em>ἄλλο·</em></span> 
     </span>
     <span class='ocr_line' id='line_1_32' title="bbox 202 2563 1889 2623; baseline -0.002 -13"><span class='ocrx_word' id='word_1_236' title='bbox 202 2572 351 2623; x_wconf 88' lang='grc' dir='ltr'><em>σχῆμα</em></span> <span class='ocrx_word' id='word_1_237' title='bbox 375 2564 538 2623; x_wconf 80' lang='grc' dir='ltr'><em>λέγων·</em></span> <span class='ocrx_word' id='word_1_238' title='bbox 575 2567 623 2609; x_wconf 83' lang='grc' dir='ltr'><em>εἰ</em></span> <span class='ocrx_word' id='word_1_239' title='bbox 647 2563 747 2610; x_wconf 79' lang='grc' dir='ltr'><em>οὖν</em></span> <span class='ocrx_word' id='word_1_240' title='bbox 772 2566 879 2610; x_wconf 81' lang='grc' dir='ltr'><em>ὑπὸ</em></span> <span class='ocrx_word' id='word_1_241' title='bbox 903 2574 1011 2610; x_wconf 85' lang='grc' dir='ltr'><em>τῶν</em></span> <span class='ocrx_word' id='word_1_242' title='bbox 1035 2566 1277 2614; x_wconf 78' lang='grc' dir='ltr'><em>πολλοὺς</em></span> <span class='ocrx_word' id='word_1_243' title='bbox 1309 2563 1712 2609; x_wconf 80' lang='grc' dir='ltr'><em>ἀπεκτονότων</em></span> <span class='ocrx_word' id='word_1_244' title='bbox 1746 2563 1889 2608; x_wconf 77' lang='grc' dir='ltr'><em>ἔκει-</em></span> 
     </span>
     <span class='ocr_line' id='line_1_33' title="bbox 201 2621 1896 2728; baseline -0.002 -60"><span class='ocrx_word' id='word_1_245' title='bbox 201 2629 344 2698; x_wconf 72' lang='grc' dir='ltr'><em>σθόν</em></span> <span class='ocrx_word' id='word_1_246' title='bbox 391 2623 685 2728; x_wconf 34' lang='grc' dir='ltr'><em>Ῑτίτὶεληγέντε.</em></span> <span class='ocrx_word' id='word_1_247' title='bbox 750 2626 830 2669; x_wconf 87' lang='grc' dir='ltr'><em>καὶ</em></span> <span class='ocrx_word' id='word_1_248' title='bbox 884 2624 1029 2669; x_wconf 82' lang='grc' dir='ltr'><em>πολλὰ</em></span> <span class='ocrx_word' id='word_1_249' title='bbox 1082 2624 1249 2668; x_wconf 84' lang='grc' dir='ltr'><em>τούτου</em></span> <span class='ocrx_word' id='word_1_250' title='bbox 1293 2623 1350 2667; x_wconf 85' lang='grc' dir='ltr'><em>τὰ</em></span> <span class='ocrx_word' id='word_1_251' title='bbox 1398 2631 1591 2667; x_wconf 85' lang='grc' dir='ltr'><em>τοιαῦτα</em></span> <span class='ocrx_word' id='word_1_252' title='bbox 1637 2621 1896 2679; x_wconf 62' lang='grc' dir='ltr'><em>θαυμαστοὶ</em></span> 
     </span>
     <span class='ocr_line' id='line_1_34' title="bbox 201 2700 357 2728; baseline 0 -1"><span class='ocrx_word' id='word_1_253' title='bbox 201 2700 357 2728; x_wconf 85' lang='grc' dir='ltr'><em>παντα</em></span> 
     </span>
    </p>
   </div>
   <div class='ocr_carea' id='block_1_12' title="bbox 204 2842 1837 2960">
    <p class='ocr_par' dir='ltr' id='par_1_12' title="bbox 204 2842 1837 2960">
     <span class='ocr_line' id='line_1_35' title="bbox 322 2842 1837 2904; baseline -0.002 -16"><span class='ocrx_word' id='word_1_254' title='bbox 322 2851 343 2888; x_wconf 91' lang='grc'>1</span> <span class='ocrx_word' id='word_1_255' title='bbox 379 2846 403 2890; x_wconf 85' lang='grc' dir='ltr'>ὁ</span> <span class='ocrx_word' id='word_1_256' title='bbox 430 2848 514 2890; x_wconf 90' lang='lat' dir='ltr'><em>Mo</em></span> <span class='ocrx_word' id='word_1_257' title='bbox 538 2846 639 2889; x_wconf 90' lang='lat' dir='ltr'><em>Mor</em></span> <span class='ocrx_word' id='word_1_258' title='bbox 671 2846 751 2900; x_wconf 88' lang='lat' dir='ltr'><em>qui</em></span> <span class='ocrx_word' id='word_1_259' title='bbox 783 2842 817 2889; x_wconf 86' lang='grc' dir='ltr'>ὦ</span> <span class='ocrx_word' id='word_1_260' title='bbox 850 2846 955 2890; x_wconf 83' lang='lat' dir='ltr'>coni</span> <span class='ocrx_word' id='word_1_261' title='bbox 1122 2849 1146 2888; x_wconf 89' lang='grc'>6</span> <span class='ocrx_word' id='word_1_262' title='bbox 1180 2844 1296 2904; x_wconf 77' lang='grc' dir='ltr'><em>ἔργῳ</em></span> <span class='ocrx_word' id='word_1_263' title='bbox 1328 2844 1430 2887; x_wconf 86' lang='lat' dir='ltr'><em>Mor</em></span> <span class='ocrx_word' id='word_1_264' title='bbox 1594 2847 1646 2886; x_wconf 89' lang='grc'><em>10</em></span> <span class='ocrx_word' id='word_1_265' title='bbox 1680 2842 1731 2888; x_wconf 79' lang='grc' dir='ltr'><em>δὲ</em></span> <span class='ocrx_word' id='word_1_266' title='bbox 1762 2843 1837 2886; x_wconf 58' lang='lat' dir='ltr'><em>Re„</em></span> 
     </span>
     <span class='ocr_line' id='line_1_36' title="bbox 204 2904 1745 2960; baseline 0 -13"><span class='ocrx_word' id='word_1_267' title='bbox 204 2909 256 2947; x_wconf 82' lang='lat'><em>17</em></span> <span class='ocrx_word' id='word_1_268' title='bbox 292 2906 370 2948; x_wconf 83' lang='grc' dir='ltr'><em>καὶ</em></span> <span class='ocrx_word' id='word_1_269' title='bbox 403 2904 554 2960; x_wconf 83' lang='grc' dir='ltr'><em>φόνον</em></span> <span class='ocrx_word' id='word_1_270' title='bbox 586 2919 661 2948; x_wconf 88' lang='lat' dir='ltr'><em>om</em></span> <span class='ocrx_word' id='word_1_271' title='bbox 686 2904 787 2948; x_wconf 85' lang='lat' dir='ltr'><em>Mor</em></span> <span class='ocrx_word' id='word_1_272' title='bbox 1741 2915 1745 2918; x_wconf 58' lang='lat'><strong>⁴</strong></span> 
     </span>
    </p>
   </div>
  </div>
 </body>
</html>
