1992 3094
132 611 150 641 5

109 1054 151 1085 10

178 101 284 153 362
610 138 613 142 ,
701 99 929 142 LLBANH
961 98 1186 143 ORATIO
1220 98 1344 141 XLV

176 234 335 288 ἔπιον
381 235 412 303 ἢ
461 232 673 303 ἔφαγον
721 235 752 303 ἢ
800 233 1204 303 ἐκοιμήθησαν,
1256 233 1509 287 ἕλκονται
1560 234 1872 301 τριπλάσιοι

176 325 439 385 πολλάκις
469 332 580 376 τῶν
611 322 672 376 ἐν
703 331 821 386 ταῖς
860 325 1061 385 αἰτίαις
1094 325 1274 375 ὄντων
1313 320 1482 375 οὐδὲν
1521 323 1727 385 εἰδότες
1759 332 1873 375 τῶν

177 411 586 480 ἐγκεκλημένων
632 411 664 479 ἢ
711 412 773 464 τὸ
820 408 996 480 μηδὲν
1045 411 1340 480 εἰργάσθαι
1397 411 1587 464 δεινὸν
1642 410 1871 474 ἐκείνοις

175 500 207 568 ἢ
248 510 359 554 τῶν
397 499 796 569 πεπραγμένων
836 499 904 551 οὐ
943 501 1343 568 μετεσχηκότες.

289 590 334 641 7.
401 585 571 641 Οὗτοι
625 589 823 651 πάντες
877 583 956 641 ὧν
1004 587 1315 656 ἐμνήσθην,
1360 575 1413 640 ’ὦ
1468 590 1723 656 βασιλεῦ,
1778 589 1875 640 καί

174 697 319 740 τινες
359 676 457 740 ἔξω
495 677 708 729 τούτων
746 675 874 729 καθ’
908 675 1128 746 ἑτέρους
1159 677 1386 744 ἥκοντες
1417 674 1590 728 ἐκεῖσε
1628 677 1871 746 τρόπους

177 771 303 830 ζῶσι
351 767 448 818 τὸν
495 764 555 818 ἐν
611 766 829 834 δεσμοῖς
875 766 1015 833 βίον.
1102 767 1155 818 οἱ
1204 763 1253 817 δ’
1293 764 1496 827 αὐτοὺς
1549 765 1869 835 παραδεδω-

174 857 326 917 κότες
366 854 426 907 ἐν
466 854 717 923 εὐωχίαις
757 855 886 922 εἰσί,
934 857 1145 922 μᾶλλον
1193 853 1254 907 δὲ
1302 852 1365 907 ἐν
1403 854 1609 907 ἅπασιν
1647 854 1870 922 ἡδονῶν

176 944 405 1011 εἴδεσιν,
464 945 543 1006 εἰς
596 945 697 1011 τὴν
750 947 995 1012 Δάφνην
1050 942 1469 1012 ἀναβαίνοντες,
1532 943 1609 1005 εἰς
1664 942 1870 1012 ἀγροὺς

176 1031 523 1100 ἐλαύνοντες,
588 1030 670 1085 ἐπ’
721 1033 888 1094 ἄλλας
951 1033 1126 1094 ἰόντες
1187 1034 1375 1094 πόλεις
1435 1031 1544 1084 ὑπὸ
1606 1033 1870 1101 νυμφίων

174 1122 503 1188 καλούμενοι
566 1129 672 1189 γῆν
733 1121 1098 1189 ὠνησόμενοι,
1168 1121 1452 1174 θάλατταν
1513 1120 1792 1187 ὀψόμενοι.
1859 1118 1863 1191 l

85 1221 186 1265 RII
203 1226 289 1264 444
320 1219 431 1262 τῶν
463 1207 524 1263 δὲ
556 1209 627 1262 δι’
660 1211 862 1272 αὐτοὺς
899 1208 1182 1263 δεθέντων
1220 1219 1332 1263 τῶν
1370 1207 1471 1278 μὲν
1511 1208 1868 1277 ἐπελάθοντο,

107 1496 148 1528 15

106 1939 148 1970 20

174 1308 283 1351 τῶν
324 1295 383 1351 δὲ
424 1299 491 1351 οὐ
533 1302 942 1368 φροντίζουσιν.
1014 1300 1071 1352 οὗ
1108 1297 1358 1352 δικασταὶ
1400 1299 1461 1352 δὲ
1501 1300 1554 1351 οἱ
1593 1297 1868 1366 βέλτιστοι

174 1388 231 1438 οἱ
279 1388 379 1439 τὸν
434 1388 638 1454 δεσμὸν
692 1388 881 1449 αὐτοῖς
936 1387 1003 1440 ὃν
1057 1386 1358 1455 ἐβούλοντο
1422 1388 1718 1449 δεδωκότες
1775 1387 1867 1439 καὶ

172 1475 296 1543 περὶ
329 1477 583 1537 πλείονος
614 1476 716 1543 τὴν
747 1476 884 1544 πρὸς
915 1475 1163 1539 ἐκείνους
1194 1477 1356 1545 χάριν
1385 1484 1482 1544 τῆς
1511 1483 1611 1529 τοῦ
1647 1477 1865 1528 δικαίου

172 1566 365 1631 μοίρας
402 1563 759 1632 πεποιημένοι
804 1565 931 1617 οὔτε
978 1564 1386 1632 ἀγανακτοῦσιν
1425 1566 1553 1617 οὔτε
1599 1569 1868 1617 καλοῦσιν

174 1653 299 1705 οὔτε
355 1651 677 1721 ἐπιτιμῶσιν
732 1653 859 1706 οὔτε
913 1656 977 1706 τί
1025 1661 1249 1718 ταῦτα;
1306 1652 1583 1723 ἐρωτῶσιν
1634 1651 1754 1706 οὐδ’
1793 1652 1868 1715 ὡς

173 1739 298 1809 περὶ
338 1740 571 1809 ἀσεβοῦς
605 1750 706 1794 τοῦ
745 1743 1063 1812 πράγματος
1102 1742 1452 1809 διαλέγονται
1493 1740 1619 1795 οὐδ’
1653 1742 1725 1804 ὡς
1764 1741 1865 1794 οὐκ

173 1828 242 1881 ἂν
274 1827 362 1882 ἐπὶ
394 1829 563 1883 πλέον
588 1831 850 1884 δύναιντο
883 1832 948 1883 τὰ
980 1838 1209 1883 τοιαῦτα
1241 1830 1555 1900 ἀνέχεσθαι,
1589 1830 1864 1898 λέγουσιν.

175 1917 220 1968 8.
266 1911 380 1970 εἶτα
411 1919 610 1985 μεστὸν
644 1916 791 1988 [μὲν]
825 1920 1092 1987 σωμάτων
1122 1919 1183 1972 τὸ
1219 1920 1594 1988 δεσμωτήριον
1626 1917 1865 1982 ἐξιόντος

173 2003 274 2073 μὲν
305 2006 534 2069 οὐδενὸς
566 2006 597 2075 ἢ
630 2009 827 2076 κομιδῆ
862 2027 922 2075 γε
956 2007 1178 2076 ὀλίγων,
1215 2009 1501 2060 εἰσιόντων
1535 2004 1595 2059 δὲ
1627 2010 1862 2059 πολλῶν.

173 2094 261 2146 καὶ
309 2096 553 2162 γίγνεται
600 2097 838 2149 διπλοῦν
876 2098 937 2150 τὸ
977 2097 1149 2149 κακὸν
1195 2095 1342 2167 αὐτῷ
1382 2115 1438 2148 τε
1485 2102 1559 2167 τῷ
1602 2094 1862 2148 δεδέσθαι

172 2181 260 2234 καὶ
307 2190 381 2254 τῷ
424 2184 613 2246 οὕτως.
690 2181 821 2237 οὐδὲ
868 2186 971 2254 γὰρ
1021 2183 1205 2254 [οὔθ’]
1245 2184 1428 2237 ὕπνου
1476 2188 1663 2252 λαχεῖν
1709 2181 1863 2237 ἔστιν

291 2347 315 2385 9
350 2343 406 2386 cf.
433 2359 476 2399 p.
496 2348 663 2398 302‚14
786 2350 841 2388 20
876 2344 932 2388 cf.
957 2360 1002 2401 p.
1025 2349 1158 2399 186‚9
1180 2359 1246 2399 sq.

290 2495 315 2533 3
348 2491 398 2534 τὸ
431 2491 597 2547 scripsi
629 2505 653 2535 e
681 2492 853 2536 0121]ss
886 2507 991 2535 cum
1025 2492 1205 2535 sinteni
1265 2465 1346 2535 τῗῑη
1371 2493 1416 2535 A
1476 2463 1538 2536 τὲ»
1563 2493 1597 2535 I
1650 2495 1712 2548 τῷ
1738 2491 1867 2535 PaV

172 2549 262 2592 edd
384 2555 406 2592 7
443 2550 488 2593 οἳ
510 2553 556 2595 ,Α
589 2549 698 2593 sed*
731 2564 832 2594 eras
861 2552 867 2609 Ι
896 2551 1011 2595 οἱ-
1032 2557 1057 2594 8
1091 2551 1266 2595 ἅπασιν
1299 2566 1372 2594 om
1405 2552 1478 2595 Pa
1598 2555 1623 2593 8
1657 2549 1700 2594 δ’
1730 2550 1798 2593 Re

175 2612 226 2649 13
252 2610 359 2663 posb
382 2608 603 2666 βέλτιστοι
627 2623 702 2652 ras
728 2615 753 2653 8
778 2611 856 2652 litt
881 2612 926 2654 P
1023 2616 1077 2653 16
1093 2612 1153 2666 (1)
1169 2613 1217 2654 et
1235 2614 1289 2652 17
1306 2612 1365 2667 (1)
1385 2607 1486 2653 οὔτ’
1506 2611 1575 2654 Re
1680 2614 1732 2652 19
1759 2609 1856 2654 ἐπι-

170 2665 312 2710 πλέον
343 2668 441 2711 BV
569 2672 624 2710 20
658 2669 740 2724 μὲν
773 2670 1027 2713 cancellavi
1060 2683 1164 2712 cum
1197 2669 1378 2712 Sinteni
1506 2674 1559 2712 21
1594 2672 1782 2724 κομιὸηι
1812 2667 1855 2710 Α

232 2730 286 2768 22
318 2724 494 2782 γίνεται
521 2728 588 2783 Vl
618 2729 742 2786 αὐτῷ
767 2730 814 2771 et
845 2732 907 2787 τῷ
941 2733 1013 2785 (22
1040 2730 1086 2771 eb
1112 2730 1183 2785 23)
1210 2728 1374 2784 scripsi
1400 2742 1424 2772 e
1451 2729 1563 2772 Vut
1595 2727 1700 2771 coni
1730 2728 1798 2769 Re

172 2785 284 2828 αὐτὸ
318 2787 365 2828 et
394 2786 446 2828 τὸ
479 2786 645 2840 reliqui
679 2774 787 2830 libri
820 2775 911 2830 ed‘d
1041 2792 1094 2830 23
1129 2787 1234 2831 οὔτε
1266 2786 1357 2830 Got
1405 2789 1410 2842 Ι
1461 2784 1574 2830 οὔθ’
1603 2783 1857 2830 cancellavi

231 2849 341 2896 „aut
380 2842 493 2887 οὔθ’
531 2845 767 2888 delendum
806 2853 888 2890 aut
927 2847 1006 2903 leq.
1044 2844 1143 2890 οὔτ’
1181 2847 1488 2896 ἀναπαύσεως
1526 2844 1638 2889 οὔθ’
1673 2844 1857 2888 ύπνου“

171 2900 238 2944 Re
300 2900 404 2945 οὐδ’
434 2902 635 2947 Sintenis
665 2907 669 2958 Ι
697 2920 847 2949 υπνον
875 2907 918 2949 V
