1992 3094
507 114 738 159 LIBAN'II
768 114 992 159 ORATIO
1026 115 1145 160 PRO
1178 116 1512 161 THALASSIO
1754 117 1863 171 315

167 254 344 305 καίτοι
398 251 750 304 συνδειπνῶν
805 255 935 313 ἴσως
988 253 1158 319 τισίν,
1221 251 1287 304 οὐ
1347 253 1450 320 γὰρ
1507 254 1574 322 δὴ
1634 263 1862 322 φοιτῶν,

168 340 301 394 οὐδὲ
355 340 459 410 γὰρ
512 338 830 408 ἐφοίτησεν,
884 341 1147 407 ἤκουσεν,
1203 340 1276 403 ὡς
1317 339 1596 410 Ἀχιλλεὺς
1648 340 1861 405 δέξαιτο

166 429 268 483 τὸν
321 430 581 498 Πρίαμον
636 427 843 497 πατέρα
904 429 1038 480 ὄντα
1091 436 1193 481 τοῦ
1246 429 1346 481 τὸν
1408 430 1675 498 φίλτατον
1728 430 1863 484 ἀπο-

166 519 481 580 κτείναντος
528 516 691 588 αὐτῷ.
765 515 793 569 ὁ
835 513 896 568 δὲ
943 514 1032 568 ἀπ’
1071 517 1241 570 αὐτοῦ
1280 525 1381 570 τοῦ
1421 520 1603 587 γήρως
1639 518 1863 588 ὕβριζεν

166 607 515 676 ἀγανακτῶν,
585 605 668 658 ὅτι
738 606 810 674 μὴ
880 606 1230 674 συκοφάντης
1298 606 1327 659 ὁ
1397 610 1710 676 φιλόσοφος
1775 604 1863 676 ἦν.
1909 629 1930 661 5

171 696 253 748 16.
308 695 522 748 τούτων
569 691 630 747 δὲ
668 693 1093 763 πεπραγμένων,
1141 691 1183 747 ὦ
1226 697 1479 764 βασιλεῦ,
1525 697 1724 759 πάντες
1760 694 1862 765 μὲν

166 785 521 854 συνήχθοντο
561 791 677 846 τοῖς
716 782 1082 853 ἀνῃρημένοις
1120 785 1327 851 νόμοις,
1368 777 1452 847 οἷς
1492 783 1540 837 δ’
1573 783 1634 838 ἐν
1675 787 1862 853 λόγοις

165 873 196 927 ὁ
231 871 238 945 Ι
271 875 418 941 βίος,
456 870 586 925 καθ’
618 871 717 934 οὓς
756 873 826 924 ἄν
863 891 946 934 τις
984 880 1079 941 τῆς
1116 874 1276 935 θείας
1313 873 1512 937 ἅψαιτο
1553 879 1710 942 φιλο-
1742 886 1845 930 RII
1863 890 1949 929 397

165 963 392 1032 σοφίας,
444 961 686 1031 δρασμὸς
735 960 874 1030 ὑπὲρ
926 963 1057 1023 τοὺς
1108 960 1276 1029 ὅρους
1321 963 1452 1024 τοὺς
1498 963 1860 1031 Αἰγυπτίους,

164 1052 240 1114 ὡς
286 1051 388 1103 οὐκ
438 1051 507 1104 ὂν
555 1051 656 1119 τὴν
710 1049 886 1119 ὀργὴν
934 1050 1036 1118 τὴν
1089 1051 1255 1102 τοῦδε
1306 1051 1626 1120 διαφυγεῖν,
1681 1052 1733 1104 εἴ
1779 1071 1860 1114 τις
1885 1075 1928 1107 ιο

165 1138 321 1203 ἐντὸς
367 1137 596 1193 ἐκείνων
646 1137 820 1208 ἁλοίη.
904 1139 995 1191 καὶ
1051 1140 1104 1191 οἱ
1157 1141 1251 1201 τὰς
1298 1140 1620 1208 δαιμονίους
1665 1159 1723 1192 τε
1768 1138 1858 1192 καὶ

165 1231 472 1298 μακαρίους
501 1228 771 1291 ποιούσας
801 1231 1073 1297 μαθήσεις
1102 1227 1517 1297 παραδιδόντες,
1550 1222 1592 1300 ᾧ
1625 1228 1860 1297 μάλιστα

163 1322 294 1388 νικᾷ
330 1318 425 1380 τὰς
462 1318 630 1380 ἄλλας
659 1316 692 1386 ἡ
717 1315 1085 1386 Ἀλεξάνδρου
1125 1318 1302 1383 πόλις,
1343 1315 1553 1389 ᾤχοντο
1586 1321 1860 1385 συγκαλυ-

164 1408 426 1475 πτόμενοι
472 1414 644 1459 ταῦτα
689 1413 789 1458 τοῦ
829 1406 1269 1475 παραδείγματος
1306 1407 1629 1473 πείθοντος,
1675 1406 1764 1459 καὶ
1805 1407 1859 1459 οἱ

163 1494 282 1548 νέοι
320 1497 452 1558 τοὺς
490 1495 762 1564 ἡγεμόνας
800 1493 1064 1548 ἐπόθουν.
1652 1529 1655 1532 »
1886 1517 1926 1550 ιε

280 1583 362 1635 17.
427 1586 626 1637 Καίτοι
672 1582 764 1636 καὶ
812 1584 860 1636 εἰ
909 1592 1024 1646 τοῖς
1071 1584 1258 1645 ἄλλοις
1305 1582 1480 1651 αὐτὴν
1525 1585 1720 1652 βελτίω
1766 1602 1859 1636 πε-

164 1673 406 1741 ποιηκὼς
444 1670 506 1726 ἐν
544 1673 720 1745 τούτῳ
760 1674 936 1741 μόνον
974 1673 1299 1738 λελύμαντο,
1343 1672 1506 1739 δίκην
1545 1674 1638 1725 σοί
1672 1691 1731 1724 τε
1767 1673 1858 1725 καὶ

165 1759 347 1832 ἐκείνῃ
385 1763 649 1831 μεγίστην
688 1762 926 1831 ὤφειλεν
964 1762 1058 1829 ἄν,
1101 1768 1209 1813 νῦν
1249 1761 1309 1813 δὲ
1356 1761 1449 1813 διὰ
1487 1762 1712 1813 πάντων
1750 1759 1859 1824 ε’ξέ-

111 1861 113 1863 ’
166 1869 309 1903 τεινε
362 1851 468 1919 τὴν
516 1852 744 1919 βλάβην.
832 1856 1133 1919 τοιγαροῦν
1194 1847 1469 1913 ἐξεδέξατο
1531 1850 1632 1917 τὴν
1686 1849 1859 1918 ἀρχὴν

165 1939 388 2009 φρουρά
431 1959 490 1992 τε
532 1941 621 1993 καὶ
668 1940 729 1992 τὸ
769 1938 930 2008 μηδέ,
979 1938 1051 2000 ὡς
1098 1937 1380 2005 ἐβούλετο,
1426 1943 1710 1990 ποιεῖσθαι
1757 1939 1926 2007 τὴνεο

164 2026 317 2096 ὁδόν,
357 2027 474 2081 ἀλλ’
506 2027 567 2082 ἐν
605 2036 721 2091 τοῖς
751 2029 812 2080 τὸ
847 2037 1001 2093 σῶμα
1031 2027 1402 2096 παρειληφόσι
1433 2033 1597 2079 τοῦτο
1636 2031 1857 2080 κεῖσθαι

165 2114 256 2169 καὶ
287 2117 424 2186 πρὸς
454 2118 556 2186 τὴν
587 2115 816 2170 ἐκείνων
847 2116 1118 2185 βούλησιν
1148 2115 1237 2167 καὶ
1278 2115 1521 2182 βαδίζειν
1551 2115 1640 2167 καὶ
1672 2114 1860 2181 μένειν

165 2203 257 2257 καὶ
297 2203 513 2259 ἐσθίειν
550 2206 640 2258 καὶ
679 2207 751 2274 μὴ
791 2203 882 2257 καὶ
921 2203 1223 2256 καθεύδειν
1261 2203 1350 2255 καὶ
1393 2205 1480 2271 μή.
1557 2201 1713 2255 ταυτὶ
1754 2204 1857 2272 γὰρ

166 2291 355 2363 ἑώρων
399 2292 491 2347 καὶ
538 2294 704 2358 αὐτὸς
749 2291 840 2346 καὶ
896 2293 924 2345 ὅ
970 2312 1022 2345 τι
1078 2285 1227 2360 εἶχον
1274 2289 1557 2359 ἐβοήθουν
1610 2292 1702 2344 διὰ
1748 2301 1860 2344 τῶν

286 2473 312 2512 3
343 2468 395 2512 11.
428 2487 464 2513 ω
497 2474 583 2513 513
601 2483 668 2524 sq.
898 2471 952 2510 13
985 2468 1134 2510 Amm.
1169 2465 1295 2508 XXII
1329 2470 1398 2521 16,
1426 2470 1478 2509 17
1497 2480 1563 2521 sq.
1598 2480 1703 2509 cum
1735 2466 1858 2510 notis

166 2525 344 2571 Valesii
467 2533 520 2572 17
553 2528 685 2571 Dem.
710 2543 755 2584 p.
777 2531 876 2581 120,
897 2531 963 2570 19.
998 2529 1098 2578 570,
1118 2529 1172 2568 ΞΟ

286 2695 312 2734 2
337 2690 521 2744 δέξαιτο
548 2691 585 2736 Ο
606 2691 689 2734 sed
711 2705 763 2733 το
789 2689 883 2732 add
907 2687 976 2731 m²
1079 2692 1106 2731 4
1130 2684 1441 2738 ἀπεκτονότος
1464 2687 1531 2731 Re
1638 2691 1664 2730 9
1689 2687 1806 2741 ὑπὲρ
1831 2689 1865 2732 Ι

166 2749 250 2793 sed
271 2750 300 2793 ὑ
325 2750 375 2793 in
399 2763 474 2794 ras
497 2749 568 2793 111²
683 2753 736 2792 13
762 2747 903 2797 ἄλλας
925 2745 1081 2796 πόλεις
1104 2745 1131 2801 ἡ
1158 2747 1190 2789 Ι
1297 2750 1351 2788 17
1377 2744 1446 2790 ἑνὶ
1471 2745 1617 2790 Cobet
1633 2745 1857 2799 Coll.134,

167 2808 218 2851 at
242 2807 292 2851 ἐν
314 2809 567 2866 respondet
589 2808 696 2852 usui
720 2806 979 2850 Libaniano
1001 2806 1005 2863 Ι
1026 2804 1152 2863 μόνῳ
1170 2806 1213 2849 Α
1231 2804 1299 2848 Re
1391 2809 1446 2847 20
1472 2805 1533 2861 μὴ
1558 2805 1609 2850 δὲ
1625 2806 1811 2850 ΑΙΒΜ
1823 2807 1866 2850 V

226 2871 280 2910 21
314 2875 412 2918 τοῖς
434 2882 511 2911 om
536 2869 605 2912 Va
632 2870 638 2924 Ι
664 2867 716 2910 τὸ
743 2879 816 2909 om
842 2866 876 2908 I
1002 2869 1058 2907 23
1091 2863 1170 2906 καὶ
1193 2863 1448 2908 καθεύδειν
1473 2864 1552 2907 καὶ
1577 2863 1639 2919 μή
1662 2877 1738 2907 om
1765 2865 1803 2909 C

169 2929 225 2968 24
258 2923 329 2970 ὅτι
358 2927 501 2971 ΙΒΜ
