1992 3094
404 98 633 143 LIBAN'II
665 99 889 144 ORATIO
923 99 1166 146 CONTRA
1196 101 1591 147 FLORENTIUM
1734 104 1841 157 393

263 234 355 287 29-
403 232 544 287 Ἀλλ’
582 235 638 287 αἱ
676 234 933 303 μάστιγές
965 250 1054 289 σοι
1084 224 1405 306 προοίμιον,
1462 249 1843 307 κατηγορῶν

152 323 296 392 γάρ,
343 323 541 392 φησίν,
598 327 605 388 Ι
662 323 1048 391 ἀπελογεῖτο
1102 324 1208 378 καὶ
1261 327 1330 379 τὸ
1383 328 1494 390 τὰς
1539 330 1696 396 βοὰς
1726 339 1931 384 311483

150 411 506 480 πεποιηκὸς
558 411 1040 481 ἀπαιτούμενος
1093 407 1232 467 εἶπε
1285 423 1412 467 τῶν
1465 416 1844 484 βοησάντων

151 500 267 553 τὸν
319 501 587 570 τρόπον·
650 496 822 553 εἶναι
876 502 996 571 γὰρ
1051 500 1120 555 ἐν
1175 502 1399 566 αὐτοῖς
1452 505 1844 567 στασιαστὰς

153 591 222 641 οἳ
270 587 384 641 καὶ
441 590 605 652 τοὺς
660 598 1063 658 σωφρονεῖν
1123 589 1639 661 ἐπισταμένους
1699 591 1843 646 ἐπι-
1892 614 1910 647 5

152 686 479 730 σπῶνται.
579 677 669 730 καὶ
723 680 782 730 τί
831 679 1021 732 δεινὸν
1074 680 1251 733 εἰπεῖν
1304 681 1430 750 περὶ
1482 690 1594 734 τῶν
1646 682 1846 744 ταύτας

151 764 557 834 ἐπεισαγόντων
610 767 706 829 τὰς
759 767 1019 837 ταραχάς;
1073 770 1143 820 σὺ
1197 765 1299 836 μὲν
1351 770 1585 837 ἠρώτας·
1638 772 1845 822 πόθεν

150 854 184 922 ἡ
225 854 476 919 στάσις;
523 855 576 908 οἱ
625 853 673 907 δ’
722 854 842 908 ἀπὸ
883 865 1012 908 τῶν
1052 857 1276 910 στάσει
1316 859 1680 927 χαιρόντων
1719 858 1845 910 ἀπε-

151 945 428 1013 κρίναντο.
504 944 595 996 καὶ
642 945 746 1013 γὰρ
795 949 852 997 εἴ
890 964 1040 1012 τινα,
1093 946 1261 1008 ὅπως
1308 946 1469 999 ἑάλω
1516 947 1585 999 τὸ
1618 945 1845 1014 Ἴλιον,

152 1033 382 1101 ἠρώτας,
420 1034 619 1101 ἤκουες
657 1031 728 1085 ἂν
765 1033 861 1095 τὰς
902 1043 1014 1086 τῶν
1053 1033 1597 1103 ἐπιστρατευσάντων
1634 1034 1845 1103 ἀρετάς,
1871 1057 1912 1090 ιο

153 1119 241 1173 καὶ
280 1130 410 1184 πῶς
449 1121 890 1190 εὐδοκίμησεν
929 1122 961 1190 ἡ
1003 1123 1298 1192 Σπάρτη,
1344 1126 1474 1186 τοὺς
1512 1125 1718 1192 νόμους
1755 1122 1845 1176 καὶ

152 1210 251 1263 τὸν
288 1213 623 1279 Λυκοῦργον
662 1211 859 1279 ἤκουες
899 1212 997 1279 ἄν,
1035 1209 1125 1263 καὶ
1163 1216 1225 1263 τὸ
1268 1210 1478 1279 Ξέρξην
1516 1211 1758 1280 ἀγαπᾶν,
1798 1215 1848 1265 εἰ

153 1302 387 1367 σωθείη,
433 1301 566 1362 τοὺς
606 1297 934 1367 Ἀθηναίους
973 1298 1043 1352 ἂν
1080 1298 1171 1352 καὶ
1217 1300 1278 1352 τὸ
1318 1301 1530 1353 τούτων
1569 1303 1844 1353 ναυτικόν.

151 1387 274 1458 περὶ
307 1386 530 1455 Λέσβου
571 1388 633 1441 δὲ
670 1393 726 1441 εἴ
758 1407 842 1450 τις
877 1390 1064 1457 ἔλεγεν
1098 1388 1105 1456 Ι
1140 1388 1174 1441 ἃ
1211 1389 1303 1441 καὶ
1341 1390 1373 1457 ἡ
1413 1393 1694 1458 παροιμία,
1725 1402 1767 1445 R
1789 1402 1932 1446 11484

151 1476 456 1530 τύπτεσθαι
509 1479 636 1547 χρή;
698 1475 824 1547 περὶ
881 1479 1106 1546 Σίφνου
1162 1476 1248 1545 δέ,
1311 1477 1533 1546 ῥάβδων
1586 1477 1656 1531 ἂν
1710 1479 1844 1541 ἔδει;
1870 1498 1911 1531 15

151 1565 243 1618 καὶ
289 1572 396 1618 νῦν
441 1567 574 1628 τοὺς
620 1564 952 1634 κινηθέντας
999 1566 1101 1618 οὐκ
1141 1566 1415 1632 εὔκοσμον
1451 1566 1542 1618 καὶ
1589 1567 1845 1635 διαφθεί-

154 1673 355 1759 ραντας
399 1661 499 1707 τοῦ
546 1655 790 1724 θεάτρου
841 1656 943 1722 τὴν
989 1655 1152 1723 χάριν
1198 1655 1300 1707 οὐκ
1345 1650 1417 1722 ἦν
1470 1654 1719 1722 εὐλογεῖν
1773 1656 1846 1717 ὡς

154 1741 216 1795 ἐν
252 1744 436 1815 κόσμῳ
477 1742 861 1810 τεθεαμένους.
939 1743 1042 1795 οὐκ
1085 1739 1154 1810 ἦν
1193 1740 1297 1796 οὖν
1337 1738 1500 1805 οὗτος
1538 1742 1567 1796 ὁ
1606 1745 1678 1812 μὴ
1717 1743 1845 1812 πρέ-

153 1848 261 1884 πον
306 1833 483 1900 ὅνομα
529 1832 843 1901 τιθέμενος,
891 1829 1009 1884 ἀλλ’
1050 1829 1140 1883 ἀπ’
1179 1831 1363 1883 αὐτῶν
1407 1830 1551 1883 τοῦτ’
1600 1830 1844 1900 ἐγίγνετο

154 1927 265 1972 τῶν
302 1921 652 1989 πραγμάτων.
1869 1941 1911 1973 80

276 2129 331 2168 14
354 2125 547 2169 Aristid.
574 2140 637 2170 or.
664 2130 721 2168 44
752 2127 785 2168 t.
809 2125 852 2168 II
875 2140 919 2181 p.
940 2129 1048 2179 70,2
1068 2139 1134 2180 sq.
1152 2123 1206 2167 K.
1240 2122 1675 2182 Proverb.Asofit'wv
1706 2122 1844 2177 ἀξίαν

157 2183 281 2239 apud
314 2183 481 2228 Zenob.
502 2184 568 2228 IV
592 2189 661 2228 88.
720 2184 846 2227 Suid.
874 2199 907 2227 s.
933 2199 972 2227 v.
1131 2188 1183 2226 15
1216 2182 1414 2239 Hesyeh.
1443 2197 1476 2228 e.
1503 2198 1541 2227 v.
1569 2183 1845 2239 σιφνιάζειν,

156 2239 368 2298 Σίφνιοι,
399 2241 603 2300 Σίφνιος
634 2244 854 2302 ἀρραβών

277 2438 300 2477 1
324 2433 574 2491 προοίμιον
597 2435 785 2492 reposui
809 2448 834 2479 e
858 2434 991 2478 libris
1051 2431 1309 2506 προνόμιον
1333 2433 1423 2477 edd
1541 2437 1567 2477 3
1591 2434 1845 2490 πεποιηκὸς

167 2493 235 2537 Va
265 2493 347 2537 sed
379 2510 404 2538 ο
436 2496 496 2551 (2)
530 2508 586 2539 ex
617 2512 652 2538 ω
686 2507 788 2538 corr
923 2498 948 2536 6
980 2489 1112 2536 ταῦτ’
1140 2492 1242 2536 Mor
1387 2497 1409 2535 7
1442 2490 1723 2549 ἐπειγόντων
1754 2493 1799 2535 Β
1835 2494 1839 2550 fl

156 2550 240 2602 τὰς
277 2566 353 2596 om
391 2555 424 2597 1
469 2556 475 2609 Ι
523 2562 621 2611 ψυχ
624 2552 681 2603 άς
711 2553 814 2596 Mor
851 2553 932 2596 sed
971 2568 1026 2609 γρ
1065 2550 1271 2609 ταραχάς
1309 2551 1358 2595 in
1396 2565 1530 2609 marg
1664 2555 1690 2594 8
1723 2550 1770 2594 οἳ

216 2608 271 2655 οι
295 2612 375 2656 ΟΡ
403 2612 486 2656 sed
515 2612 565 2655 in
597 2612 685 2656 hoc
718 2611 730 2626 '
761 2612 811 2655 in
842 2624 918 2654 ras
950 2610 1032 2665 m²‚
1062 2611 1193 2654 IBV
1228 2613 1234 2666 Ι
1277 2610 1327 2655 δὲ
1360 2610 1450 2654 edd
1586 2615 1638 2652 12
1670 2609 1751 2654 τὸν
1776 2610 1844 2653 Ia

158 2667 260 2713 Mor
290 2671 372 2726 qui
402 2678 484 2716 τοῦ
517 2671 623 2715 coni
658 2673 665 2727 Ι
700 2669 951 2726 Ξέρξην-
973 2675 1025 2712 13
1051 2669 1101 2713 τὸ
1135 2683 1209 2712 om
1240 2670 1274 2712 Ι
1331 2669 1438 2722 „nal
1470 2671 1548 2724 (sc.
1575 2668 1616 2712 εἰ
1647 2668 1844 2725 ἠρώτας)

157 2727 210 2772 τὸ
240 2730 496 2786 πεποιηκὸς
524 2727 570 2774 τί
599 2725 659 2786 ἦν
691 2728 897 2785 Ξέρξην“
931 2729 1036 2771 coni
1067 2728 1134 2771 Re
1233 2742 1345 2771 num
1377 2728 1458 2771 καὶ
1490 2724 1569 2786 (τί
1598 2727 1651 2771 τὸ
1682 2742 1843 2771 πεποι-

159 2786 307 2854 ηκὸς)
338 2788 420 2832 rb?
622 2793 676 2831 16
708 2789 794 2832 οὐκ
826 2787 1050 2844 εὔκοσμον
1084 2786 1249 2842 scripsi
1280 2801 1304 2830 e
1338 2787 1437 2831 BV
1522 2787 1607 2830 οὑκ
1639 2785 1844 2841 ἄκοσμον

158 2844 327 2902 reliqui
364 2846 474 2891 libri
512 2847 604 2891 edd
714 2845 927 2919 ἀκόσμως
965 2846 1070 2890 coni
1107 2845 1228 2898 Mor,
1270 2846 1324 2889 οὐ
1363 2845 1482 2889 κατὰ
1521 2843 1693 2901 κόσμον
1732 2844 1799 2888 Re
1835 2845 1839 2902 Ι

159 2903 529 2960 διαφθείροντας
558 2906 626 2950 Re
751 2910 804 2948 19
839 2902 1012 2961 ἐγίνετο
1044 2905 1135 2948 edd
