1992 3094
558 144 783 188 LIBANII
818 144 1041 189 ORATIO
1075 145 1154 189 DE
1187 145 1395 191 PACTIS
1711 147 1816 199 347

123 282 308 348 νείτω,
364 277 472 333 εἴθ’
513 274 593 333 ὧν
640 282 852 333 ἔπαθεν
903 279 1215 349 ἀμύνεσθαι
1262 283 1544 350 βούλεται,
1597 293 1819 351 πρῶτον

121 366 224 438 μὲν
277 367 310 421 ἃ
364 366 454 422 καὶ
510 369 677 431 αὐτὸς
730 367 962 437 δέδρακε
1024 369 1354 439 λογιζέσθω,
1416 369 1577 424 ἔπειτ’
1626 373 1672 424 εἰ
1726 371 1815 425 καὶ

121 459 388 526 προσδεῖν
448 454 530 510 ἔτι
590 459 743 520 τινὸς
808 458 886 520 εἰς
946 460 1046 527 τὴν
1104 460 1267 527 δίκην
1329 465 1524 528 οἰέται,
1586 462 1818 529 νομίσας

112 546 437 615 Ἑλληνικὸν
483 540 626 599 εἶναι
679 546 741 598 τὸ
788 548 855 599 τὰ
900 554 1128 599 τοιαῦτα
1182 546 1406 616 ἀφιέναι
1461 548 1671 617 φερέτω
1727 551 1815 603 καὶ

116 637 192 704 μὴ
245 644 359 688 τῶν
411 634 843 705 παροξυνόντων
896 636 995 688 τὸν
1050 636 1444 690 διαλλάττοντα
1504 635 1642 706 μηδὲ
1704 648 1815 691 τῶν
1863 662 1883 694 5

117 723 526 794 προσαγωγέων
571 724 669 776 τὸν
714 725 987 793 σοφιστὴν
1032 725 1170 794 μηδὲ
1225 732 1336 778 τῶν
1390 725 1673 795 νεωτέρων
1720 728 1817 779 τὸν

115 815 495 884 πρεσβύτερον
532 813 828 884 (χείρονα)
866 813 1141 882 νομιζέτω.

234 902 317 956 19.
389 904 579 955 Πολὺν
627 903 732 971 ἤδη
781 904 985 972 χρόνον
1037 906 1375 972 πεπείρασθε
1427 903 1671 974 πολέμου
1726 905 1815 958 καὶ

117 992 375 1055 στάσεως.
454 992 646 1060 λάβετε
694 992 762 1060 δὴ
802 1000 999 1060 πεῖραν
1038 990 1127 1044 καὶ
1175 991 1434 1060 ὁμονοίας
1476 991 1562 1045 καὶ
1613 996 1814 1061 φιλίας.

13 1060 30 1145 3⁴3
120 1087 251 1144 ἴσως
305 1081 409 1151 γὰρ
471 1079 542 1134 ἂν
594 1081 910 1144 παύσαισθε
973 1089 1084 1133 τῶν
1144 1088 1252 1133 νῦν
1304 1081 1606 1150 <θρήνων>
1658 1101 1815 1150 μετα·
1840 1105 1883 1138 ιο

13 1164 30 1236 ,ε’
115 1172 404 1224 πεσόντων
441 1169 577 1239 ὑμῖν
615 1179 726 1222 τῶν
764 1169 1115 1239 πραγμάτων.
1190 1171 1240 1222 οἱ
1282 1169 1347 1223 δέ
1382 1171 1510 1223 εἰσι·
1549 1179 1815 1239 γεωργεῖν

0 1268 27 1316 ,ἃ
115 1279 183 1326 με
229 1267 391 1330 χρῆν,
438 1256 560 1313 εἶπέ
602 1279 709 1327 τις,
757 1258 940 1328 ἕτερος
987 1258 1053 1311 δέ
1096 1278 1155 1327 γε
1202 1261 1384 1326 πλεῖν,
1431 1260 1595 1322 ἄλλος
1641 1260 1815 1328 ἄλλην

118 1347 446 1418 ἐργάζεσθαι
500 1347 723 1418 τέχνην,
787 1348 951 1410 ἄλλος
1005 1348 1272 1416 ἄρχουσιν
1324 1347 1631 1416 ὑπηρετεῖν.
1723 1347 1813 1400 καὶ

116 1438 393 1509 τραγῳδεῖ
432 1437 499 1506 δὴ
540 1438 643 1506 τὴν
680 1444 971 1506 παροῦσαν
1008 1439 1206 1489 πενιάν
1245 1435 1471 1498 ἕκαστος
1509 1438 1598 1489 καὶ
1646 1436 1720 1498 ὡς
1758 1435 1812 1500 ἐξ

116 1524 347 1580 ἐκείνων
378 1526 608 1580 ἑκάστου
641 1527 839 1594 μείζων
870 1524 940 1578 ἂν
963 1522 1033 1593 ἦν
1055 1525 1344 1594 πρόσοδος.
1405 1523 1558 1578 ταῦτ’
1590 1525 1813 1579 ἐπειδὰν
1838 1547 1880 1580 15

117 1616 198 1678 εἰς
235 1615 298 1667 τὸ
338 1617 740 1684 βουλευτήριον
780 1617 979 1682 ἔλθητε
1018 1612 1143 1682 παρ’
1175 1610 1266 1680 ἐμὲ
1305 1615 1436 1680 μετὰ
1476 1614 1570 1677 τὰς
1609 1628 1812 1666 συνου-

116 1706 257 1771 σίας,
296 1709 571 1774 θρηνεῖτε.
640 1703 731 1756 καὶ
770 1705 1049 1773 παρόντας
1079 1699 1180 1769 μὲν
1220 1702 1489 1770 ἀλλήλους
1527 1712 1706 1765 κακῶς
1745 1704 1811 1756 οὐ

22 1775 32 1818 ³
117 1791 318 1861 λέγετε,
350 1793 705 1862 ἠριστηκότες
739 1792 745 1859 Ι
781 1788 842 1845 δὲ
877 1792 982 1860 ἤδη
1015 1791 1076 1844 τὸ
1109 1791 1307 1844 λοιπὸν
1338 1798 1432 1859 τῆς
1463 1789 1664 1858 ἡμέρας
1695 1804 1736 1847 R
1756 1804 1897 1849 11431

114 1882 241 1951 περὶ
273 1889 436 1935 τοῦτο
470 1881 804 1947 ἀναλίσκετε,
838 1881 895 1933 οἱ
921 1876 1023 1946 μὲν
1055 1878 1116 1932 ἐν
1147 1878 1334 1948 μέσοις
1362 1887 1477 1941 τοῖς
1508 1880 1811 1947 συνδίκοις,

25 1954 45 1975 ³¹
118 1971 172 2023 οἱ
221 1967 282 2023 δὲ
322 1969 384 2023 ἐν
421 1970 610 2037 μέσοις
648 1978 764 2032 τοῖς
803 1969 1160 2038 στρατιώταις
1206 1970 1535 2036 καθήμενοι,
1583 1970 1712 2031 τοὺς
1753 1970 1786 2022 δ
1799 1967 1878 2023 '20

117 2059 262 2122 ἴδοις
315 2057 386 2112 ἂν
440 2060 518 2122 εἰς
579 2060 761 2112 οἰκίαν
824 2059 1008 2120 ἰόντας
1063 2055 1150 2110 ε’πὶ
1212 2065 1328 2119 τοῖς
1383 2060 1524 2119 ἴσοις
1577 2057 1638 2108 τὸ
1701 2065 1812 2110 τῶν

76 2300 80 2304 ,
239 2255 260 2294 1
295 2250 438 2295 Thuc.
463 2249 484 2293 I
509 2255 580 2306 96,
600 2256 622 2294 1
748 2254 772 2292 6
806 2249 998 2293 Aristid.
1024 2250 1055 2291 t.
1082 2248 1123 2291 Π
1158 2252 1291 2301 183‚5
1312 2261 1378 2302 sq.
1397 2247 1438 2290 K
1562 2252 1614 2291 15
1649 2246 1704 2291 cf.
1731 2249 1763 2291 t.
1790 2247 1810 2290 I

116 2313 285 2365 318,ss
303 2325 393 2366 sq.;
424 2310 458 2354 t,
483 2309 526 2353 Π
549 2313 717 2364 471,13
736 2308 777 2351 R

238 2493 261 2531 1
297 2487 493 2545 ἔπασχεν
519 2489 564 2531 Β
627 2486 813 2531 ἔπαθον
837 2487 938 2530 Par
969 2485 1050 2528 sed
1084 2501 1103 2528 ε
1137 2496 1277 2539 supra
1310 2499 1334 2526 ο
1367 2496 1441 2526 scr
1470 2482 1539 2525 m'
1660 2488 1686 2526 5
1718 2491 1809 2527 τῶν

116 2560 143 2590 e
174 2547 254 2591 τὸν
287 2560 389 2590 corr
419 2545 487 2590 A²
619 2550 644 2588 5
678 2546 726 2588 et
758 2549 783 2587 6
816 2543 876 2601 μὴ
909 2544 959 2589 δὲ
993 2544 1214 2588 APIBV
1345 2546 1367 2585 7
1400 2539 1588 2599 χείρονα
1620 2541 1807 2596 inserui,

116 2603 235 2662 ἥττω
268 2605 373 2649 coni
405 2605 473 2648 Re
597 2609 650 2648 10
682 2603 949 2647 παύσαισθε
985 2604 1052 2647 Va
1075 2602 1157 2646 sed
1187 2618 1202 2644 ι
1227 2601 1352 2644 inser
1374 2599 1457 2655 ιη’,
1490 2614 1514 2644 e
1546 2601 1808 2645 παύσοισθε

118 2678 220 2709 con·
250 2666 296 2709 P
364 2664 629 2708 παύσοισθε
662 2664 783 2707 ΑΙΒ
851 2662 1098 2717 παύσησθε
1134 2661 1169 2706 Ο
1216 2662 1222 2718 Ι
1271 2659 1465 2715 θρήνων
1496 2660 1670 2704 inserui
1703 2659 1805 2703 coll.

114 2726 337 2779 θρηνεῖτε
366 2723 396 2766 l.
425 2728 478 2766 17
603 2727 655 2765 11
689 2722 797 2778 ὑμῖν
830 2720 995 2777 scripsi
1027 2734 1051 2763 e
1087 2720 1129 2761 V
1191 2718 1299 2775 ἡμῖν
1331 2718 1500 2775 reliqui
1532 2718 1639 2761 libri
1672 2718 1763 2762 edd
1798 2719 1803 2777 Ι

58 2829 59 2833 ,
119 2781 183 2841 οἱ]
222 2782 279 2826 τὰ
311 2784 356 2827 Β
448 2782 510 2832 ὡς
539 2781 642 2824 Μοι·
732 2781 794 2830 ὡς
833 2780 882 2825 δὲ
916 2786 1003 2822 νῦν
1036 2779 1122 2823 εἰσι
1155 2778 1258 2822 coni
1297 2778 1365 2820 Re
1398 2778 1557 2832 Anim,
1598 2780 1648 2821 at
1687 2791 1808 2830 „non

116 2842 232 2886 satis
253 2842 442 2897 placet“
474 2841 524 2883 in
556 2839 761 2884 editione
912 2843 965 2881 12
997 2838 1081 2894 μὲν
1121 2838 1292 2881 VaPar
1323 2836 1425 2880 Mor
1480 2839 1485 2889 Ι
1543 2832 1672 2880 εἶπεν
1703 2838 1748 2880 Α

120 2905 175 2944 15
209 2897 355 2945 ἔπειθ’
385 2897 446 2944 ἂν
473 2900 519 2944 Α
642 2903 695 2942 17
729 2896 958 2952 παρόντες
991 2898 1035 2941 V
1149 2900 1204 2938 20
1238 2895 1344 2946 τούς
1370 2896 1498 2939 CAP
1527 2895 1608 2939 sed
1640 2895 1689 2938 in
1720 2895 1808 2939 hoc

119 2957 133 2973 ‘
162 2958 212 3002 in
243 2972 319 3002 ras
350 2958 420 3002 m⁴
