1992 3094
191 97 297 148 392
701 92 930 136 LIBANII
961 91 1184 136 ORATIO
1217 92 1362 136 XLVI

193 235 335 294 λους.
413 230 510 292 οὓς
550 230 661 281 ἔδει
700 227 1003 281 καλέσαντα
1041 228 1350 294 μανθάνειν
1390 226 1749 296 ὀδυρομένων
1786 228 1880 290 τὰς
1963 222 1967 228 ’

192 320 442 387 εἰσβολὰς
474 318 576 370 οὐκ
608 316 696 370 ἐπὶ
727 318 822 379 τὰς
846 311 1144 385 ἀμπέλους,
1176 317 1236 369 τὸ
1271 325 1382 368 τῶν
1406 317 1877 385 Λακεδαιμονίων,

192 406 309 461 ἀλλ’
348 405 431 460 ἐπ’
468 406 639 458 αὐτὸν
685 406 783 458 τὸν
831 402 987 458 οἶνον
1032 405 1122 457 καὶ
1178 406 1308 467 τοὺς
1354 406 1575 467 πίθους.
1651 411 1758 457 νῦν
1805 402 1881 472 δ’,
1962 402 1969 448 f

193 497 221 549 ὃ
276 493 378 564 μὲν
438 492 507 562 ἦν
570 496 810 562 δίκαιον,
871 494 932 546 τὸ
994 501 1201 546 παῦσαι
1255 494 1350 556 τὰς
1402 494 1636 561 βλάβας,
1698 495 1882 545 ἔπειτα

149 606 167 638 5
194 584 458 637 εὐθύνειν
488 585 619 645 τοὺς
649 584 944 650 καπήλους,
984 587 1184 650 εἴασεν,
1225 581 1384 651 ἀφεὶς
1419 582 1480 635 δὲ
1518 582 1579 634 τὸ
1613 583 1882 651 πρότερον

193 669 324 740 ἧκεν
378 670 466 724 ἐπὶ
519 672 580 724 τὸ
637 672 911 740 δεύτερον,
1010 671 1095 722 27.
1157 679 1380 739 πρᾶγμα
1435 668 1632 740 ῥᾴδιον
1688 671 1880 723 εἰπεῖν·

194 762 390 814 τύπτε
443 761 547 812 καὶ
604 762 870 812 ποιείτω
924 760 1167 812 ταύτὸν
1220 758 1441 828 ἕτερος
1501 758 1606 812 καὶ
1667 761 1884 828 τρίτος
1959 774 1963 776 ’

196 848 298 902 καὶ
344 847 649 919 τέταρτος
695 847 800 901 καὶ
847 847 1156 916 πέμπτος,
1203 846 1294 900 καὶ
1340 855 1566 916 ποιῆσαι
1613 848 1673 900 τὸ
1717 847 1884 900 κακὸν
1919 896 1960 908 ,,

196 939 506 1007 βραχιόνων
544 938 946 990 πεντεκαίδεκα.
1023 944 1163 1006 χρῆν
1204 933 1265 989 δὲ
1311 935 1559 989 ἐκθεῖναι
1599 936 1886 1006 γράμματα
1959 953 1964 959 ·

131 1050 171 1081 10
195 1025 285 1079 καὶ
325 1035 611 1096 προειπεῖν
641 1034 813 1079 ταῦτα
848 1027 919 1094 μὴ
953 1034 1137 1078 ποιεῖν
1169 1026 1372 1088 αὐτοὺς
1405 1024 1438 1077 ἃ
1468 1033 1577 1078 νῦν
1607 1032 1885 1092 ποιοῦσιν,

196 1113 371 1168 ἔπειθ’
409 1114 632 1184 ἡμέραις
678 1113 825 1167 τισὶν
863 1114 1100 1183 ὕστερον
1141 1114 1310 1167 πάλιν
1356 1112 1581 1166 καλέσαι
1626 1116 1757 1176 τοὺς
1795 1132 1886 1166 πε-

194 1203 586 1273 πορθημένους
616 1202 707 1255 καὶ
739 1209 960 1271 μαθεῖν,
999 1204 1146 1266 ὅστις
1177 1204 1366 1265 αὐτοῖς
1397 1202 1425 1255 ὁ
1458 1203 1590 1271 μετὰ
1621 1203 1686 1255 τὰ
1718 1203 1886 1272 γράμ-

196 1312 336 1361 ματα
375 1294 571 1361 χρόνος
609 1291 698 1345 καὶ
739 1298 795 1345 εἴ
826 1313 879 1345 τι
921 1301 1033 1345 τῶν
1071 1290 1436 1359 τολμωμένων
1475 1290 1888 1361 ἐπηνώρθωται,

132 1406 174 1435 14
198 1382 286 1433 καὶ
324 1380 498 1444 οὕτως
530 1381 779 1434 ἀπαιτεῖν
811 1380 1052 1452 ἀκριβεῖς
1082 1383 1219 1443 τοὺς.
1242 1382 1481 1442 κανόνας
1519 1378 1608 1432 καὶ
1647 1382 1889 1448 νομίζειν

109 1482 214 1526 RII
231 1487 315 1525 482
349 1471 650 1538 πονηρούς,
703 1472 750 1522 εἰ
796 1469 983 1538 μηκέτι
1028 1470 1331 1539 πάσχοντες
1380 1470 1386 1537 Ι
1434 1478 1611 1531 κακῶς
1658 1476 1888 1521 ποιοῖεν.

199 1559 283 1610 28.
340 1562 408 1611 σὺ
457 1556 516 1611 δὲ
565 1557 725 1627 ἀφεὶς
772 1558 982 1612 ἀδικεῖν
1021 1558 1282 1627 ἀσφαλῶς
1319 1566 1436 1620 τοῖς
1473 1564 1889 1627 καταφρονοῦσι

199 1656 309 1699 τῶν
355 1650 543 1713 νόμων
589 1650 720 1710 τοὺς
765 1648 831 1700 τὰ
874 1649 1059 1699 δίκαια
1097 1655 1261 1715 τιμᾶν
1300 1647 1401 1699 οὐκ
1442 1645 1715 1714 ἐωμένους
1753 1645 1889 1698 ὑπά-

201 1755 313 1804 γεις
347 1744 411 1805 τῇ
453 1737 575 1806 δίκῃ
615 1735 706 1788 καὶ.
744 1744 808 1806 τῇ
850 1737 1018 1804 φύσει
1057 1738 1363 1803 προστίθης
1394 1735 1460 1786 τὰ
1500 1743 1593 1803 τῆς
1633 1734 1889 1802 ἀνάγκης,

201 1823 290 1876 καὶ
330 1832 424 1892 τῆς
464 1825 629 1894 αὐτῆς
668 1824 868 1894 ἡμέρας
908 1825 969 1877 αἴ
1007 1844 1063 1876 τε
1103 1821 1306 1892 πληγαὶ
1352 1824 1419 1875 τά
1457 1842 1514 1876 τε
1553 1832 1663 1876 τῶν
1702 1824 1889 1876 πινόν-

136 1936 178 1968 20
202 1933 311 1965 των
359 1912 675 1982 ἀδικήματα.
752 1912 813 1966 ἐν
861 1906 945 1976 οἷς
990 1909 1132 1981 ἦσαν
1179 1914 1233 1965 οἱ
1282 1913 1748 1980 μεμαστιγωκότες
1795 1910 1891 1979 ἐφ’

203 2001 392 2069 ὁμοίας
432 2003 776 2065 εἰσελθόντες
814 2003 1053 2064 κύλικας.
1121 1999 1213 2054 καὶ
1251 2010 1363 2055 τῶν
1401 1997 1503 2069 μὲν
1542 2002 1602 2053 αἱ
1637 2009 1893 2068 γυναῖκες

204 2091 501 2159 ἐθρήνουν,
542 2092 594 2143 οἱ
627 2089 675 2142 δ’
708 2090 889 2160 ἐγχεῖν
919 2092 1088 2143 πάλιν
1128 2089 1395 2142 ἐκέλευον.
1466 2089 1639 2151 οὕτως
1670 2090 1726 2141 αἱ
1758 2093 1892 2156 πλη-

206 2182 302 2246 γαί
336 2194 426 2232 σοι
465 2182 634 2246 λόγον
674 2179 777 2232 οὐκ
824 2173 993 2248 εἶχον·
1042 2175 1174 2231 οὐδὲ
1221 2179 1324 2246 γάρ
1364 2178 1721 2246 βεβοηθηκὼς
1761 2173 1891 2230 οὐδὲ

203 2268 510 2335 πεποιηκὼς
549 2266 808 2335 ἀμείνους
848 2269 1068 2330 εἰκότως
1105 2267 1442 2335 ἠγανάκτεις.

327 2395 350 2433 2
383 2390 746 2446 Thu0.11126‚2
870 2395 895 2434 9
926 2389 1056 2435 Dem.
1082 2405 1126 2446 p.
1146 2394 1336 2444 485‚17;
1371 2393 1498 2444 1288,
1513 2392 1568 2431 20

328 2507 346 2543 1
384 2501 672 2545 καλέσασθαι
695 2501 798 2545 Mor
919 2505 943 2544 3
977 2501 1027 2544 δὲ
1055 2501 1145 2544 edd
1268 2505 1291 2542 9
1325 2497 1460 2543 πέντε
1493 2499 1573 2542 καὶ
1605 2497 1718 2542 δέκα
1745 2497 1835 2540 edd

213 2609 266 2647 10
293 2605 462 2655 αὐτοὺς
486 2618 560 2647 om
584 2605 618 2647 Ι
728 2609 782 2647 14
807 2605 1012 2662 ἀκριβεῖς
1034 2605 1079 2646 Ρ
1099 2604 1180 2646 sed
1206 2610 1248 2646 εῖ
1269 2603 1317 2645 in
1341 2616 1416 2645 ras
1441 2601 1510 2644 111²
1626 2605 1678 2643 16
1702 2556 1841 2654 {mels
1858 2598 1901 2642 V

267 2663 394 2718 ἐφεὶς
426 2662 572 2706 Cobet
601 2663 731 2707 Misc.
761 2668 843 2706 166
1006 2667 1058 2706 18
1090 2660 1347 2717 προστίθης
1379 2660 1543 2716 scripsi
1576 2674 1681 2703 oum
1713 2661 1758 2703 B
1791 2656 1890 2702 coll.

207 2737 252 2777 p.
273 2727 342 2776 28,
361 2727 413 2765 13
474 2725 745 2776 προστιθεῖς
776 2723 822 2765 Ρ
850 2722 930 2765 sed
955 2725 972 2733 ⁴
1006 2722 1055 2764 in
1082 2720 1091 2734 ¹
1134 2734 1246 2774 corr,
1280 2721 1312 2763 Ι
1338 2722 1386 2762 et
1417 2718 1562 2762 Cobet
1592 2718 1622 2761 l.
1655 2718 1684 2760 1.
1754 2729 1893 2771 προσ-

208 2781 357 2830 τιθεὶς
388 2780 556 2836 reliqui
588 2780 696 2824 libri
721 2780 813 2823 edd
837 2781 919 2824 sed
943 2781 1127 2834 „malim
1151 2777 1437 2834 προστίθης“
1463 2778 1531 2821 Re
1653 2781 1707 2820 19
1739 2775 1796 2819 τά
1826 2773 1890 2830 τε]

210 2840 287 2881 καὶ
319 2839 374 2881 τὰ
408 2840 473 2882 Re
519 2842 523 2869 ¹
566 2840 832 2883 πεινώντων
864 2840 909 2882 Β
1046 2844 1100 2881 22
1134 2838 1180 2882 οἳ
1211 2840 1255 2882 Α
1318 2836 1370 2880 οἴ
1393 2838 1438 2881 Ρ
1468 2836 1549 2880 Sed
1583 2834 1594 2850 ‘
1625 2835 1673 2878 in
1705 2848 1780 2878 ras
1811 2832 1894 2887 m²‚

209 2899 282 2941 113
297 2899 363 2953 V}
393 2899 441 2940 δὲ
475 2898 575 2940 Mor
697 2902 751 2940 23
784 2896 920 2954 λόγον
953 2910 977 2941 θ
1008 2895 1156 2954 λόγων
1188 2910 1289 2941 con·
1319 2897 1364 2940 A
