<?xml version="1.0" encoding="UTF-8"?>
<!DOCTYPE html PUBLIC "-//W3C//DTD XHTML 1.0 Transitional//EN"
    "http://www.w3.org/TR/xhtml1/DTD/xhtml1-transitional.dtd">
<html xmlns="http://www.w3.org/1999/xhtml" xml:lang="en" lang="en">
 <head>
  <title>
</title>
<meta http-equiv="Content-Type" content="text/html;charset=utf-8" />
  <meta name='ocr-system' content='tesseract 3.04.00' />
  <meta name='ocr-capabilities' content='ocr_page ocr_carea ocr_par ocr_line ocrx_word'/>
</head>
<body>
  <div class='ocr_page' id='page_1' title='image "./operarecensuitri03libauoft_0325.png"; bbox 0 0 1992 3094; ppageno 0'>
   <div class='ocr_carea' id='block_1_1' title="bbox 393 105 1790 159">
    <p class='ocr_par' dir='ltr' id='par_1_1' title="bbox 393 105 1790 159">
     <span class='ocr_line' id='line_1_1' title="bbox 393 105 1790 159; baseline 0.002 -11"><span class='ocrx_word' id='word_1_1' title='bbox 393 105 621 149; x_wconf 84' lang='lat' dir='ltr'><strong>LIBANII</strong></span> <span class='ocrx_word' id='word_1_2' title='bbox 653 105 877 150; x_wconf 82' lang='lat' dir='ltr'><strong>ORATIO</strong></span> <span class='ocrx_word' id='word_1_3' title='bbox 910 105 1155 149; x_wconf 78' lang='lat' dir='ltr'><strong>CONTRA</strong></span> <span class='ocrx_word' id='word_1_4' title='bbox 1188 105 1500 149; x_wconf 88' lang='lat' dir='ltr'><strong>SILVANUM</strong></span> <span class='ocrx_word' id='word_1_5' title='bbox 1681 107 1790 159; x_wconf 78' lang='grc'><em>255</em></span> 
     </span>
    </p>
   </div>
   <div class='ocr_carea' id='block_1_2' title="bbox 67 239 1855 1378">
    <p class='ocr_par' dir='ltr' id='par_1_2' title="bbox 67 239 1855 1270">
     <span class='ocr_line' id='line_1_2' title="bbox 67 239 1792 314; baseline -0.001 -19"><span class='ocrx_word' id='word_1_6' title='bbox 67 245 212 314; x_wconf 58' lang='grc' dir='ltr'><em>τήν.</em></span> <span class='ocrx_word' id='word_1_7' title='bbox 302 239 450 294; x_wconf 86' lang='grc' dir='ltr'><em>τοῦτ’</em></span> <span class='ocrx_word' id='word_1_8' title='bbox 498 240 604 309; x_wconf 85' lang='grc' dir='ltr'><em>ἐγὼ</em></span> <span class='ocrx_word' id='word_1_9' title='bbox 674 249 881 293; x_wconf 88' lang='grc' dir='ltr'><em>παῦσαι</em></span> <span class='ocrx_word' id='word_1_10' title='bbox 944 243 1281 307; x_wconf 83' lang='grc' dir='ltr'><em>βουλόμενος</em></span> <span class='ocrx_word' id='word_1_11' title='bbox 1341 239 1628 312; x_wconf 80' lang='grc' dir='ltr'><em>παρῄνεσα</em></span> <span class='ocrx_word' id='word_1_12' title='bbox 1688 242 1792 310; x_wconf 85' lang='grc' dir='ltr'><em>μὲν</em></span> 
     </span>
     <span class='ocr_line' id='line_1_3' title="bbox 97 329 1791 402; baseline -0.001 -18"><span class='ocrx_word' id='word_1_13' title='bbox 97 335 344 398; x_wconf 79' lang='grc' dir='ltr'><em>πολλοῖς,</em></span> <span class='ocrx_word' id='word_1_14' title='bbox 395 331 586 382; x_wconf 80' lang='grc' dir='ltr'><em>ἔπεισα</em></span> <span class='ocrx_word' id='word_1_15' title='bbox 624 330 686 382; x_wconf 82' lang='grc' dir='ltr'><em>δὲ</em></span> <span class='ocrx_word' id='word_1_16' title='bbox 725 329 822 383; x_wconf 82' lang='grc' dir='ltr'><em>ἕνα</em></span> <span class='ocrx_word' id='word_1_17' title='bbox 861 337 935 402; x_wconf 79' lang='grc' dir='ltr'><em>τῷ</em></span> <span class='ocrx_word' id='word_1_18' title='bbox 970 330 1269 401; x_wconf 78' lang='grc' dir='ltr'><em>συμβούλῳ</em></span> <span class='ocrx_word' id='word_1_19' title='bbox 1316 331 1419 398; x_wconf 87' lang='grc' dir='ltr'><em>τὴν</em></span> <span class='ocrx_word' id='word_1_20' title='bbox 1468 332 1791 399; x_wconf 87' lang='grc' dir='ltr'><em>συμβουλὴν</em></span> 
     </span>
     <span class='ocr_line' id='line_1_4' title="bbox 97 416 1790 488; baseline 0 -16"><span class='ocrx_word' id='word_1_21' title='bbox 97 421 380 488; x_wconf 81' lang='grc' dir='ltr'><em>κρίναντα·</em></span> <span class='ocrx_word' id='word_1_22' title='bbox 433 419 506 487; x_wconf 82' lang='grc' dir='ltr'><em>μὴ</em></span> <span class='ocrx_word' id='word_1_23' title='bbox 552 419 657 488; x_wconf 81' lang='grc' dir='ltr'><em>γὰρ</em></span> <span class='ocrx_word' id='word_1_24' title='bbox 705 417 775 471; x_wconf 79' lang='grc' dir='ltr'><em>ἀν</em></span> <span class='ocrx_word' id='word_1_25' title='bbox 821 416 915 470; x_wconf 85' lang='grc' dir='ltr'><em>ὑπ’</em></span> <span class='ocrx_word' id='word_1_26' title='bbox 946 416 1082 487; x_wconf 87' lang='grc' dir='ltr'><em>ἐμοῦ</em></span> <span class='ocrx_word' id='word_1_27' title='bbox 1129 438 1181 470; x_wconf 90' lang='grc' dir='ltr'><em>τι</em></span> <span class='ocrx_word' id='word_1_28' title='bbox 1222 418 1466 487; x_wconf 79' lang='grc' dir='ltr'><em>ῥηθῆναί</em></span> <span class='ocrx_word' id='word_1_29' title='bbox 1508 437 1639 472; x_wconf 90' lang='grc' dir='ltr'><em>ποτε</em></span> <span class='ocrx_word' id='word_1_30' title='bbox 1677 428 1790 472; x_wconf 93' lang='grc' dir='ltr'><em>τῶν</em></span> 
     </span>
     <span class='ocr_line' id='line_1_5' title="bbox 97 506 1790 576; baseline 0 -15"><span class='ocrx_word' id='word_1_31' title='bbox 97 508 162 561; x_wconf 87' lang='grc' dir='ltr'><em>οὐ</em></span> <span class='ocrx_word' id='word_1_32' title='bbox 217 510 414 560; x_wconf 88' lang='grc' dir='ltr'><em>καλῶν.</em></span> <span class='ocrx_word' id='word_1_33' title='bbox 491 507 582 559; x_wconf 84' lang='grc' dir='ltr'><em>καὶ</em></span> <span class='ocrx_word' id='word_1_34' title='bbox 635 507 899 576; x_wconf 79' lang='grc' dir='ltr'><em>τυγχάνοι</em></span> <span class='ocrx_word' id='word_1_35' title='bbox 952 526 1013 574; x_wconf 92' lang='grc' dir='ltr'><em>γε</em></span> <span class='ocrx_word' id='word_1_36' title='bbox 1059 513 1159 559; x_wconf 89' lang='grc' dir='ltr'><em>τοῦ</em></span> <span class='ocrx_word' id='word_1_37' title='bbox 1207 507 1345 569; x_wconf 89' lang='grc' dir='ltr'><em>Διὸς</em></span> <span class='ocrx_word' id='word_1_38' title='bbox 1400 506 1521 560; x_wconf 83' lang='grc' dir='ltr'><em>ἀντὶ</em></span> <span class='ocrx_word' id='word_1_39' title='bbox 1575 508 1790 561; x_wconf 90' lang='grc' dir='ltr'><em>τούτων</em></span> 
     </span>
     <span class='ocr_line' id='line_1_6' title="bbox 96 592 1855 664; baseline 0 -15"><span class='ocrx_word' id='word_1_40' title='bbox 96 597 359 663; x_wconf 82' lang='grc' dir='ltr'><em>εὐμενοῦς</em></span> <span class='ocrx_word' id='word_1_41' title='bbox 406 595 570 657; x_wconf 87' lang='grc' dir='ltr'><em>αὐτός</em></span> <span class='ocrx_word' id='word_1_42' title='bbox 615 614 673 647; x_wconf 91' lang='grc' dir='ltr'><em>τε</em></span> <span class='ocrx_word' id='word_1_43' title='bbox 718 594 808 648; x_wconf 86' lang='grc' dir='ltr'><em>καὶ</em></span> <span class='ocrx_word' id='word_1_44' title='bbox 848 595 881 664; x_wconf 81' lang='grc' dir='ltr'>ἡ</span> <span class='ocrx_word' id='word_1_45' title='bbox 922 597 1082 664; x_wconf 83' lang='grc' dir='ltr'><em>τήθη.</em></span> <span class='ocrx_word' id='word_1_46' title='bbox 1158 604 1270 648; x_wconf 89' lang='grc' dir='ltr'><em>τῶν</em></span> <span class='ocrx_word' id='word_1_47' title='bbox 1319 595 1421 663; x_wconf 82' lang='grc' dir='ltr'><em>μὲν</em></span> <span class='ocrx_word' id='word_1_48' title='bbox 1461 592 1565 648; x_wconf 83' lang='grc' dir='ltr'><em>οὖν</em></span> <span class='ocrx_word' id='word_1_49' title='bbox 1604 597 1789 648; x_wconf 80' lang='grc' dir='ltr'><em>ἄλλων</em></span> <span class='ocrx_word' id='word_1_50' title='bbox 1836 616 1855 650; x_wconf 81' lang='lat'><strong>5</strong></span> 
     </span>
     <span class='ocr_line' id='line_1_7' title="bbox 97 681 1788 755; baseline 0.001 -18"><span class='ocrx_word' id='word_1_51' title='bbox 97 686 148 738; x_wconf 80' lang='grc' dir='ltr'><em>οἱ</em></span> <span class='ocrx_word' id='word_1_52' title='bbox 195 682 297 752; x_wconf 72' lang='grc' dir='ltr'><em>μὲν</em></span> <span class='ocrx_word' id='word_1_53' title='bbox 343 681 605 753; x_wconf 76' lang='grc' dir='ltr'><em>ἐπῄνουν,</em></span> <span class='ocrx_word' id='word_1_54' title='bbox 661 684 714 736; x_wconf 84' lang='grc' dir='ltr'><em>οἱ</em></span> <span class='ocrx_word' id='word_1_55' title='bbox 762 681 822 736; x_wconf 77' lang='grc' dir='ltr'><em>δὲ</em></span> <span class='ocrx_word' id='word_1_56' title='bbox 870 685 974 737; x_wconf 89' lang='grc' dir='ltr'><em>οὐκ</em></span> <span class='ocrx_word' id='word_1_57' title='bbox 1028 683 1285 755; x_wconf 77' lang='grc' dir='ltr'><em>ᾐτιῶντο,</em></span> <span class='ocrx_word' id='word_1_58' title='bbox 1348 686 1399 737; x_wconf 79' lang='grc' dir='ltr'><em>εἰ</em></span> <span class='ocrx_word' id='word_1_59' title='bbox 1450 685 1514 737; x_wconf 88' lang='grc' dir='ltr'><em>δέ</em></span> <span class='ocrx_word' id='word_1_60' title='bbox 1561 705 1644 748; x_wconf 88' lang='grc' dir='ltr'><em>τις</em></span> <span class='ocrx_word' id='word_1_61' title='bbox 1696 684 1788 738; x_wconf 83' lang='grc' dir='ltr'><em>καὶ</em></span> 
     </span>
     <span class='ocr_line' id='line_1_8' title="bbox 95 769 1786 843; baseline -0.001 -16"><span class='ocrx_word' id='word_1_62' title='bbox 95 776 312 843; x_wconf 83' lang='grc' dir='ltr'><em>ἤχθετο,</em></span> <span class='ocrx_word' id='word_1_63' title='bbox 352 772 489 826; x_wconf 86' lang='grc' dir='ltr'><em>ἀλλά</em></span> <span class='ocrx_word' id='word_1_64' title='bbox 529 780 655 842; x_wconf 76' lang='grc' dir='ltr'><em>σιγῇ</em></span> <span class='ocrx_word' id='word_1_65' title='bbox 692 775 858 826; x_wconf 90' lang='grc' dir='ltr'><em>τοῦτό</em></span> <span class='ocrx_word' id='word_1_66' title='bbox 899 789 981 840; x_wconf 89' lang='grc' dir='ltr'><em>γε·</em></span> <span class='ocrx_word' id='word_1_67' title='bbox 1022 775 1188 839; x_wconf 82' lang='grc' dir='ltr'><em>μόνος</em></span> <span class='ocrx_word' id='word_1_68' title='bbox 1221 770 1281 825; x_wconf 78' lang='grc' dir='ltr'><em>δὲ</em></span> <span class='ocrx_word' id='word_1_69' title='bbox 1315 769 1478 836; x_wconf 82' lang='grc' dir='ltr'><em>οὗτος</em></span> <span class='ocrx_word' id='word_1_70' title='bbox 1509 773 1786 842; x_wconf 79' lang='grc' dir='ltr'><em>ἐκεκράγει</em></span> 
     </span>
     <span class='ocr_line' id='line_1_9' title="bbox 93 858 1786 934; baseline 0 -19"><span class='ocrx_word' id='word_1_71' title='bbox 93 863 181 915; x_wconf 81' lang='grc' dir='ltr'><em>καὶ</em></span> <span class='ocrx_word' id='word_1_72' title='bbox 219 869 295 934; x_wconf 76' lang='grc' dir='ltr'><em>τῷ</em></span> <span class='ocrx_word' id='word_1_73' title='bbox 333 863 406 930; x_wconf 85' lang='grc' dir='ltr'><em>μὴ</em></span> <span class='ocrx_word' id='word_1_74' title='bbox 445 862 714 914; x_wconf 80' lang='grc' dir='ltr'><em>τεθνάναι</em></span> <span class='ocrx_word' id='word_1_75' title='bbox 753 881 819 929; x_wconf 89' lang='grc' dir='ltr'><em>με</em></span> <span class='ocrx_word' id='word_1_76' title='bbox 852 862 1021 929; x_wconf 84' lang='grc' dir='ltr'><em>δῆλος</em></span> <span class='ocrx_word' id='word_1_77' title='bbox 1052 858 1123 928; x_wconf 77' lang='grc' dir='ltr'><em>ἦν</em></span> <span class='ocrx_word' id='word_1_78' title='bbox 1155 863 1517 929; x_wconf 79' lang='grc' dir='ltr'><em>λυπούμενος,</em></span> <span class='ocrx_word' id='word_1_79' title='bbox 1556 870 1651 931; x_wconf 83' lang='grc' dir='ltr'><em>τῆς</em></span> <span class='ocrx_word' id='word_1_80' title='bbox 1682 863 1786 932; x_wconf 81' lang='grc' dir='ltr'><em>γὰρ</em></span> 
     </span>
     <span class='ocr_line' id='line_1_10' title="bbox 94 946 1784 1022; baseline -0.001 -18"><span class='ocrx_word' id='word_1_81' title='bbox 94 951 260 1019; x_wconf 84' lang='grc' dir='ltr'><em>αὐτῆς</em></span> <span class='ocrx_word' id='word_1_82' title='bbox 320 946 390 1018; x_wconf 81' lang='grc' dir='ltr'><em>ἧν</em></span> <span class='ocrx_word' id='word_1_83' title='bbox 451 952 631 1019; x_wconf 88' lang='grc' dir='ltr'><em>δήπου</em></span> <span class='ocrx_word' id='word_1_84' title='bbox 685 958 865 1019; x_wconf 81' lang='grc' dir='ltr'><em>ψυχῆς</em></span> <span class='ocrx_word' id='word_1_85' title='bbox 918 951 1095 1022; x_wconf 77' lang='grc' dir='ltr'><em>τούτῳ</em></span> <span class='ocrx_word' id='word_1_86' title='bbox 1147 970 1202 1003; x_wconf 90' lang='grc' dir='ltr'><em>τε</em></span> <span class='ocrx_word' id='word_1_87' title='bbox 1266 951 1502 1018; x_wconf 78' lang='grc' dir='ltr'><em>ἥδεσθαι</em></span> <span class='ocrx_word' id='word_1_88' title='bbox 1564 951 1784 1003; x_wconf 90' lang='grc' dir='ltr'><em>κάκεῖνο</em></span> 
     </span>
     <span class='ocr_line' id='line_1_11' title="bbox 91 1035 1855 1108; baseline 0.001 -16"><span class='ocrx_word' id='word_1_89' title='bbox 91 1040 421 1107; x_wconf 87' lang='grc' dir='ltr'><em>βούλεσθαι,</em></span> <span class='ocrx_word' id='word_1_90' title='bbox 470 1037 559 1092; x_wconf 87' lang='grc' dir='ltr'><em>καὶ</em></span> <span class='ocrx_word' id='word_1_91' title='bbox 605 1035 676 1107; x_wconf 79' lang='grc' dir='ltr'><em>ἦν</em></span> <span class='ocrx_word' id='word_1_92' title='bbox 715 1038 1045 1108; x_wconf 86' lang='grc' dir='ltr'><em>ἀδικώτερος</em></span> <span class='ocrx_word' id='word_1_93' title='bbox 1092 1048 1204 1092; x_wconf 90' lang='grc' dir='ltr'><em>τῶν</em></span> <span class='ocrx_word' id='word_1_94' title='bbox 1243 1039 1309 1092; x_wconf 87' lang='grc' dir='ltr'><em>οὐ</em></span> <span class='ocrx_word' id='word_1_95' title='bbox 1362 1039 1785 1108; x_wconf 86' lang='grc' dir='ltr'><em>συγγενομένων</em></span> <span class='ocrx_word' id='word_1_96' title='bbox 1812 1062 1855 1093; x_wconf 84' lang='grc' dir='ltr'><em>ιο</em></span> 
     </span>
     <span class='ocr_line' id='line_1_12' title="bbox 93 1126 1776 1197; baseline 0 -16"><span class='ocrx_word' id='word_1_97' title='bbox 93 1129 224 1197; x_wconf 81' lang='grc' dir='ltr'><em>ἡμῖν</em></span> <span class='ocrx_word' id='word_1_98' title='bbox 285 1128 313 1181; x_wconf 91' lang='grc' dir='ltr'>ὁ</span> <span class='ocrx_word' id='word_1_99' title='bbox 368 1128 715 1196; x_wconf 81' lang='grc' dir='ltr'><em>πεφοιτηκὼς</em></span> <span class='ocrx_word' id='word_1_100' title='bbox 775 1126 864 1180; x_wconf 84' lang='grc' dir='ltr'><em>καὶ</em></span> <span class='ocrx_word' id='word_1_101' title='bbox 921 1137 1032 1181; x_wconf 92' lang='grc' dir='ltr'><em>τῶν</em></span> <span class='ocrx_word' id='word_1_102' title='bbox 1085 1148 1137 1181; x_wconf 91' lang='grc' dir='ltr'><em>τι</em></span> <span class='ocrx_word' id='word_1_103' title='bbox 1192 1129 1516 1181; x_wconf 77' lang='grc' dir='ltr'><em>δεδωκότων</em></span> <span class='ocrx_word' id='word_1_104' title='bbox 1571 1128 1599 1182; x_wconf 90' lang='grc' dir='ltr'>ὁ</span> <span class='ocrx_word' id='word_1_105' title='bbox 1650 1126 1776 1197; x_wconf 87' lang='grc' dir='ltr'><em>μηδ’</em></span> 
     </span>
     <span class='ocr_line' id='line_1_13' title="bbox 96 1217 298 1270; baseline -0.005 0"><span class='ocrx_word' id='word_1_106' title='bbox 96 1217 298 1270; x_wconf 88' lang='grc' dir='ltr'><em>ὁτιοῦν.</em></span> 
     </span>
    </p>

    <p class='ocr_par' dir='ltr' id='par_1_3' title="bbox 162 1302 1783 1378">
     <span class='ocr_line' id='line_1_14' title="bbox 162 1302 1783 1378; baseline 0 -20"><span class='ocrx_word' id='word_1_107' title='bbox 162 1328 163 1331; x_wconf 65' lang='grc'>’</span> <span class='ocrx_word' id='word_1_108' title='bbox 203 1307 250 1360; x_wconf 86' lang='grc'><em>6.</em></span> <span class='ocrx_word' id='word_1_109' title='bbox 314 1309 399 1378; x_wconf 83' lang='grc' dir='ltr'><em>Τῷ</em></span> <span class='ocrx_word' id='word_1_110' title='bbox 434 1306 496 1358; x_wconf 84' lang='grc' dir='ltr'><em>δὲ</em></span> <span class='ocrx_word' id='word_1_111' title='bbox 534 1304 624 1358; x_wconf 82' lang='grc' dir='ltr'><em>καὶ</em></span> <span class='ocrx_word' id='word_1_112' title='bbox 663 1315 791 1369; x_wconf 89' lang='grc' dir='ltr'><em>παῖς</em></span> <span class='ocrx_word' id='word_1_113' title='bbox 830 1302 900 1375; x_wconf 79' lang='grc' dir='ltr'><em>ἦν</em></span> <span class='ocrx_word' id='word_1_114' title='bbox 941 1306 1001 1359; x_wconf 83' lang='grc' dir='ltr'><em>ἐν</em></span> <span class='ocrx_word' id='word_1_115' title='bbox 1040 1315 1156 1370; x_wconf 89' lang='grc' dir='ltr'><em>τοῖς</em></span> <span class='ocrx_word' id='word_1_116' title='bbox 1201 1305 1625 1374; x_wconf 81' lang='grc' dir='ltr'><em>παιδευομένοις</em></span> <span class='ocrx_word' id='word_1_117' title='bbox 1664 1305 1783 1372; x_wconf 92' lang='grc' dir='ltr'><em>ἀμι-</em></span> 
     </span>
    </p>
   </div>
   <div class='ocr_carea' id='block_1_3' title="bbox 0 1389 1784 1465">
    <p class='ocr_par' dir='ltr' id='par_1_4' title="bbox 0 1389 1784 1465">
     <span class='ocr_line' id='line_1_15' title="bbox 0 1389 1784 1465; baseline 0 -18"><span class='ocrx_word' id='word_1_118' title='bbox 0 1431 1 1455; x_wconf 52' lang='lat'><em>2</em></span> <span class='ocrx_word' id='word_1_119' title='bbox 92 1393 190 1448; x_wconf 85' lang='grc' dir='ltr'><em>σθὶ</em></span> <span class='ocrx_word' id='word_1_120' title='bbox 229 1395 318 1448; x_wconf 83' lang='grc' dir='ltr'><em>καὶ</em></span> <span class='ocrx_word' id='word_1_121' title='bbox 360 1389 539 1460; x_wconf 82' lang='grc' dir='ltr'><em>οὗτος,</em></span> <span class='ocrx_word' id='word_1_122' title='bbox 580 1395 760 1463; x_wconf 82' lang='grc' dir='ltr'><em>ὥσπερ</em></span> <span class='ocrx_word' id='word_1_123' title='bbox 803 1395 832 1448; x_wconf 87' lang='grc' dir='ltr'>ὁ</span> <span class='ocrx_word' id='word_1_124' title='bbox 868 1398 1062 1465; x_wconf 86' lang='grc' dir='ltr'><em>πατήρ,</em></span> <span class='ocrx_word' id='word_1_125' title='bbox 1102 1397 1202 1464; x_wconf 87' lang='grc' dir='ltr'><em>τὴν</em></span> <span class='ocrx_word' id='word_1_126' title='bbox 1243 1394 1379 1464; x_wconf 87' lang='grc' dir='ltr'><em>ἐμὴν</em></span> <span class='ocrx_word' id='word_1_127' title='bbox 1410 1396 1784 1463; x_wconf 83' lang='grc' dir='ltr'><em>ταλαιπωρίαν</em></span> 
     </span>
    </p>
   </div>
   <div class='ocr_carea' id='block_1_4' title="bbox 36 1483 1873 2351">
    <p class='ocr_par' dir='ltr' id='par_1_5' title="bbox 36 1483 1873 2351">
     <span class='ocr_line' id='line_1_16' title="bbox 91 1483 1851 1554; baseline 0.001 -18"><span class='ocrx_word' id='word_1_128' title='bbox 91 1485 482 1554; x_wconf 87' lang='grc' dir='ltr'><em>καρπούμενος.</em></span> <span class='ocrx_word' id='word_1_129' title='bbox 558 1486 898 1553; x_wconf 85' lang='grc' dir='ltr'><em>βουλόμενος</em></span> <span class='ocrx_word' id='word_1_130' title='bbox 944 1485 1012 1553; x_wconf 83' lang='grc' dir='ltr'><em>δή</em></span> <span class='ocrx_word' id='word_1_131' title='bbox 1058 1504 1124 1553; x_wconf 91' lang='grc' dir='ltr'><em>με</em></span> <span class='ocrx_word' id='word_1_132' title='bbox 1169 1483 1259 1537; x_wconf 86' lang='grc' dir='ltr'><em>καὶ</em></span> <span class='ocrx_word' id='word_1_133' title='bbox 1301 1485 1392 1536; x_wconf 84' lang='grc' dir='ltr'><em>διὰ</em></span> <span class='ocrx_word' id='word_1_134' title='bbox 1440 1491 1536 1537; x_wconf 91' lang='grc' dir='ltr'><em>τοῦ</em></span> <span class='ocrx_word' id='word_1_135' title='bbox 1585 1483 1783 1546; x_wconf 89' lang='grc' dir='ltr'><em>παιδὸς</em></span> <span class='ocrx_word' id='word_1_136' title='bbox 1810 1504 1851 1537; x_wconf 86' lang='lat'><em>15</em></span> 
     </span>
     <span class='ocr_line' id='line_1_17' title="bbox 91 1571 1873 1642; baseline 0.002 -18"><span class='ocrx_word' id='word_1_137' title='bbox 91 1571 302 1626; x_wconf 80' lang='grc' dir='ltr'><em>ἀδικεῖν</em></span> <span class='ocrx_word' id='word_1_138' title='bbox 340 1572 662 1636; x_wconf 82' lang='grc' dir='ltr'><em>ἀποσπάσας</em></span> <span class='ocrx_word' id='word_1_139' title='bbox 699 1582 812 1625; x_wconf 91' lang='grc' dir='ltr'><em>τῶν</em></span> <span class='ocrx_word' id='word_1_140' title='bbox 843 1571 992 1642; x_wconf 84' lang='grc' dir='ltr'><em>ἐμῶν</em></span> <span class='ocrx_word' id='word_1_141' title='bbox 1027 1578 1032 1642; x_wconf 82' lang='grc' dir='ltr'>Ι</span> <span class='ocrx_word' id='word_1_142' title='bbox 1067 1579 1266 1641; x_wconf 81' lang='grc' dir='ltr'><em>θυρῶν</em></span> <span class='ocrx_word' id='word_1_143' title='bbox 1298 1572 1487 1641; x_wconf 84' lang='grc' dir='ltr'><em>φέρων</em></span> <span class='ocrx_word' id='word_1_144' title='bbox 1518 1578 1620 1624; x_wconf 91' lang='grc' dir='ltr'><em>θα-</em></span> <span class='ocrx_word' id='word_1_145' title='bbox 1659 1584 1758 1627; x_wconf 85' lang='lat' dir='ltr'><em>RH</em></span> <span class='ocrx_word' id='word_1_146' title='bbox 1785 1589 1873 1628; x_wconf 84' lang='lat'><em>345</em></span> 
     </span>
     <span class='ocr_line' id='line_1_18' title="bbox 91 1660 1781 1732; baseline -0.001 -18"><span class='ocrx_word' id='word_1_147' title='bbox 91 1660 217 1732; x_wconf 80' lang='grc' dir='ltr'><em>τέρᾳ</em></span> <span class='ocrx_word' id='word_1_148' title='bbox 256 1670 414 1732; x_wconf 78' lang='grc' dir='ltr'><em>φωνῇ</em></span> <span class='ocrx_word' id='word_1_149' title='bbox 456 1662 689 1714; x_wconf 89' lang='grc' dir='ltr'><em>δίδωσιν</em></span> <span class='ocrx_word' id='word_1_150' title='bbox 728 1662 830 1715; x_wconf 86' lang='grc' dir='ltr'><em>οὐκ</em></span> <span class='ocrx_word' id='word_1_151' title='bbox 870 1660 1082 1731; x_wconf 81' lang='grc' dir='ltr'><em>ἐκείνης</em></span> <span class='ocrx_word' id='word_1_152' title='bbox 1122 1660 1432 1730; x_wconf 81' lang='grc' dir='ltr'><em>ἐπιθυμῶν,</em></span> <span class='ocrx_word' id='word_1_153' title='bbox 1478 1661 1615 1714; x_wconf 82' lang='grc' dir='ltr'><em>ἀλλὰ</em></span> <span class='ocrx_word' id='word_1_154' title='bbox 1652 1662 1781 1714; x_wconf 91' lang='grc' dir='ltr'><em>ταύ-</em></span> 
     </span>
     <span class='ocr_line' id='line_1_19' title="bbox 90 1747 1780 1820; baseline 0 -18"><span class='ocrx_word' id='word_1_155' title='bbox 90 1769 189 1817; x_wconf 89' lang='grc' dir='ltr'><em>την</em></span> <span class='ocrx_word' id='word_1_156' title='bbox 227 1749 484 1820; x_wconf 80' lang='grc' dir='ltr'><em>ὑβρίζων,</em></span> <span class='ocrx_word' id='word_1_157' title='bbox 523 1754 735 1819; x_wconf 84' lang='grc' dir='ltr'><em>μᾶλλον</em></span> <span class='ocrx_word' id='word_1_158' title='bbox 775 1751 836 1804; x_wconf 83' lang='grc' dir='ltr'><em>δὲ</em></span> <span class='ocrx_word' id='word_1_159' title='bbox 876 1747 968 1819; x_wconf 76' lang='grc' dir='ltr'><em>ἐμὲ</em></span> <span class='ocrx_word' id='word_1_160' title='bbox 1000 1759 1116 1813; x_wconf 88' lang='grc' dir='ltr'><em>τοῖς</em></span> <span class='ocrx_word' id='word_1_161' title='bbox 1156 1750 1450 1818; x_wconf 84' lang='grc' dir='ltr'><em>δευτέροις.</em></span> <span class='ocrx_word' id='word_1_162' title='bbox 1514 1748 1604 1802; x_wconf 87' lang='grc' dir='ltr'><em>καὶ</em></span> <span class='ocrx_word' id='word_1_163' title='bbox 1643 1768 1780 1817; x_wconf 92' lang='grc' dir='ltr'><em>παρ-</em></span> 
     </span>
     <span class='ocr_line' id='line_1_20' title="bbox 36 1837 1779 1912; baseline 0.001 -22"><span class='ocrx_word' id='word_1_164' title='bbox 36 1856 46 1866; x_wconf 89' lang='grc'><em>·</em></span> <span class='ocrx_word' id='word_1_165' title='bbox 91 1837 340 1905; x_wconf 81' lang='grc' dir='ltr'><em>ἀγγέλλει</em></span> <span class='ocrx_word' id='word_1_166' title='bbox 378 1837 641 1911; x_wconf 76' lang='grc' dir='ltr'><em>τῷπαιδὶ</em></span> <span class='ocrx_word' id='word_1_167' title='bbox 682 1846 756 1912; x_wconf 77' lang='grc' dir='ltr'><em>τῷ</em></span> <span class='ocrx_word' id='word_1_168' title='bbox 789 1848 907 1902; x_wconf 90' lang='grc' dir='ltr'><em>ταῖς</em></span> <span class='ocrx_word' id='word_1_169' title='bbox 938 1843 1167 1901; x_wconf 89' lang='grc' dir='ltr'><em>πολλαῖς</em></span> <span class='ocrx_word' id='word_1_170' title='bbox 1199 1837 1394 1907; x_wconf 83' lang='grc' dir='ltr'><em>σαρξὶν</em></span> <span class='ocrx_word' id='word_1_171' title='bbox 1426 1838 1779 1910; x_wconf 79' lang='grc' dir='ltr'><em>ἀγαλλομένῳ</em></span> 
     </span>
     <span class='ocr_line' id='line_1_21' title="bbox 90 1927 1849 1996; baseline 0.002 -18"><span class='ocrx_word' id='word_1_172' title='bbox 90 1934 202 1988; x_wconf 91' lang='grc' dir='ltr'><em>τοῖς</em></span> <span class='ocrx_word' id='word_1_173' title='bbox 253 1933 410 1990; x_wconf 88' lang='grc' dir='ltr'><em>θεοῖς</em></span> <span class='ocrx_word' id='word_1_174' title='bbox 463 1933 588 1981; x_wconf 79' lang='grc' dir='ltr'><em>ἴσον</em></span> <span class='ocrx_word' id='word_1_175' title='bbox 642 1929 799 1996; x_wconf 79' lang='grc' dir='ltr'><em>ἄγειν</em></span> <span class='ocrx_word' id='word_1_176' title='bbox 851 1930 949 1981; x_wconf 91' lang='grc' dir='ltr'><em>τὸν</em></span> <span class='ocrx_word' id='word_1_177' title='bbox 997 1930 1179 1995; x_wconf 90' lang='grc' dir='ltr'><em>Λίβυν</em></span> <span class='ocrx_word' id='word_1_178' title='bbox 1232 1929 1331 1980; x_wconf 91' lang='grc' dir='ltr'><em>τὸν</em></span> <span class='ocrx_word' id='word_1_179' title='bbox 1376 1927 1778 1995; x_wconf 84' lang='grc' dir='ltr'><em>καταγέλαστον</em></span> <span class='ocrx_word' id='word_1_180' title='bbox 1805 1948 1849 1981; x_wconf 82' lang='lat'><em>20</em></span> 
     </span>
     <span class='ocr_line' id='line_1_22' title="bbox 90 2015 1779 2088; baseline 0.001 -21"><span class='ocrx_word' id='word_1_181' title='bbox 90 2016 388 2083; x_wconf 86' lang='grc' dir='ltr'><em>φείδεσθαί</em></span> <span class='ocrx_word' id='word_1_182' title='bbox 421 2035 478 2068; x_wconf 93' lang='grc' dir='ltr'><em>τε</em></span> <span class='ocrx_word' id='word_1_183' title='bbox 520 2016 580 2069; x_wconf 90' lang='grc' dir='ltr'><em>ἐν</em></span> <span class='ocrx_word' id='word_1_184' title='bbox 618 2026 733 2080; x_wconf 92' lang='grc' dir='ltr'><em>τοῖς</em></span> <span class='ocrx_word' id='word_1_185' title='bbox 772 2015 964 2088; x_wconf 82' lang='grc' dir='ltr'><em>ἐκείνῳ</em></span> <span class='ocrx_word' id='word_1_186' title='bbox 1006 2021 1351 2070; x_wconf 89' lang='grc' dir='ltr'><em>λυσιτελοῦσι</em></span> <span class='ocrx_word' id='word_1_187' title='bbox 1398 2017 1654 2084; x_wconf 87' lang='grc' dir='ltr'><em>μηδενός,</em></span> <span class='ocrx_word' id='word_1_188' title='bbox 1707 2016 1779 2084; x_wconf 90' lang='grc' dir='ltr'><em>μὴ</em></span> 
     </span>
     <span class='ocr_line' id='line_1_23' title="bbox 90 2102 1777 2175; baseline 0 -4"><span class='ocrx_word' id='word_1_189' title='bbox 90 2102 342 2173; x_wconf 69' lang='grc' dir='ltr'><em>ῥήματος,</em></span> <span class='ocrx_word' id='word_1_190' title='bbox 381 2106 453 2174; x_wconf 79' lang='grc' dir='ltr'><em>μὴ</em></span> <span class='ocrx_word' id='word_1_191' title='bbox 494 2107 679 2174; x_wconf 68' lang='grc' dir='ltr'><em>ἔργον,</em></span> <span class='ocrx_word' id='word_1_192' title='bbox 718 2107 790 2174; x_wconf 80' lang='grc' dir='ltr'><em>μὴ</em></span> <span class='ocrx_word' id='word_1_193' title='bbox 831 2107 1028 2175; x_wconf 67' lang='grc' dir='ltr'><em>χειρός,</em></span> <span class='ocrx_word' id='word_1_194' title='bbox 1067 2106 1140 2174; x_wconf 78' lang='grc' dir='ltr'><em>μὴ</em></span> <span class='ocrx_word' id='word_1_195' title='bbox 1179 2106 1365 2172; x_wconf 70' lang='grc' dir='ltr'><em>ποδός,</em></span> <span class='ocrx_word' id='word_1_196' title='bbox 1404 2105 1476 2172; x_wconf 80' lang='grc' dir='ltr'><em>μὴ</em></span> <span class='ocrx_word' id='word_1_197' title='bbox 1515 2103 1777 2171; x_wconf 72' lang='grc' dir='ltr'><em>πολέμου,</em></span> 
     </span>
     <span class='ocr_line' id='line_1_24' title="bbox 88 2191 1779 2263; baseline 0 -18"><span class='ocrx_word' id='word_1_198' title='bbox 88 2193 160 2260; x_wconf 87' lang='grc' dir='ltr'><em>μὴ</em></span> <span class='ocrx_word' id='word_1_199' title='bbox 209 2193 402 2262; x_wconf 86' lang='grc' dir='ltr'><em>μάχης,</em></span> <span class='ocrx_word' id='word_1_200' title='bbox 456 2195 528 2263; x_wconf 92' lang='grc' dir='ltr'><em>μὴ</em></span> <span class='ocrx_word' id='word_1_201' title='bbox 582 2194 908 2263; x_wconf 88' lang='grc' dir='ltr'><em>τραυμάτων</em></span> <span class='ocrx_word' id='word_1_202' title='bbox 961 2192 1085 2263; x_wconf 89' lang='grc' dir='ltr'><em>μηδ’</em></span> <span class='ocrx_word' id='word_1_203' title='bbox 1125 2195 1172 2247; x_wconf 84' lang='grc' dir='ltr'><em>εἰ</em></span> <span class='ocrx_word' id='word_1_204' title='bbox 1218 2192 1406 2261; x_wconf 87' lang='grc' dir='ltr'><em>μέλλοι</em></span> <span class='ocrx_word' id='word_1_205' title='bbox 1460 2201 1576 2255; x_wconf 90' lang='grc' dir='ltr'><em>τοῖς</em></span> <span class='ocrx_word' id='word_1_206' title='bbox 1629 2191 1779 2259; x_wconf 84' lang='grc' dir='ltr'><em>ἐμοῖς</em></span> 
     </span>
     <span class='ocr_line' id='line_1_25' title="bbox 90 2280 1779 2351; baseline 0.001 -19"><span class='ocrx_word' id='word_1_207' title='bbox 90 2281 512 2347; x_wconf 86' lang='grc' dir='ltr'><em>συμπλέκεσθαι.</em></span> <span class='ocrx_word' id='word_1_208' title='bbox 594 2283 637 2334; x_wconf 83' lang='grc'><em>7.</em></span> <span class='ocrx_word' id='word_1_209' title='bbox 685 2281 776 2335; x_wconf 88' lang='grc' dir='ltr'><em>καὶ</em></span> <span class='ocrx_word' id='word_1_210' title='bbox 817 2282 1043 2336; x_wconf 88' lang='grc' dir='ltr'><em>διετέλει</em></span> <span class='ocrx_word' id='word_1_211' title='bbox 1086 2284 1153 2351; x_wconf 87' lang='grc' dir='ltr'><em>δὴ</em></span> <span class='ocrx_word' id='word_1_212' title='bbox 1194 2284 1478 2350; x_wconf 89' lang='grc' dir='ltr'><em>θορυβῶν,</em></span> <span class='ocrx_word' id='word_1_213' title='bbox 1518 2280 1779 2348; x_wconf 87' lang='grc' dir='ltr'><em>ἀπειλῶν,</em></span> 
     </span>
    </p>
   </div>
   <div class='ocr_carea' id='block_1_5' title="bbox 90 2406 269 2413">
    <p class='ocr_par' dir='ltr' id='par_1_6' title="bbox 90 2406 269 2413">
     <span class='ocr_line' id='line_1_26' title="bbox 90 2406 269 2413; baseline 0 681"><span class='ocrx_word' id='word_1_214' title='bbox 90 2406 269 2413; x_wconf 95' lang='lat' dir='ltr'><em> </em></span> 
     </span>
    </p>
   </div>
   <div class='ocr_carea' id='block_1_6' title="bbox 209 2486 1396 2542">
    <p class='ocr_par' dir='ltr' id='par_1_7' title="bbox 209 2486 1396 2542">
     <span class='ocr_line' id='line_1_27' title="bbox 209 2486 1396 2542; baseline 0.001 -14"><span class='ocrx_word' id='word_1_215' title='bbox 209 2489 261 2528; x_wconf 91' lang='grc'><em>16</em></span> <span class='ocrx_word' id='word_1_216' title='bbox 293 2486 365 2529; x_wconf 72' lang='lat' dir='ltr'><em>t.1</em></span> <span class='ocrx_word' id='word_1_217' title='bbox 391 2490 489 2540; x_wconf 83' lang='lat'>193,</span> <span class='ocrx_word' id='word_1_218' title='bbox 509 2491 549 2529; x_wconf 90' lang='grc'><em>6.</em></span> <span class='ocrx_word' id='word_1_219' title='bbox 582 2489 611 2531; x_wconf 79' lang='lat' dir='ltr'><em>t.</em></span> <span class='ocrx_word' id='word_1_220' title='bbox 629 2487 691 2530; x_wconf 93' lang='lat' dir='ltr'><em>III</em></span> <span class='ocrx_word' id='word_1_221' title='bbox 717 2491 816 2541; x_wconf 81' lang='lat'>261,</span> <span class='ocrx_word' id='word_1_222' title='bbox 836 2492 860 2530; x_wconf 88' lang='grc'>6</span> <span class='ocrx_word' id='word_1_223' title='bbox 878 2502 941 2542; x_wconf 85' lang='lat' dir='ltr'><em>sq.</em></span> <span class='ocrx_word' id='word_1_224' title='bbox 963 2487 1014 2529; x_wconf 82' lang='lat' dir='ltr'><em>R.</em></span> <span class='ocrx_word' id='word_1_225' title='bbox 1050 2487 1106 2529; x_wconf 87' lang='lat' dir='ltr'><em>cf.</em></span> <span class='ocrx_word' id='word_1_226' title='bbox 1132 2486 1204 2530; x_wconf 53' lang='lat' dir='ltr'><em>{LI</em></span> <span class='ocrx_word' id='word_1_227' title='bbox 1231 2491 1328 2541; x_wconf 81' lang='lat'>144,</span> <span class='ocrx_word' id='word_1_228' title='bbox 1347 2492 1396 2529; x_wconf 91' lang='lat'><em>11</em></span> 
     </span>
    </p>
   </div>
   <div class='ocr_carea' id='block_1_7' title="bbox 91 2598 443 2606">
    <p class='ocr_par' dir='ltr' id='par_1_8' title="bbox 91 2598 443 2606">
     <span class='ocr_line' id='line_1_28' title="bbox 91 2598 443 2606; baseline 0 488"><span class='ocrx_word' id='word_1_229' title='bbox 91 2598 443 2606; x_wconf 95' lang='lat' dir='ltr'><em> </em></span> 
     </span>
    </p>
   </div>
   <div class='ocr_carea' id='block_1_8' title="bbox 89 2677 1776 2852">
    <p class='ocr_par' dir='ltr' id='par_1_9' title="bbox 89 2677 1776 2852">
     <span class='ocr_line' id='line_1_29' title="bbox 206 2677 1776 2734; baseline 0.001 -15"><span class='ocrx_word' id='word_1_230' title='bbox 206 2681 232 2719; x_wconf 88' lang='grc'>4</span> <span class='ocrx_word' id='word_1_231' title='bbox 264 2692 312 2721; x_wconf 85' lang='grc' dir='ltr'><em>τε</em></span> <span class='ocrx_word' id='word_1_232' title='bbox 346 2678 413 2722; x_wconf 87' lang='lat' dir='ltr'><em>Va</em></span> <span class='ocrx_word' id='word_1_233' title='bbox 594 2683 619 2721; x_wconf 85' lang='lat'>5</span> <span class='ocrx_word' id='word_1_234' title='bbox 659 2677 840 2734; x_wconf 83' lang='grc' dir='ltr'><em>ἡττήθη</em></span> <span class='ocrx_word' id='word_1_235' title='bbox 874 2678 912 2721; x_wconf 85' lang='lat' dir='ltr'><strong><em>C</em></strong></span> <span class='ocrx_word' id='word_1_236' title='bbox 941 2679 1020 2721; x_wconf 80' lang='lat' dir='ltr'><em>sed</em></span> <span class='ocrx_word' id='word_1_237' title='bbox 1052 2678 1100 2720; x_wconf 91' lang='lat' dir='ltr'><em>in</em></span> <span class='ocrx_word' id='word_1_238' title='bbox 1132 2677 1161 2734; x_wconf 86' lang='grc' dir='ltr'>ἡ</span> <span class='ocrx_word' id='word_1_239' title='bbox 1193 2680 1317 2734; x_wconf 85' lang='grc' dir='ltr'><em>τήθη</em></span> <span class='ocrx_word' id='word_1_240' title='bbox 1350 2691 1451 2721; x_wconf 84' lang='lat' dir='ltr'>corr</span> <span class='ocrx_word' id='word_1_241' title='bbox 1474 2677 1556 2731; x_wconf 82' lang='lat' dir='ltr'><em>m²‚</em></span> <span class='ocrx_word' id='word_1_242' title='bbox 1589 2679 1661 2721; x_wconf 88' lang='lat' dir='ltr'><em>Pa</em></span> <span class='ocrx_word' id='word_1_243' title='bbox 1693 2677 1776 2720; x_wconf 86' lang='lat' dir='ltr'><em>sed</em></span> 
     </span>
     <span class='ocr_line' id='line_1_30' title="bbox 89 2733 1774 2793; baseline 0 -15"><span class='ocrx_word' id='word_1_244' title='bbox 89 2733 117 2789; x_wconf 78' lang='grc' dir='ltr'><em>ἡ</em></span> <span class='ocrx_word' id='word_1_245' title='bbox 148 2734 270 2791; x_wconf 86' lang='grc' dir='ltr'><em>τήθη</em></span> <span class='ocrx_word' id='word_1_246' title='bbox 294 2736 343 2779; x_wconf 89' lang='lat' dir='ltr'><em>in</em></span> <span class='ocrx_word' id='word_1_247' title='bbox 367 2749 500 2793; x_wconf 80' lang='lat' dir='ltr'>marg</span> <span class='ocrx_word' id='word_1_248' title='bbox 620 2741 646 2780; x_wconf 86' lang='lat'>9</span> <span class='ocrx_word' id='word_1_249' title='bbox 679 2737 730 2782; x_wconf 80' lang='grc' dir='ltr'><em>δὲ</em></span> <span class='ocrx_word' id='word_1_250' title='bbox 754 2738 820 2780; x_wconf 77' lang='lat' dir='ltr'><em>Re</em></span> <span class='ocrx_word' id='word_1_251' title='bbox 946 2742 996 2779; x_wconf 93' lang='lat'><em>11</em></span> <span class='ocrx_word' id='word_1_252' title='bbox 1030 2734 1074 2779; x_wconf 86' lang='grc' dir='ltr'><em>τί</em></span> <span class='ocrx_word' id='word_1_253' title='bbox 1099 2737 1346 2792; x_wconf 73' lang='lat' dir='ltr'><strong><em>APIBV!</em></strong></span> <span class='ocrx_word' id='word_1_254' title='bbox 1375 2736 1435 2792; x_wconf 86' lang='grc' dir='ltr'><em>μὴ</em></span> <span class='ocrx_word' id='word_1_255' title='bbox 1461 2733 1506 2780; x_wconf 89' lang='grc' dir='ltr'><em>δ’</em></span> <span class='ocrx_word' id='word_1_256' title='bbox 1531 2733 1598 2780; x_wconf 81' lang='grc' dir='ltr'><em>ὅτι</em></span> <span class='ocrx_word' id='word_1_257' title='bbox 1626 2733 1711 2779; x_wconf 84' lang='grc' dir='ltr'><em>οὖν</em></span> <span class='ocrx_word' id='word_1_258' title='bbox 1728 2737 1774 2779; x_wconf 85' lang='grc' dir='ltr'><strong><em>Α</em></strong></span> 
     </span>
     <span class='ocr_line' id='line_1_31' title="bbox 148 2791 1773 2852; baseline 0 -15"><span class='ocrx_word' id='word_1_259' title='bbox 148 2793 207 2849; x_wconf 80' lang='grc' dir='ltr'><em>μὴ</em></span> <span class='ocrx_word' id='word_1_260' title='bbox 239 2791 284 2837; x_wconf 82' lang='grc' dir='ltr'><em>δ’</em></span> <span class='ocrx_word' id='word_1_261' title='bbox 315 2793 472 2839; x_wconf 86' lang='grc' dir='ltr'><em>ὁτιοῦν</em></span> <span class='ocrx_word' id='word_1_262' title='bbox 503 2795 673 2851; x_wconf 84' lang='lat' dir='ltr'><strong>reliqui</strong></span> <span class='ocrx_word' id='word_1_263' title='bbox 705 2796 813 2839; x_wconf 89' lang='lat' dir='ltr'>libri</span> <span class='ocrx_word' id='word_1_264' title='bbox 838 2796 971 2852; x_wconf 89' lang='lat' dir='ltr'>Bong</span> <span class='ocrx_word' id='word_1_265' title='bbox 1061 2797 1312 2852; x_wconf 87' lang='grc' dir='ltr'><em>μηδοτιοῦν</em></span> <span class='ocrx_word' id='word_1_266' title='bbox 1344 2796 1410 2839; x_wconf 81' lang='lat' dir='ltr'><em>Re</em></span> <span class='ocrx_word' id='word_1_267' title='bbox 1582 2800 1635 2838; x_wconf 90' lang='lat'><em>13</em></span> <span class='ocrx_word' id='word_1_268' title='bbox 1667 2794 1773 2851; x_wconf 78' lang='grc' dir='ltr'><em>ἄμι-</em></span> 
     </span>
    </p>
   </div>
   <div class='ocr_carea' id='block_1_9' title="bbox 77 2853 1774 2969">
    <p class='ocr_par' dir='ltr' id='par_1_10' title="bbox 77 2853 1774 2969">
     <span class='ocr_line' id='line_1_32' title="bbox 77 2853 1774 2912; baseline 0.001 -18"><span class='ocrx_word' id='word_1_269' title='bbox 77 2853 206 2907; x_wconf 34' lang='grc' dir='ltr'><em>,σθος</em></span> <span class='ocrx_word' id='word_1_270' title='bbox 236 2854 309 2897; x_wconf 87' lang='grc' dir='ltr'><em>Ρα</em></span> <span class='ocrx_word' id='word_1_271' title='bbox 475 2858 528 2896; x_wconf 84' lang='grc'><em>15</em></span> <span class='ocrx_word' id='word_1_272' title='bbox 561 2853 614 2898; x_wconf 82' lang='grc' dir='ltr'><em>δέ</em></span> <span class='ocrx_word' id='word_1_273' title='bbox 645 2857 718 2899; x_wconf 89' lang='grc' dir='ltr'><em>Ρα</em></span> <span class='ocrx_word' id='word_1_274' title='bbox 885 2859 939 2897; x_wconf 89' lang='grc'><em>16</em></span> <span class='ocrx_word' id='word_1_275' title='bbox 979 2855 1161 2899; x_wconf 81' lang='grc' dir='ltr'><em>ἀδικεῖν</em></span> <span class='ocrx_word' id='word_1_276' title='bbox 1193 2868 1269 2898; x_wconf 90' lang='lat' dir='ltr'><em>om</em></span> <span class='ocrx_word' id='word_1_277' title='bbox 1293 2855 1327 2898; x_wconf 94' lang='grc' dir='ltr'><em>Ι</em></span> <span class='ocrx_word' id='word_1_278' title='bbox 1345 2854 1477 2912; x_wconf 84' lang='lat' dir='ltr'><strong>Bong</strong></span> <span class='ocrx_word' id='word_1_279' title='bbox 1508 2853 1588 2910; x_wconf 86' lang='lat' dir='ltr'><em>qui</em></span> <span class='ocrx_word' id='word_1_280' title='bbox 1619 2853 1669 2896; x_wconf 91' lang='lat' dir='ltr'><em>id</em></span> <span class='ocrx_word' id='word_1_281' title='bbox 1700 2853 1774 2897; x_wconf 84' lang='lat' dir='ltr'><em>vel</em></span> 
     </span>
     <span class='ocr_line' id='line_1_33' title="bbox 90 2909 1582 2969; baseline 0.003 -18"><span class='ocrx_word' id='word_1_282' title='bbox 90 2909 239 2954; x_wconf 84' lang='lat' dir='ltr'>simile</span> <span class='ocrx_word' id='word_1_283' title='bbox 271 2911 496 2956; x_wconf 82' lang='lat' dir='ltr'><strong>excidisse</strong></span> <span class='ocrx_word' id='word_1_284' title='bbox 529 2913 632 2956; x_wconf 87' lang='lat' dir='ltr'>coni</span> <span class='ocrx_word' id='word_1_285' title='bbox 754 2918 808 2956; x_wconf 83' lang='lat'><em>23</em></span> <span class='ocrx_word' id='word_1_286' title='bbox 841 2913 901 2969; x_wconf 87' lang='grc' dir='ltr'><em>μὴ</em></span> <span class='ocrx_word' id='word_1_287' title='bbox 936 2911 979 2958; x_wconf 86' lang='grc' dir='ltr'><em>δ’</em></span> <span class='ocrx_word' id='word_1_288' title='bbox 1010 2915 1084 2956; x_wconf 91' lang='grc' dir='ltr'><em>ΙΒ</em></span> <span class='ocrx_word' id='word_1_289' title='bbox 1205 2918 1262 2956; x_wconf 80' lang='grc'><em>24</em></span> <span class='ocrx_word' id='word_1_290' title='bbox 1293 2912 1507 2963; x_wconf 81' lang='grc' dir='ltr'><em>διετέλεις</em></span> <span class='ocrx_word' id='word_1_291' title='bbox 1539 2913 1582 2956; x_wconf 90' lang='lat' dir='ltr'><strong><em>V</em></strong></span> 
     </span>
    </p>
   </div>
  </div>
 </body>
</html>
