1992 3094
499 102 727 146 LIBANII
759 102 984 148 ORATIO
1015 103 1096 147 DE
1128 103 1509 150 PATROCINHS
1740 106 1850 159 413

157 245 258 291 τοῦ
311 237 797 307 κατηγορουμένου
850 243 1254 303 καταπαλαίσας
1307 241 1407 293 τὸν
1461 242 1851 310 αἰτιασάμενον

158 325 387 395 ἀπῆλθε.
461 327 543 380 18.
582 330 733 390 τίνος
765 328 832 396 δὴ
858 329 1137 396 <παῦσαι>
1160 328 1389 382 ταυτασὶ
1420 331 1515 392 τὰς
1546 330 1848 399 διαδύσεις;

158 417 309 477 τίνος
361 423 592 484 τηρῆσαι
656 424 770 478 τοῖς
826 415 1201 483 ἐκδεξαμένοις
1256 420 1386 481 τοὺς
1440 418 1668 486 ἀγρούς;
1733 420 1848 487 σόν,

157 506 406 572 βασιλεῦ,
445 505 505 556 τὸ
547 507 726 573 ἔργον.
762 510 767 572 Ι
803 506 951 571 παρὰ
982 513 1085 557 σοῦ
1117 509 1380 575 προσήκει
1418 508 1479 559 τὸ
1518 509 1702 576 δῶρον
1733 520 1936 564 RH513

158 590 362 646 ἐλθεῖν.
441 594 543 645 σὸν
588 593 679 646 καὶ
724 599 932 647 παθεῖν
968 614 1020 646 τι
1059 595 1149 647 καὶ
1199 595 1463 648 ἰάσασθαι
1502 594 1593 648 καὶ
1640 597 1713 664 μὴ
1750 597 1850 649 τὸν
1897 616 1916 649 5

160 684 323 749 ζῆλον
367 680 606 749 ἕρποντα
652 684 934 751 περιιδεῖν.
1011 687 1221 749 μᾶλλον
1268 684 1330 736 δὲ
1376 686 1556 737 πολὺν
1600 682 1702 753 μὲν
1743 686 1849 754 ἤδη

157 777 321 823 τοῦτο
361 781 664 839 περιῶπται
703 773 925 840 χρόνον,
966 773 1050 824 δεῖ
1089 769 1149 825 δὲ
1189 773 1324 826 αὐτό
1363 791 1471 826 που
1510 772 1601 826 καὶ
1641 781 1849 842 στῆναι.

274 858 356 910 19.
412 857 692 929 Ἐρήσεται
737 863 934 913 τοίνυν
980 860 1048 929 μέ
1092 881 1175 923 τις
1219 858 1359 930 ὑπὲρ
1405 871 1518 915 τῶν
1571 872 1848 931 γεωργῶν,

158 949 206 1000 εἰ
244 949 317 1017 μὴ
357 946 565 1012 ἐξέσται
606 951 871 1017 βοηθείας
910 947 1125 1012 ἑαυτοῖς
1155 952 1414 1019 πορίζειν.
1483 952 1577 1013 τὰς
1615 951 1717 1020 μὲν
1747 951 1849 1004 οὐκ

159 1036 386 1099 ἀδίκους
432 1039 606 1105 φαίην
653 1038 745 1103 ἄν,
800 1039 896 1100 τὰς
948 1039 1010 1091 δὲ
1063 1039 1230 1101 κακὰς
1281 1039 1549 1107 οὐδαμῶς.
1624 1040 1848 1107 πρώτην
1874 1061 1915 1092 ιο

157 1122 260 1193 μὲν
297 1127 399 1194 τὴν
438 1126 584 1194 παρὰ
629 1135 741 1179 τῶν
786 1132 963 1191 θεῶν,
1011 1126 1043 1194 ἣ
1092 1125 1290 1195 γένοιτ’
1332 1126 1401 1179 ἂν
1441 1127 1624 1196 εὐχαῖς
1662 1147 1719 1180 τε
1759 1129 1847 1180 καὶ

157 1216 502 1280 θεραπείαις·
555 1216 741 1268 ἔπειτα
794 1216 896 1283 τὴν
943 1214 1014 1267 δι’
1062 1215 1282 1268 ὑδάτων
1336 1217 1694 1284 βλαπτόντων
1747 1217 1848 1284 μὲν

158 1302 602 1372 ἀπωθουμένων,
672 1306 986 1373 μελλόντων
1050 1301 1110 1357 δὲ
1180 1305 1417 1373 ὠφελεῖν
1477 1303 1847 1372 ἐπαγομένων.

156 1389 273 1445 ἔστι
333 1391 425 1445 καὶ
484 1395 616 1455 τοὺς
672 1397 901 1462 κυρίους
952 1403 1064 1446 τῶν
1116 1394 1402 1462 κτημάτων
1454 1393 1594 1460 πρὸς
1646 1393 1849 1456 αὑτοὺς

157 1488 383 1549 ποιῆσαι
444 1483 1037 1550 φιλανθρωποτέρους,
1104 1483 1177 1545 ὡς
1238 1483 1302 1534 τὰ
1362 1479 1464 1548 μὲν
1524 1481 1848 1550 ὀφείλουσιν
1874 1503 1914 1536 15

159 1570 407 1639 ἀφεῖναι,
455 1571 520 1623 τὰ
567 1571 628 1624 δὲ
674 1569 765 1624 καὶ
813 1573 1037 1638 δοῦναι,
1082 1570 1197 1639 ἧντ’
1245 1568 1315 1623 αὖ
1363 1571 1518 1639 δίκης
1562 1589 1671 1623 που
1712 1572 1848 1638 πρὸς

159 1659 432 1728 ἀλλήλους
471 1659 722 1727 δέωνται,
760 1668 962 1713 τοῦτον
1001 1660 1252 1728 εἰσιέναι,
1296 1662 1441 1728 πλὴν
1480 1665 1536 1711 εἴ
1575 1679 1626 1711 τι
1666 1658 1846 1712 δέοιτο

157 1751 418 1816 μείζονος.
510 1749 595 1801 20.
654 1747 660 1820 Ι
717 1750 916 1812 πάσαις
963 1750 1024 1802 δὲ
1070 1747 1409 1815 ἐπικουρίαις
1456 1748 1523 1800 οὐ
1570 1767 1698 1816 χρη-
1731 1728 1935 1806 ΒΠῠῖιι

159 1837 345 1906 στέον,
390 1836 495 1891 κᾶν
541 1834 680 1891 ὦσιν
729 1839 796 1891 οὐ
835 1839 971 1891 κατὰ
1011 1840 1185 1907 νόμον
1230 1836 1334 1890 κᾶν
1379 1839 1584 1890 ποιῶσί
1624 1856 1690 1903 με
1736 1846 1847 1889 τῶν

157 1925 306 1994 ἐμῶν
343 1928 597 1994 &ampon-
646 1926 788 1980 εἰσὶν
825 1928 975 1995 ἡμῖν,
1018 1924 1060 1979 ὦ
1100 1929 1347 1994 βασιλεῦ,
1384 1926 1571 1988 πόλεις
1608 1924 1696 1978 ἐπὶ
1735 1934 1914 1981 τῶνεο

159 2014 331 2083 ὁρίων
374 2025 488 2068 τῶν
533 2016 671 2084 πρὸς
716 2018 846 2078 τοὺς
893 2016 1220 2084 βαρβάρους.
1296 2014 1364 2082 ἢν
1419 2010 1523 2066 οὖν
1567 2011 1709 2082 ἔριδι
1756 2014 1845 2066 καὶ

159 2106 470 2173 φιλονεικίᾳ
509 2105 619 2158 τινὶ
653 2106 812 2167 πόλις
845 2102 1207 2172 ἑλαττουμένη
1239 2106 1448 2165 πόλεως
1479 2102 1677 2171 καλέσῃ
1710 2117 1845 2171 συμ-

158 2193 365 2261 μάχους
409 2194 541 2255 τοὺς
586 2195 837 2261 γείτονας
881 2193 1220 2261 βαρβάρους,
1268 2191 1498 2244 ἀνεκτὸν
1535 2190 1639 2259 (ἢ)
1677 2193 1846 2244 καλόν

278 2327 304 2366 2
336 2324 551 2378 ἀπῆλθεν
582 2325 629 2368 Ρ
657 2324 738 2367 sed
770 2340 797 2366 ν
829 2337 952 2375 eras,
986 2323 1075 2366 edd
1126 2325 1131 2377 Ι
1182 2321 1240 2378 δὴ
1272 2323 1318 2366 Ρ
1346 2321 1427 2365 sed
1458 2338 1486 2377 η
1518 2320 1568 2364 in
1598 2334 1672 2364 ras
1705 2320 1775 2364 m‘

159 2382 210 2427 δὲ
244 2383 306 2426 Μ
328 2384 335 2438 Ι
362 2389 540 2426 παῦσαι
570 2382 759 2435 inserui,
790 2381 1111 2438 ἀποφράττειν
1143 2381 1246 2424 coni
1278 2381 1345 2424 Re
1380 2383 1386 2435 Ι
1414 2380 1652 2431 διαδύσεις
1682 2380 1845 2436 scripsi
1898 2382 1913 2387 ”

160 2443 347 2484 auctore
378 2441 448 2486 Re
480 2441 583 2486 coll.
616 2457 659 2498 p.
687 2446 787 2495 389,
805 2447 882 2494 223
915 2443 948 2483 t.
981 2440 1022 2483 II
1055 2445 1154 2492 250,
1173 2444 1198 2483 8
1290 2439 1524 2489 διαλύσεις
1553 2438 1662 2483 libri
1693 2439 1785 2484 edd

161 2504 186 2543 3
219 2499 542 2556 ἐκδεξαμένοις
572 2501 736 2557 scripsi
768 2500 871 2544 coll.
896 2503 929 2543 t.
954 2500 975 2542 I
1001 2504 1100 2552 374,
1120 2503 1173 2542 16
1206 2501 1394 2543 auctore
1424 2498 1492 2542 Re
1523 2498 1604 2554 qui
1637 2501 1719 2542 aut
1748 2505 1846 2549 τοῖς

159 2558 482 2615 ἐκδεξαμένοις
512 2562 596 2603 aut
625 2561 733 2609 τοὺς
764 2557 1090 2615 ἐκλεξαμένους
1120 2557 1416 2601 scribendum
1441 2557 1545 2601 coni
1607 2556 1843 2613 ἐκλεξαμέ-

66 2660 71 2668 ,
159 2634 260 2668 νοις
282 2617 390 2663 libri
415 2618 505 2662 edd
614 2623 639 2662 9
665 2618 726 2675 μὴ
750 2632 825 2661 om
850 2617 942 2661 Got
1048 2622 1100 2660 11
1134 2624 1225 2660 τῶν
1249 2629 1324 2659 om
1348 2618 1393 2659 B
1505 2620 1559 2659 14
1584 2616 1754 2666 αὐτούς
1781 2616 1843 2659 Re

219 2677 390 2727 αὐτοὺς
418 2677 528 2721 libri
561 2677 652 2722 Got
773 2682 825 2721 15
860 2679 907 2720 et
940 2681 994 2719 16
1025 2692 1082 2719 τα
1107 2677 1181 2731 ΡΙ
1210 2674 1267 2729 ἥν
1299 2676 1345 2719 Ρ
1373 2674 1454 2718 sed
1477 2673 1498 2690 ''
1529 2675 1579 2718 in
1610 2688 1684 2719 ras
1715 2675 1785 2718 m'

162 2739 216 2779 16
249 2733 382 2792 δίκης
403 2737 516 2794 που]
541 2737 726 2790 „malim
750 2738 1000 2781 δικαστοῦ“
1024 2735 1092 2778 Re
1112 2734 1116 2784 ξ
1136 2750 1229 2779 που
1254 2748 1328 2778 om
1353 2733 1444 2777 Got
1566 2738 1617 2777 17
1651 2732 1843 2778 εἰσιέναι

158 2794 326 2850 80τίρεί
357 2794 459 2838 coll.
485 2810 530 2851 p.
549 2799 685 2849 439‚2
749 2790 924 2838 εἰδέναι
955 2793 1063 2837 libri
1094 2793 1183 2837 edd
1319 2797 1372 2836 18
1405 2790 1450 2836 δ’
1481 2793 1546 2836 Re
1669 2797 1722 2836 19
1754 2790 1843 2836 κᾶν

162 2853 222 2908 (2)
255 2853 419 2910 scripsi
481 2854 559 2897 καὶ
591 2853 701 2897 libri
733 2853 823 2897 edd
970 2857 1024 2895 23
1058 2850 1087 2907 ἢ
1118 2852 1293 2896 inserui
1325 2853 1513 2895 auctore
1544 2852 1611 2895 Re
1652 2853 1659 2906 Ι
1700 2850 1843 2895 καλόν

162 2925 237 2954 om
268 2913 303 2955 I
327 2912 409 2955 sed
441 2911 637 2957 ἀνεκτόν
667 2929 711 2956 τι
742 2912 822 2956 καὶ
853 2911 995 2954 καλὸν
1026 2910 1209 2965 ποιήσει
1242 2911 1290 2953 in
1321 2923 1468 2968 marg,
1500 2911 1611 2954 BM
