1992 3094
0 0 101 204 τ
348 95 580 142 LIBANII
613 93 839 140 ORATIO
869 94 936 146 IN
966 94 1362 140 EUSTATHIUM
1393 94 1599 141 GAREM
1712 99 1817 152 351

16 298 19 301 .
235 236 515 286 tricesimus
532 237 772 298 septimus
789 235 959 283 eadem
975 250 1127 283 manu
1144 237 1294 297 atque
1317 237 1593 286 tricesimus
1619 240 1820 300 quintus

19 315 22 318 ⁴
124 313 354 362 exaratus
385 307 652 369 ὑποθέσεις
674 308 976 358 Libanianas
1009 309 1290 358 orationum
1314 309 1819 360 Demosthenicamm.

235 385 504 447 Exemplar
543 400 568 430 e
611 399 710 445 quo
742 383 961 432 Allatius
993 383 1074 431 vel
1106 385 1210 432 eius
1245 384 1558 433 amanuensis
1598 386 1820 434 oratiun—

46 489 51 494 <
125 460 290 509 culam
350 458 612 521 descripsit
672 457 1029 520 repetivitque,
1091 457 1241 505 codex
1301 457 1601 508 Barberinus
1655 461 1751 508 fuit
1764 455 1821 527 ¹).

124 533 348 596 Inspexit
383 548 496 581 mea
535 546 686 580 causa
725 531 989 580 Eduardus
1030 530 1220 579 Scheer.

239 609 322 656 16.
361 605 850 654 Vindobonensis
885 605 1028 667 phil.
1062 621 1140 668 gr.
1166 604 1330 654 XCIH
1354 600 1447 673 (=
1473 600 1542 673 V)
1576 622 1700 656 saec.
1725 608 1821 656 XII

124 683 209 731 fol.
236 682 381 730 245'.
458 679 587 728 Vide
618 681 654 728 t.
680 679 706 727 I
735 696 782 742 p.
812 680 878 726 35
895 694 966 741 sq.
1045 677 1258 727 Contuli.
1302 730 1305 734 ,

240 757 322 804 17.
377 754 723 802 Parisinus
772 753 991 815 Suppl.
1032 770 1103 817 gr.
1139 754 1242 800 656
1292 769 1415 802 saec.
1447 754 1538 802 XV
1581 755 1665 803 fol.
1702 757 1821 804 167.

124 830 252 879 Vide
292 832 327 878 t.
358 829 384 876 I
422 846 469 891 p.
498 829 619 877 234.

235 903 334 952 Hic
371 919 570 966 quoque
603 902 730 949 duae
767 900 1144 964 distinguuntur
1175 901 1397 949 codicum
1427 902 1663 965 familiae,
1705 919 1823 965 qua-

124 995 238 1028 rum
278 978 438 1026 altera
477 976 728 1026 codicibus
761 974 1132 1023 Vindobonensi
1164 978 1214 1023 et
1244 974 1469 1024 Parisino
1504 975 1674 1039 Suppl.
1702 978 1826 1039 656,

125 1051 262 1116 prior
298 1051 504 1114 reliquis
543 1046 838 1099 continetur.

236 1125 633 1174 Necessitudinis
651 1142 655 1149 ·
675 1123 929 1172 vinculum
978 1139 1074 1185 quo
1116 1123 1302 1187 singuli
1346 1124 1535 1172 codices
1576 1126 1826 1173 coniuncti

127 1201 242 1263 sint,
280 1201 375 1249 hoc
411 1199 507 1248 tibi
547 1201 760 1247 stemma
799 1197 1046 1246 ostendet:

90 2899 91 2902 ,
211 2918 236 2957 3
259 2858 302 2913 1)
335 2855 402 2900 Cf.
420 2855 588 2900 Allatii
610 2854 843 2911 Excerpta
866 2851 999 2897 varia
1022 2863 1172 2909 graec.
1193 2848 1344 2906 soph:
1374 2849 1548 2895 Auctor
1573 2845 1725 2889 lectori
1747 2857 1831 2888 suo

90 2930 94 2968 j
138 2927 184 2971 p.
254 2929 321 2971 sq.
