1992 3094
207 76 314 128 228
694 75 924 118 LIBANII
955 73 1179 119 ORATIO
1212 74 1404 118 XXXVI

210 213 426 264 δίκαιόν
489 230 550 278 γε
611 207 681 278 ἦν
743 210 970 275 αὐτούς,
1040 215 1094 262 εἴ
1149 230 1211 278 γε
1275 209 1454 278 λέγειν
1521 210 1896 277 βουλομένους

209 299 442 368 ἐπεῖχον,
489 300 652 352 τοῦτό
698 318 759 366 γε
799 297 1057 351 ἀπειθεῖν
1102 319 1195 366 μοι
1242 299 1331 350 καὶ
1379 305 1682 367 κεχρῆσθαι
1727 307 1896 352 πᾶσιν

210 381 292 449 οἷς
331 386 454 455 περὶ
494 394 749 439 τοιοῦτον
789 385 957 449 ἄξιον.
1034 385 1149 439 ἀλλ’
1191 381 1346 439 οὗτοι
1393 383 1494 455 μὲν
1541 388 1727 450 αὑτοῖς
1773 387 1897 440 ἀκο-

210 480 536 539 λουθοῦσιν,
584 472 625 528 ὦ
665 473 808 542 νέοι,
855 483 1098 527 τοιοῦτοι
1146 475 1519 544 δεικνύμενοι,
1571 475 1710 542 ὑμᾶς
1749 474 1799 528 δ’
1829 476 1898 529 ἄν

166 587 184 617 5
210 585 291 626 τις
330 566 551 626 εἰκότως
590 562 891 616 ἐπαινέσειε
938 563 1026 616 καὶ
1079 572 1174 631 τῆς
1213 563 1379 633 ὀργῆς
1417 563 1488 631 ἣν
1527 562 1615 616 ἐπὶ
1654 574 1770 627 τοῖς
1807 583 1897 616 πε-

210 652 544 720 πραγμένοις
583 651 859 720 ἐσχήκατε,
898 651 987 704 καὶ
1027 660 1126 705 τοῦ
1167 654 1532 721 χαλεπαίνειν,
1573 653 1656 706 ὅτι
1691 654 1763 722 μὴ
1802 654 1899 725 τὸν

212 742 513 809 δεδρακότα
556 746 682 793 ἴστε.
755 742 962 793 δοκεῖτε
1002 741 1106 810 γάρ
1146 761 1238 808 μοι
1278 739 1401 809 μηδ’
1434 740 1503 794 ἂν
1543 743 1898 810 δικαστήριον

212 829 499 896 ἀναμεῖναι
550 830 638 882 καὶ
685 832 888 899 κρίσιν,
943 828 1061 882 ἀλλ’
1093 828 1216 882 ἀντὶ
1271 837 1488 899 γραφῆς
1541 839 1658 892 ταῖς
1713 829 1900 898 χερσὶν

213 918 445 980 ἅπαντες
484 922 808 987 χρήσασθαι.
879 918 928 971 3.
969 918 1071 971 οὐκ
1111 920 1252 987 ἔχων
1291 916 1350 971 δὲ
1391 917 1796 971 ἀποσείσασθαι
1835 921 1900 972 τὰ

147 1030 189 1060 10
215 1008 386 1075 δεσμὰ
431 1007 523 1059 καὶ
569 1007 703 1059 κατὰ
750 1014 913 1060 τοῦτο
970 1006 1178 1060 στένων
1233 1005 1323 1059 καὶ
1370 1007 1432 1059 τὸ
1480 1008 1746 1060 τεθνάναι
1792 1009 1898 1076 πρὸ

211 1104 309 1148 τοῦ
367 1098 461 1164 ζῆν
507 1096 839 1163 ποιούμενος
894 1094 1118 1148 δέδοικα
1165 1095 1342 1149 ε’κεῑνο
1391 1096 1462 1165 μὴ
1509 1106 1621 1149 τῶν
1670 1096 1901 1165 ὕστερόν

212 1204 356 1246 τινες
396 1182 674 1252 ἐσομένων
714 1184 1048 1253 ἀνθρώπων,
1094 1194 1205 1237 τῶν
1251 1184 1352 1253 μὲν
1399 1185 1503 1254 γὰρ
1551 1192 1658 1238 νῦν
1697 1184 1900 1238 οὐδένα

212 1272 354 1340 τάμὰ
400 1272 624 1340 ἀγνοεῖν
670 1272 1068 1341 ὑπολαμβάνω,
1123 1274 1318 1342 γόητας
1368 1272 1458 1326 καὶ
1506 1274 1765 1342 φάρμακα
1811 1272 1899 1326 καὶ

215 1361 606 1430 χαμαιλέοντας
638 1361 932 1423 ἀκούοντες
963 1361 1392 1430 τιμωρουμένων
1424 1360 1551 1414 ἀνθ’
1578 1358 1656 1414 ὧν
1688 1364 1902 1415 ἔπαθον

150 1474 189 1503 ιε,
214 1448 306 1502 ὑπ’
338 1449 470 1516 ἐμοῦ
524 1451 791 1518 νομίσωσι
845 1458 1015 1502 ταῦτα
1070 1449 1386 1518 ἀνθρώπων
1440 1447 1581 1503 εἶναι
1635 1453 1900 1519 παραβαι-

215 1541 426 1591 νόντων
462 1535 564 1605 μὲν
602 1540 824 1606 νόμους,
865 1539 1010 1601 εἰκὸς
1042 1539 1107 1591 δέ
1134 1559 1185 1591 τι
1217 1540 1517 1592 παθόντων
1546 1536 1685 1608 ὑπὲρ
1720 1539 1902 1592 αὑτῶν

217 1626 688 1694 ἀγανακτούντων.
760 1628 844 1679 δεῖ
883 1629 952 1696 δή
990 1647 1056 1696 με
1097 1629 1458 1697 διαλεχθῆναι
1496 1626 1621 1697 περὶ
1661 1626 1899 1694 ἐμαυτοῦ

216 1716 305 1767 καὶ
360 1715 507 1778 ὅστις
561 1714 665 1783 ἐγὼ
721 1716 859 1785 πρὸς
913 1715 1145 1769 ἕκαστον
1205 1726 1315 1769 τῶν
1371 1715 1556 1769 ἐθνῶν
1610 1725 1722 1769 τῶν
1775 1715 1837 1769 ἐν
1892 1714 1896 1784 Ι

128 1816 334 1859 R11309
375 1812 439 1873 τῇ
478 1807 649 1856 πόλει.
714 1803 857 1856 οὕτω
901 1805 1003 1872 γὰρ
1044 1803 1113 1856 ἂν
1152 1806 1388 1872 φανείην
1427 1805 1493 1857 οὐ
1534 1806 1695 1872 δίκην
1734 1805 1902 1857 δεδω-

151 1914 193 1944 20
217 1893 340 1959 κώς,
380 1890 495 1945 ἀλλ’
526 1891 867 1961 ἠδικημένος.

327 1981 376 2032 4.
422 1979 516 2033 Ἐν
554 1982 663 2033 τίσι
703 1982 772 2049 δή
810 2001 876 2049 με
915 1983 1176 2049 προσήκει
1218 1985 1438 2050 ζητῆσαι
1477 1983 1575 2034 τὸν
1613 1989 1776 2034 τοῦτο
1818 1980 1900 2050 ε’ρ-

218 2069 550 2136 γασάμενον;
599 2067 659 2121 ἐν
697 2078 812 2131 τοῖς
851 2072 1076 2132 πολλοῖς
1121 2068 1211 2122 καὶ
1258 2076 1334 2141 τῷ
1383 2072 1534 2141 δήμῳ
1582 2069 1671 2122 καὶ
1713 2063 1796 2132 οἷς
1833 2067 1902 2138 ἦν

219 2156 280 2209 ἐν
333 2167 450 2220 ταῖς
502 2157 690 2226 χερσὶν
740 2158 768 2210 ὁ
815 2160 957 2225 βίος;
1013 2156 1126 2210 ἀλλ’
1161 2158 1304 2211 οὕτω
1359 2178 1421 2226 γε
1467 2160 1900 2228 προσενήνεγμαι

218 2246 457 2312 τούτοις,
506 2246 642 2298 ὥστε
680 2255 795 2308 τοῖς
832 2243 933 2313 μὲν
973 2246 1211 2315 ἀμείνων
1249 2249 1479 2315 πατρός,
1525 2256 1641 2309 τοῖς
1681 2243 1740 2299 δὲ
1780 2248 1900 2298 παί-

341 2395 395 2434 14
429 2391 485 2433 cf.
511 2390 584 2434 t.1
610 2395 707 2445 190,
729 2394 781 2434 18
798 2406 865 2446 sq.

341 2528 362 2565 1
413 2523 453 2566 εἰ
495 2523 574 2566 καὶ
618 2522 762 2567 Cobet
794 2522 906 2567 Coll.
936 2528 1017 2567 132
1110 2524 1150 2568 εἰ
1195 2524 1279 2581 ἐγὼ
1327 2524 1621 2567 scribendum
1668 2524 1850 2567 videtur
1891 2522 1894 2577 Ι

221 2580 512 2638 βουλομένων
536 2582 668 2638 Bong
789 2587 813 2624 2
846 2583 1042 2640 ἀπεῖχον
1067 2585 1100 2627 Ι
1116 2583 1249 2639 Bong
1268 2583 1353 2638 qui
1377 2585 1540 2638 postea
1565 2583 1898 2635 (Animadvers.

222 2655 263 2696 p.
290 2642 393 2696 254)
426 2639 732 2698 βουλομένους
764 2640 947 2698 ἐπεῖχον
980 2655 1005 2685 e
1029 2643 1119 2686 PB
1151 2641 1255 2685 coni
1312 2643 1318 2696 Ι
1376 2643 1430 2685 οὐ
1461 2640 1597 2686 τοῦτό
1626 2658 1674 2697 γε
1700 2641 1803 2685 coni
1833 2639 1900 2682 Ro

281 2703 306 2742 3
339 2699 497 2749 αὐτοῖς
530 2701 573 2742 V
628 2700 797 2750 αὐτοὺς
819 2701 854 2743 Ι
870 2701 1004 2757 Bong
1123 2706 1145 2743 7
1181 2700 1239 2757 μὴ
1270 2698 1317 2745 δ’
1339 2701 1557 2744 APIBV
1674 2705 1728 2743 10
1760 2715 1898 2744 κατα-

221 2764 356 2801 τοῦτο
380 2759 415 2801 Ι
546 2763 597 2800 11
631 2774 680 2814 γε
714 2758 860 2802 ἐκεῖνο
894 2760 939 2802 Β
1077 2764 1130 2802 12
1163 2758 1246 2814 μὲν
1279 2773 1353 2802 om
1388 2760 1431 2803 V
1562 2764 1614 2802 17
1647 2757 1706 2813 δή
1738 2756 1899 2814 scripsi

223 2818 410 2859 auctore
442 2817 508 2860 Re
570 2814 622 2860 δέ
650 2816 760 2859 libri
793 2817 880 2861 edd
1020 2823 1071 2860 21
1107 2820 1180 2861 δεῖ
1204 2819 1241 2862 C
1371 2823 1427 2861 24
1459 2825 1554 2868 τοῖς
1585 2819 1645 2873 (1)
1678 2819 1725 2861 et
1757 2819 1896 2870 2294

223 2876 269 2918 P
297 2875 377 2918 sed
404 2878 422 2888 ”
456 2875 548 2918 add
572 2875 640 2917 m³
667 2878 672 2930 Ι
700 2892 797 2926 τοις
828 2878 889 2931 (2)
922 2878 956 2919 Ι
