1992 3094
229 119 310 161 XX
316 118 504 161 XXVIII
773 114 1111 158 PRAEFATIO
1145 113 1380 158 CRITICA

230 258 503 323 βαπτίζεται
566 251 645 322 (=
699 249 1061 321 submeryitur).
1158 253 1520 315 Improbandae
1581 254 1738 317 igitur
1802 254 1917 300 sunt

230 334 464 380 lectiones
509 328 704 395 ἄρδεται
743 329 804 377 ab
844 328 1195 388 Herwerdeno,
1241 327 1435 376 αἴθεται
1482 344 1512 376 a
1556 327 1765 375 Polakio
1804 342 1915 387 pro-

231 408 435 467 positae
504 404 721 452 Verbum
769 402 1017 467 βαπτίζειν
1066 417 1218 463 quam
1266 402 1681 473 significationem
1718 400 1917 461 habeat,

231 481 284 527 hi
327 480 422 526 tibi
468 478 732 527 ostendunt
777 478 895 524 1001·
942 480 977 525 1.
1010 476 1035 523 Ι
1078 477 1292 538 175,17
1336 472 1374 542 ᾧ
1414 472 1477 523 ἂν
1524 473 1679 533 εὐθὺς
1720 472 1915 538 ἐβαπτί-

233 555 332 611 ζετο
364 553 416 602 τὸ
442 550 579 615 α’στυ,
610 551 835 643 καθάπερ
868 557 991 608 ναῦς
1023 548 1320 599 ἐκλιπόντων
1351 556 1449 597 τῶν
1480 556 1699 609 ναυτῶν,
1734 549 1857 609 449,
1884 550 1913 595 3

234 626 348 675 ὅταν
387 624 713 689 ἐλαυνόμενον
745 623 841 673 ὑπὸ
874 631 970 672 τῶν
1002 623 1234 687 κυμάτων
1263 622 1316 673 τὸ
1342 621 1666 672 κλυδώνιον’
1645 641 1696 671 εν
1722 585 1917 684 ὀφθάλ-

232 705 341 764 μοῖς
395 697 481 763 μὲν
535 707 631 748 τῶν
674 697 780 765 ἄρτι
834 695 1141 763 τερπομένων
1192 698 1398 765 βαπτίζῃ
1453 695 1511 745 τὰ
1565 699 1734 757 πλοῖα;
1789 699 1826 744 t.
1866 696 1918 743 Π

235 777 356 835 299,
383 776 411 822 6
453 773 505 823 τὸ
547 771 598 822 δὲ
638 770 1045 836 ὑπολελειμμένον
1086 769 1250 837 ὀλίγον
1289 769 1349 819 ὃν
1387 770 1686 836 ἐβαπτίζετο;
1736 771 1857 832 362,
1885 772 1914 819 3

232 845 263 911 ’ἡ
318 846 408 914 γὰρ
463 846 540 895 ἐπὶ
601 847 715 915 τῷδε
771 846 900 909 λύπη
961 845 1260 910 βαπτίζουσα
1314 844 1404 908 τὴν
1459 844 1656 909 ψυχήν;
1720 846 1850 907 479,
1885 846 1914 891 9

232 920 478 986 ἀνέσχεν
518 918 646 984 ἡμᾶς
689 919 791 969 τότε
831 917 1238 984 βαπτιζομένους,
1278 922 1312 967 1.
1344 920 1422 967 [H
1455 920 1576 980 338,
1604 921 1670 966 23
1711 924 1807 966 νῦν
1848 915 1918 981 δέ,

234 993 299 1054 ὡς
332 993 486 1061 ὁρᾶτε,
522 992 878 1059 βαπτιζομένου
910 1000 996 1042 τοῦ
1027 993 1308 1059 πράγματος
1339 991 1420 1041 καὶ
1452 992 1650 1041 πάντων
1682 986 1759 1040 ἐπ’
1797 990 1916 1041 αὐτὸ

233 1067 564 1133 κεκινημένων
595 1076 692 1117 τῶν
731 1067 1038 1132 πνευμάτων.
1117 1068 1248 1115 Bene
1282 1071 1448 1115 autem
1487 1067 1694 1115 verbum
1735 1065 1918 1131 αἴρεται

234 1146 494 1205 excipitur,
542 1145 637 1191 etsi
682 1145 846 1206 imago
897 1143 1091 1190 diversa
1140 1146 1229 1203 est,
1275 1142 1425 1189 verbo
1474 1139 1784 1204 καθέλκεται,
1840 1142 1919 1187 0111

237 1219 523 1279 oppositum
563 1220 635 1265 631
675 1216 1012 1282 μετεωρίζεται.

343 1308 389 1352 p.
426 1292 545 1350 248,
574 1294 638 1338 13
681 1290 980 1338 καταστάντα
1020 1289 1089 1348 εἰς
1127 1289 1313 1354 αἵρεσιν
1352 1289 1531 1354 χωρίου
1584 1288 1700 1352 μήτε
1746 1287 1920 1351 κήπων

236 1363 352 1427 μήτε
393 1364 561 1412 οἰκιῶν
594 1363 711 1428 μήτε
744 1363 909 1412 αὐλῶν
942 1363 1058 1427 μήτε
1090 1371 1187 1412 τῶν
1213 1357 1295 1411 «ἐπ’
1336 1363 1573 1429 αἰγιαλοῖς
1604 1360 1769 1428 ἀγρῶν
1802 1361 1919 1425 μήτε

237 1445 322 1501 τῆς
360 1436 455 1487 ἀπὸ
496 1445 592 1486 τῶν
631 1435 790 1486 ἄλλων
830 1436 986 1487 ὄντων
1025 1436 1118 1486 οὐκ
1157 1434 1334 1503 ὀλίγων
1366 1436 1674 1500 ἐπιθυμῆσαι
1712 1442 1918 1501 τρυφῆς.

235 1512 403 1560 Etiam
435 1514 479 1559 si
516 1511 753 1560 Libanius
792 1529 891 1560 non
931 1511 1087 1571 οἰκίας
1127 1514 1176 1559 61
1207 1509 1360 1569 αὐλάς
1392 1527 1536 1573 saepe
1570 1512 1919 1570 coniunxisset,

235 1601 378 1634 sensu
425 1586 764 1633 excluderetur
812 1584 968 1649 ὑλῶν,
1020 1586 1151 1648 quod
1197 1585 1410 1649 Kingius
1460 1587 1584 1633 teste
1632 1584 1783 1632 Asmo
1829 1599 1918 1646 pro

234 1658 398 1707 αὐλῶν
436 1662 706 1720 proposuit.

346 1749 392 1794 p.
428 1735 548 1793 249,
577 1736 643 1781 10
683 1741 769 1797 τῆς
809 1731 896 1797 μὲν
944 1726 1035 1781 οὖν
1081 1731 1353 1800 πρᾳότητος
1399 1732 1608 1792 ἅπαντες
1655 1730 1918 1794 ἀπέλαυον,

236 1813 321 1853 τοῦ
361 1805 675 1855 πιστεύεσθαι
713 1804 765 1855 δὲ
805 1807 856 1855 οἱ
891 1805 1140 1871 βέλτιστοι,
1178 1804 1272 1855 κάν
1304 1806 1494 1865 τούτοις
1529 1805 1698 1864 αὐτοῖς
1729 1812 1919 1869 πρῶτος

238 1872 301 1942 ἦν
342 1876 367 1927 6
406 1875 520 1945 παρ’
564 1877 721 1943 ἡμῶν,
761 1878 787 1930 6
829 1880 978 1944 μόνος
1024 1879 1077 1930 ἐν
1116 1878 1402 1945 ἀνθρώποις
1449 1877 1711 1944 ἄμεμπτος,
1761 1877 1786 1928 6
1834 1878 1919 1929 τὸν

238 1960 409 2015 μῶμον
447 1951 589 2022 ἀρετῇ
623 1954 903 2018 νενικηκώς.
967 1955 1148 2002 Parum
1179 1957 1310 2003 recte
1343 1955 1523 2003 Asmus
1556 1955 1706 2002 verba
1740 1950 1764 2001 6
1796 1946 1914 2018 παρ’

238 2022 378 2089 ἡμῶν
418 2043 544 2088 quae
585 2031 699 2075 sunt
736 2030 932 2091 integra
962 2029 1014 2076 in
1055 2025 1079 2076 6
1119 2025 1419 2094 καθηγεμὼν
1458 2028 1698 2075 mutanda
1730 2029 1920 2074 censuit

239 2100 298 2146 de
345 2101 559 2148 Maximo
611 2104 845 2165 cogitans.
923 2104 1053 2150 Nam
1103 2118 1202 2150 non
1251 2102 1483 2163 Athenis,
1537 2103 1622 2150 sed
1675 2102 1727 2149 in
1777 2101 1919 2149 Ionia

238 2174 459 2222 Iulianus
506 2175 773 2222 Maximum
821 2177 1072 2239 cognovit,
1120 2179 1177 2223 1113
1224 2192 1333 2223 cum
1380 2176 1607 2238 Eunapio
1654 2175 1702 2237 p.
1737 2177 1800 2222 51
1845 2175 1918 2222 ed.
1967 2232 1977 2243 ⁹

239 2247 395 2295 Boiss.
443 2248 622 2296 diserte
669 2251 885 2297 testatur
929 2250 1170 2298 Libanius
1218 2266 1285 2298 or.
1318 2250 1442 2297 XIII
1479 2267 1526 2312 p.
1563 2251 1647 2310 67,
1682 2250 1711 2296 3
1761 2245 1827 2306 ὡς
1866 2244 1918 2296 δὲ

238 2312 353 2382 ἧκες
398 2320 466 2378 εἰς
507 2315 696 2369 Ἰωνίαν
747 2321 827 2370 καὶ
873 2317 995 2382 εἶδες
1041 2320 1198 2387 ἄνδρα
1243 2321 1325 2371 καὶ
1380 2323 1622 2372 δοκοῦντα
1673 2320 1754 2371 καὶ
1802 2319 1918 2370 ὄντα

240 2393 399 2455 σοφὸν
439 2392 518 2441 καὶ
558 2393 665 2458 περὶ
703 2403 799 2444 τῶν
838 2396 890 2446 τὸ
930 2404 1029 2444 πᾶν
1069 2396 1129 2460 δὴ
1170 2404 1311 2445 τοῦτο
1352 2395 1718 2460 τεκτηναμένων
1757 2413 1805 2444 τε
1836 2393 1918 2443 καὶ

241 2466 603 2530 διατηρούντων
641 2466 871 2531 ἤκουσας.
947 2470 1193 2518 Iudicium
1246 2487 1361 2519 vero
1410 2471 1541 2533 quod
1592 2471 1650 2517 de
1701 2469 1917 2517 moribus

240 2541 334 2587 viri
386 2541 482 2588 fert
531 2543 704 2597 melius
755 2542 895 2591 Celso
947 2560 1094 2605 quem
1143 2560 1242 2591 una
1293 2561 1403 2591 cum
1456 2545 1652 2592 Iuliano
1707 2543 1917 2590 Athenis

239 2614 388 2661 fuisse
414 2615 704 2663 Ammianus
727 2616 869 2663 ΧΧΠ
887 2619 933 2677 9,
955 2620 1018 2665 13
1045 2619 1254 2666 tradidit
1280 2612 1361 2683 (cf.
1387 2622 1422 2666 t.
1439 2619 1516 2665 ΙΠ
1533 2618 1732 2678 456,21
1747 2632 1817 2677 sq.
1834 2609 1918 2681 R),

241 2703 388 2747 quam
428 2688 641 2735 Maximo
683 2692 939 2737 convenire
979 2691 1173 2738 videtur
1213 2687 1270 2758 (t.
1295 2692 1347 2739 H
1381 2684 1599 2757 99,10).

355 2777 400 2822 p.
429 2762 549 2822 254,
578 2765 602 2808 1
647 2759 890 2824 στέφανόν
929 2782 1036 2811 τινα
1075 2764 1292 2828 κλάδων,
1331 2764 1542 2823 πολλοὺς
1581 2761 1632 2812 δὲ
1671 2762 1725 2811 ἐκ
1763 2765 1918 2811 καλω-

243 2831 363 2880 δίων
408 2832 676 2897 τεταμένων
721 2834 789 2893 εἰς
836 2836 1004 2894 κίονας
1051 2836 1102 2885 ἐκ
1149 2838 1322 2902 τοίχων
1368 2837 1628 2908 ἐξαρτῶσιν
1675 2836 1727 2885 οἱ
1770 2836 1918 2900 δῆμοι

241 2906 531 2971 μετεώρους,
578 2907 762 2956 τούτων
807 2903 876 2968 εἷς
913 2917 1010 2957 τῶν
1049 2910 1328 2975 στεφάνων,
1367 2909 1405 2978 ᾡ
1437 2910 1797 2973 καλλωπίζομεν
1834 2907 1919 2967 τὰς
