1992 3094
402 126 632 170 LIBANII
664 125 884 170 ORATIO
919 125 1163 171 CONTRA
1193 127 1555 172 TISAMENUM
1721 130 1823 182 169

139 263 372 333 ὁρῶντες
416 259 424 333 Ι
470 262 532 315 δὲ
571 260 741 315 αὐτὸν
778 268 853 334 τῷ
887 265 1018 334 σίτῳ
1058 264 1233 330 μόνον
1270 267 1672 333 προσκείμενον
1709 277 1911 322 RII243

135 354 304 406 τᾶλλα
335 349 510 405 ἐῶντα
540 353 771 420 χαίρειν,
811 351 954 404 οὕτω
994 355 1371 421 μεγαλήτωρ
1412 349 1482 422 ἦν
1519 354 1655 406 κατὰ
1693 355 1824 416 τοὺς

135 426 362 509 ποιητὰς
394 440 586 506 εἰπεῖν,
627 439 929 506 ἀναβάντες
961 439 1047 493 ε’πὶ
1079 442 1208 503 τοὺς
1240 441 1444 503 ἵππους
1484 440 1632 510 δεῦρ’
1664 443 1824 510 ἥκον-

135 523 224 592 τες
268 536 519 597 συνῆσαν
565 527 824 597 ἀλλήλοις
874 529 941 581 οὐ
988 533 1297 596 πείσαντες,
1346 523 1438 582 εἶτ’
1472 529 1824 597 ἀπελθόντες,

137 613 273 671 ἀλλά
314 625 440 687 σιγῇ
486 625 651 670 τοῦτο
701 618 1002 686 δράσαντες
1049 614 1110 671 εὖ
1159 619 1386 686 εἰδότες,
1443 619 1513 682 ὡς
1564 617 1825 672 ἐδίδοσαν
1871 641 1891 671 5

137 706 312 777 χάριν.
388 704 608 759 τοσοῦτ’
640 705 868 775 ἀπεῖχον
905 714 1005 759 τοῦ
1045 726 1097 759 τι
1137 707 1327 760 δεινὸν
1366 706 1631 760 ἐντεῦθεν
1670 711 1825 776 γενή-

136 801 335 850 σεσθαι
385 797 643 862 νομίζειν.
722 795 768 847 8.
826 795 854 848 ὁ
903 794 952 848 δ’
984 791 1054 863 ἦν
1101 796 1267 859 αὐτὸς
1302 794 1468 865 ,δεῦρ’
1502 796 1824 865 ἀφιγμένος·

137 885 287 953 φυγὴ
327 884 429 951 μὲν
467 883 572 937 ἀπὸ
605 893 717 937 τῶν
749 885 939 952 δικῶν,
974 882 981 955 Ι
1016 883 1078 937 ἐν
1117 885 1247 955 εὐχῇ
1281 885 1342 938 δὲ
1373 886 1428 937 αἱ
1460 887 1676 953 κλήσεις
1708 897 1809 941 RII
1827 903 1913 942 244

137 971 200 1036 ἃς
237 976 390 1026 καλεῖ
427 969 529 1040 μὲν
570 974 934 1042 ἱππόδρομος,
980 977 1135 1026 καλεῖ
1174 970 1235 1026 δὲ
1274 973 1507 1043 θέατρα,
1555 972 1617 1036 ἃς
1656 973 1684 1026 ὁ
1724 971 1826 1042 μὲν

136 1060 491 1131 ἐπιστάμενος
538 1062 778 1135 δικάζειν
825 1063 1018 1130 ζημίαν
1057 1081 1114 1114 τε
1152 1062 1363 1130 ἡγεῖται
1401 1060 1492 1114 καὶ
1539 1063 1824 1131 δυσχεραί-
1851 1083 1892 1116 10

137 1169 237 1218 νει,
299 1152 352 1204 οἱ
408 1150 469 1204 δὲ
521 1151 700 1223 τούτῳ
762 1153 1089 1222 προσόμοιοι
1152 1150 1404 1220 δέχονται
1465 1149 1592 1220 μεθ’
1623 1151 1826 1219 ἡδονῆς

136 1242 346 1308 μᾶλλον
385 1238 418 1308 ἢ
464 1248 577 1293 τῶν
615 1241 832 1293 παίδων
877 1241 930 1293 οἱ
981 1241 1047 1293 τὰ
1096 1240 1383 1310 γράμματα
1431 1240 1825 1307 μανθάνοντες.

135 1337 287 1397 τηρεῖ
333 1325 394 1381 δὲ
441 1325 572 1382 οὐδὲ
619 1327 680 1382 ἐν
726 1329 944 1391 τούτοις
991 1329 1019 1382 ὁ
1069 1330 1367 1398 Τισαμενὸς
1420 1330 1481 1381 τὸ
1528 1337 1825 1398 προσῆκον,

137 1415 255 1469 ἀλλ’
286 1415 347 1471 ἐν
395 1424 470 1490 τῷ
519 1418 753 1485 μάλιστα
806 1412 1113 1486 βούλεσθαι
1159 1425 1331 1470 ταῦτα
1380 1416 1585 1470 εἰδέναι
1641 1418 1827 1469 δοκεῖν

138 1504 338 1574 ἀηδίαν
388 1506 473 1559 ὅτι
523 1509 788 1576 πλείστην
834 1505 1109 1574 ἐπεισάγει
1163 1514 1278 1569 τοῖς
1323 1506 1673 1575 γιγνομένοις
1719 1513 1825 1557 νῦν
1850 1525 1891 1559 1⁶

137 1594 238 1663 μὲν
290 1605 401 1648 τῶν
457 1593 745 1648 δοθέντων
799 1593 870 1649 ἂν
924 1596 1147 1658 δικαίως
1210 1594 1544 1664 ἀποστερῶν,
1605 1601 1713 1647 νῦν
1766 1594 1826 1647 δὲ

137 1686 340 1753 πλήθει
379 1689 608 1753 πληγῶν
645 1694 758 1738 τῶν
795 1685 931 1738 κατά
970 1692 1185 1753 γυμνοῦ
1222 1691 1321 1736 τοῦ
1363 1684 1622 1752 σώματος.
1685 1684 1738 1735 οἱ
1771 1681 1817 1734 δ’

139 1771 528 1840 ἐπαινούμενοι
560 1782 673 1827 τῶν
705 1773 992 1844 ἀρχόντων
1021 1775 1287 1842 παρόντες
1319 1772 1557 1825 ἀποῦσιν
1589 1770 1828 1843 ἐῴκεσαν

138 1861 240 1929 τὴν
277 1861 379 1930 μὲν
417 1864 704 1930 βασιλείαν
749 1871 813 1932 τῇ
860 1863 1140 1934 παρουσίᾳ
1185 1871 1472 1929 τιμῶντες,
1526 1860 1727 1923 αὑτοὺς
1766 1856 1826 1912 δὲ

139 1956 212 2022 τῷ
246 1951 318 2019 μὴ
358 1954 425 2003 τὰ
462 1959 691 2005 τοιαῦτα
730 1951 993 2015 ἐξετάζειν
1033 1950 1283 2020 ἀκριβῶς.
1851 1970 1893 2001 20

250 2039 298 2091 9.
365 2038 500 2093 Ἀλλ’
532 2039 706 2094 ἐκεῖσε
756 2039 1024 2107 ἐπάνειμι,
1080 2039 1164 2092 ὅτι
1217 2039 1442 2108 μεγίστη
1487 2047 1604 2100 ταῖς
1651 2038 1826 2100 δίκαις

261 2235 283 2273 1
332 2230 477 2287 μόνον
515 2230 702 2287 reposui
743 2244 798 2273 ex
828 2230 994 2274 APIB
1007 2230 1074 2273 Va
1165 2226 1291 2286 μόνῳ
1331 2227 1499 2283 reliqui
1530 2226 1637 2270 libri
1677 2227 1767 2270 edd

143 2292 168 2331 2
201 2291 340 2333 τᾶλλα
364 2292 409 2334 Α
437 2303 442 2332 ι
472 2288 522 2335 δὲ
557 2290 702 2334 ἐῶντα
738 2290 781 2333 V
896 2295 921 2331 3
954 2287 1214 2346 ἀναβάντες
1238 2313 1290 2319 ——
1316 2285 1505 2343 ἥκοντες
1535 2300 1609 2330 0111
1637 2287 1703 2330 Va
1727 2285 1828 2328 Mor

200 2352 227 2391 4
259 2354 465 2405 συνῆσαν
496 2349 569 2393 bis
600 2350 636 2392 I
720 2346 981 2407 συνῄδεσαν
1014 2348 1118 2391 coni
1149 2347 1216 2390 Re
1249 2348 1299 2389 at
1330 2346 1385 2389 cf.
1420 2348 1451 2388 t.
1478 2344 1518 2388 Π
1551 2349 1651 2399 295,
1672 2350 1724 2387 1⁶2
1744 2344 1783 2386 R
1819 2358 1821 2395 Α
1900 2370 1906 2374 «

144 2402 227 2450 εἴτ’
250 2407 495 2466 <ἔλαθον>
520 2407 808 2459 ἀπελθόντες
831 2407 898 2450 Re
923 2406 1062 2449 Anim
1212 2410 1237 2448 6
1269 2402 1456 2449 τοσαῦτ’
1482 2405 1520 2449 0
1542 2404 1548 2462 Ι
1575 2401 1619 2447 τί
1643 2403 1834 2447 APBV

204 2470 227 2508 7
261 2465 285 2511 ὃ
310 2468 356 2510 Α
418 2465 443 2511 ὅ
468 2469 514 2512 Ρ
542 2468 624 2511 sed
655 2468 705 2510 in
730 2467 791 2516 ὡς
822 2480 923 2510 eon·
945 2466 1027 2519 m4,
1053 2465 1134 2509 IV
1189 2464 1250 2514 ὡς
1277 2465 1403 2508 BVa
1427 2463 1528 2506 Mor
1554 2464 1560 2521 Ι
1588 2466 1725 2517 δεῦρο
1759 2462 1827 2506 Va

144 2524 235 2568 edd
354 2529 380 2569 8
413 2531 561 2583 φυγῆι
584 2529 630 2571 A
691 2532 817 2583 φυγῆ
845 2525 1078 2569 CPIBVa
1140 2530 1265 2580 φυγῇ
1289 2523 1391 2566 Μο1·
1421 2523 1545 2578 quod
1578 2536 1678 2565 corr
1701 2521 1767 2564 Re

145 2587 170 2626 9
202 2582 232 2627 ἃ
257 2585 319 2641 (2)
353 2585 457 2628 coni
481 2585 583 2629 Mor
705 2590 756 2628 11
785 2590 918 2628 τοῦτο
947 2585 1014 2627 Va
1041 2586 1046 2638 Ι
1073 2581 1346 2639 προςόμοιοι
1370 2581 1471 2624 Μοι·
1501 2581 1581 2624 sed
1614 2597 1667 2637 γρ
1684 2577 1826 2634 προό·

144 2657 267 2697 μοιοι
297 2644 347 2686 111
370 2659 503 2701 marg
666 2649 719 2687 12
753 2642 996 2699 γράμματα
1029 2642 1130 2685 Μο1·
1160 2642 1241 2685 sed
1273 2658 1328 2698 γρ
1352 2640 1592 2697 τραύματα
1622 2639 1670 2682 111
1695 2651 1828 2695 marg

206 2706 259 2745 13
300 2701 323 2746 ὁ
356 2703 610 2747 secundum
642 2705 933 2747 constantem
965 2702 1013 2745 in
1045 2701 1133 2744 hae
1166 2700 1373 2744 oratione
1411 2713 1546 2742 usum
1578 2697 1825 2741 delendum

144 2759 327 2805 videtur
459 2766 513 2805 15
546 2760 810 2819 γινομένοις
842 2762 931 2806 CV
1069 2765 1122 2803 16
1156 2756 1349 2808 δικαίως
1379 2756 1439 2802 ἂν
1471 2756 1711 2802 δοθέντων
1745 2756 1786 2798 V
1817 2759 1821 2814 ξ

145 2817 440 2876 ἀποστερρῶν
468 2821 507 2866 0
654 2826 707 2864 17
741 2819 859 2864 κατὰ
891 2846 947 2852 -
985 2823 1037 2862 18
1069 2825 1160 2862 τῶν
1194 2831 1268 2861 om
1293 2817 1395 2861 Mor
1436 2827 1440 2853 Ι
1483 2818 1590 2873 post
1619 2816 1828 2872 σώματος

143 2878 443 2936 participium
490 2879 627 2935 quale
673 2876 947 2923 ἀποκναίων
994 2877 1220 2921 excidisse
1267 2876 1369 2920 coni
1412 2876 1479 2918 Re
1537 2877 1542 2930 1
1601 2874 1651 2919 δὲ
1694 2874 1759 2916 Re

149 2939 202 2978 19
233 2937 534 2994 ἀτιμάζοντες,
560 2939 663 2982 coni
688 2938 791 2985 Mor
817 2940 831 2994 l*
852 2937 1022 2987 αὐτοὺς
1046 2938 1079 2979 Ι
