1992 3094
198 93 306 146 216
698 92 927 136 LIBANII
960 92 1186 137 ORATIO
1219 93 1388 137 XXXV

188 249 244 282 τε
286 230 428 296 ὑμᾶς
468 227 606 298 παρ’
629 223 708 280 ὧν
747 224 817 295 ἦν
855 248 908 281 τι
946 233 1151 295 μαθεῖν
1190 227 1284 281 καὶ
1324 228 1635 297 ἀνηλώκασι
1674 229 1740 282 τὰ
1772 231 1893 282 είω..

190 320 331 372 θότα
370 319 557 385 βιβλία
602 337 659 370 τε
707 317 1013 384 ὠνούμενοι
1060 317 1149 369 καὶ
1198 318 1408 386 μισθὸν
1454 321 1765 387 τελοῦντες,
1822 320 1889 372 οὐ

191 409 385 461 τοίνυν
440 405 570 459 οὐδ’
600 406 733 474 ἡμῖν
789 405 870 475 [ἢ]
927 406 1000 468 ὡς
1054 406 1156 459 οὐκ
1211 404 1607 473 ἐπισταμένοις.
1683 427 1891 477 μαρτυ-

193 503 354 563 ροῦσι
410 491 470 547 δὲ
524 495 702 566 τούτῳ
757 501 832 565 τῷ
880 496 1026 566 λόγῳ
1073 495 1271 548 πολλαὶ
1325 498 1511 557 πόλεις
1551 494 1612 549 ἐν
1664 499 1893 560 πολλοῖς

147 605 166 638 5
193 587 437 651 ἔθνεσιν,
486 582 546 636 ἐν
586 576 672 646 αἶς
715 583 768 636 οἱ
817 582 955 652 παρ’
985 580 1077 652 ἐμὲ
1124 586 1515 652 πεφοιτηκότες
1567 586 1794 653 ἔχουσιν
1832 583 1892 638 ἐκ

190 681 290 725 τοῦ
346 671 529 740 λέγειν
583 673 644 725 τὸ
699 681 934 741 κρατεῖν.
1012 673 1102 724 καὶ
1160 673 1206 724 εἰ
1261 674 1334 741 μὴ
1388 680 1601 741 μακροῦ
1648 692 1706 726 τε
1753 674 1893 742 πρὸς

191 769 355 814 τοῦτο
405 762 515 814 ἔδει
565 763 734 829 λόγου
782 761 870 813 καὶ
921 762 1030 827 ἅμα
1076 757 1146 829 ἦν
1193 759 1453 830 ἐπαχθές,
1503 760 1759 825 κατέλεξα
1807 763 1892 815 ἄν.

198 850 279 903 13.
335 851 549 903 τούτων
603 854 797 903 τοίνυν
837 849 907 920 Ιέν
961 846 1063 919 μὲν
1109 859 1223 912 τοῖς
1273 851 1676 913 διδασκαλείοις
1722 847 1894 904 οὐδὲν

196 938 455 1007 ἐγένεσθε
488 942 723 1008 χείρους,
764 940 825 990 αἴ
856 959 914 991 τε
946 940 1050 1009 γὰρ
1084 940 1279 1008 φύσεις
1309 938 1445 1008 ὑμῖν
1478 931 1590 991 οἷαι
1625 938 1893 1002 δέξασθαι

128 1050 170 1081 10
195 1029 331 1096 <τὰ>
364 1035 459 1096 τῆς
498 1027 689 1096 τέχνης
727 1030 903 1080 πόνου
943 1047 1000 1080 τε
1040 1027 1141 1080 οὐκ
1179 1028 1371 1096 ὀλίγον
1401 1048 1454 1080 τι
1493 1035 1727 1097 προσῆν,
1768 1027 1796 1081 ὁ
1831 1027 1893 1080 δ’

193 1115 281 1169 ἐπὶ
321 1117 498 1188 τούτῳ
539 1118 738 1186 χρόνος
777 1116 877 1185 οὐχ
918 1117 1131 1184 ὅμοιος,
1182 1115 1311 1169 ἀλλ’
1336 1115 1567 1179 ἐκείνοις
1613 1116 1715 1185 μὲν
1755 1115 1890 1187 ἐφυ-

194 1207 372 1274 λάχθη
414 1206 475 1258 τὸ
516 1203 739 1274 κτηθέν,
786 1205 921 1274 ὑμῖν
961 1202 1022 1258 δὲ
1063 1206 1303 1275 διερρύη.
1382 1206 1443 1258 τὸ
1492 1202 1552 1258 δὲ
1593 1210 1790 1273 αἴτιον,
1838 1205 1895 1258 οἱ

192 1291 293 1360 μὲν
326 1295 590 1347 ἅπτονται
624 1294 1085 1363 συγγραμμάτων,
1125 1295 1280 1361 ὑμεῖς
1313 1291 1373 1347 δὲ
1406 1292 1648 1363 ἑρπετῶν
1679 1297 1893 1363 μᾶλλον

194 1382 264 1436 ἂν
305 1381 337 1450 ἢ
378 1383 611 1450 τούτων,
660 1383 750 1436 καὶ
793 1384 845 1436 οἱ
892 1380 994 1452 μὲν
1035 1384 1135 1436 οὐκ
1176 1381 1504 1452 ἐποιήσαντο
1552 1383 1658 1451 πρὸ
1708 1383 1892 1436 αὐτῶν

106 1483 313 1527 RII290
357 1473 453 1534 τὰς
491 1481 603 1525 τῶν
642 1473 825 1525 ἵππων
860 1470 865 1543 Ι
902 1472 1148 1541 ἁμίλλας,
1188 1473 1322 1539 ὑμῖν
1363 1469 1423 1525 δὲ
1462 1480 1563 1524 τοῦ
1603 1473 1731 1540 βίου
1769 1470 1891 1540 κε’ρ-

131 1582 173 1613 16
199 1561 294 1622 δος
335 1556 524 1629 αὗται,
571 1561 660 1613 καὶ
698 1561 923 1613 πάντων
962 1561 1327 1630 ἀμελήσαντες
1373 1570 1483 1614 τῶν
1523 1562 1706 1613 ἄλλων
1746 1560 1894 1622 ὅπως

194 1647 223 1701 ὁ
265 1649 420 1703 δεῖνα
471 1658 571 1702 τοῦ
620 1651 802 1712 δεῖνος
848 1649 1068 1719 ἡνίοχος
1122 1650 1400 1719 περιέσται
1458 1658 1723 1702 σκοπεῖτε.
1800 1647 1891 1701 καὶ

195 1736 223 1789 ὁ
264 1745 427 1790 τοῦτο
469 1736 939 1808 ἐπαγγελλόμενος
979 1741 1110 1807 γόης
1149 1749 1260 1792 τῶν
1292 1744 1444 1792 θεῶν
1484 1738 1668 1790 αὐτῶν
1706 1739 1891 1806 τιμιώ-

195 1845 351 1894 τερος
405 1827 493 1879 καὶ
534 1836 645 1880 τῶν
692 1847 750 1895 γε
798 1833 1018 1880 θεατῶν
1068 1829 1122 1880 οἱ
1176 1830 1275 1882 τὸν
1331 1828 1674 1896 ἱππόδρομον
1723 1845 1890 1896 γεωρ-

132 1936 176 1967 20
200 1922 451 1982 γοῦντες,
514 1908 597 1978 οἷς
651 1914 916 1969 ἐντεῦθεν
967 1915 1254 1986 ἀργύριον,
1316 1917 1492 1968 εἰπεῖν
1544 1913 1607 1968 τέ
1663 1935 1715 1967 τι
1776 1922 1893 1976 τοῖς

317 2095 341 2133 2
387 2091 449 2134 οὐ
483 2087 680 2134 τοίνυν
721 2088 842 2134 ουδ’
870 2090 1002 2147 ἡμῖν
1043 2088 1182 2149 ἔχοιτ’
1213 2108 1272 2135 αν
1305 2089 1547 2147 ἐγκαλέσαι
1580 2090 1673 2134 ἀπὸ
1707 2097 1887 2134 κοινοῦ

194 2148 246 2193 τὸ
280 2148 330 2192 δὲ
371 2166 398 2205 η
439 2150 507 2199 ὡς
546 2150 645 2193 οὐκ
692 2149 1093 2206 ἐπισταμένοις
1138 2153 1263 2206 ζητεῖ
1299 2150 1379 2193 καὶ
1419 2148 1575 2205 ετερον
1617 2146 1738 2206 ρῆμα
1776 2147 1890 2206 μετὰ

200 2215 282 2251 τοῦ
316 2210 636 2260 διαζευκτικοῦ
668 2207 698 2263 ἥ
738 2208 805 2253 V²
973 2214 1024 2252 11
1067 2208 1169 2264 ἤτοι
1202 2208 1225 2252 ὁ
1259 2208 1370 2265 μετὰ
1401 2216 1552 2252 τοῦτο.
1594 2208 1674 2251 καὶ
1703 2214 1758 2265 τῇ
1792 2207 1890 2252 ἐπι

196 2265 555 2324 κεκαθαρμένην
589 2267 654 2312 ἔτι
687 2267 830 2320 ἔδειξε
860 2267 946 2324 τὴν
977 2271 1181 2326 γλῶτταν
1215 2268 1290 2324 (cf.
1308 2283 1352 2324 p.
1370 2272 1454 2311 219
1459 2270 1525 2324 ,6)
1560 2267 1626 2312 V²
1658 2266 1714 2311 cf.
1742 2280 1812 2323 ep.
1833 2271 1889 2309 29

317 2427 341 2464 3
375 2422 484 2478 ὑμῖν
516 2423 695 2466 ΜοΙΜ
719 2420 767 2477 Ι
752 2421 824 2478 ἠ,
829 2424 1004 2480 prodit
1034 2424 1225 2467 alterum
1259 2424 1501 2467 membrum
1532 2419 1560 2477 ἢ
1592 2419 1890 2482 ραθυμοῦσιν

197 2481 370 2525 deesse“
403 2481 471 2524 Re
556 2481 814 2524 cancellavi
843 2484 898 2525 ut
929 2483 1082 2526 ortum
1114 2495 1170 2524 ex
1201 2499 1229 2538 η
1260 2480 1412 2525 vocali
1444 2494 1586 2537 supra
1617 2498 1646 2524 v
1677 2480 1726 2523 in
1759 2482 1889 2523 ante-

199 2540 383 2583 cedenti
415 2553 525 2584 voce
557 2541 666 2596 ὑμῖν
698 2540 786 2583 sori
822 2542 872 2583 ta
994 2547 1019 2584 6
1051 2540 1122 2598 τὸ]
1156 2547 1238 2584 τοῦ
1273 2542 1357 2584 Mo
1481 2546 1534 2582 10
1566 2538 1623 2583 τὰ
1655 2539 1829 2582 inserui

200 2613 338 2653 ‚num
369 2597 600 2651 δέξασθαι
630 2598 714 2655 τὴν
745 2615 770 2642 τ
794 2604 941 2673 χνηνῗ
973 2605 1057 2643 aut
1084 2600 1205 2644 alias
1235 2600 1277 2642 si
1305 2600 1532 2656 yenitivus
1554 2613 1625 2643 seq
1626 2603 1774 2652 vatur
1807 2598 1886 2654 leq.

199 2633 284 2700 'e'rit
311 2657 611 2738 δράξασθαι“
644 2658 712 2701 Re
751 2660 757 2714 Ι
795 2656 840 2702 τί
871 2660 1002 2703 IBV
1118 2663 1170 2702 12
1205 2655 1250 2701 δ’
1279 2658 1347 2701 Re
1472 2663 1525 2700 14
1559 2675 1618 2700 αν
1651 2671 1726 2700 om
1750 2656 1882 2713 BV!

198 2722 332 2778 πρὸς
364 2724 402 2769 G
471 2724 588 2779 πρὸς
621 2726 706 2768 Mo
749 2726 754 2780 Ι
797 2725 951 2768 αὑτῶν
982 2725 1051 2769 Re
1205 2729 1258 2767 15
1291 2724 1342 2768 τὸ
1368 2725 1469 2768 BV
1614 2728 1665 2766 17
1700 2721 1890 2780 ἡνίοχος

203 2782 395 2856 ἡνιόχου
428 2783 494 2826 Re
641 2787 694 2827 18
726 2780 852 2827 τοῦτ’
891 2784 935 2827 V
1081 2788 1134 2827 19
1168 2782 1214 2826 οἳ
1247 2784 1331 2827 Mo
1474 2787 1530 2825 20
1564 2779 1634 2833 οἷς
1665 2782 1887 2827 ἐντεῦθεν

201 2840 425 2897 ἀργύριον
456 2843 509 2884 ut
532 2841 1001 2898 inizerpretamentum
1034 2842 1110 2886 del
1135 2841 1280 2886 Cobet
1304 2839 1416 2885 coll.
1437 2846 1517 2884 131
1549 2842 1594 2899 Ι
1598 2843 1690 2898 ‚lea
1710 2841 1888 2885 videtur

202 2899 251 2943 ἐκ
283 2907 364 2943 τοῦ
398 2901 574 2944 εἰπεῖν“
607 2901 675 2949 Re
703 2903 708 2958 Ι
736 2918 780 2944 τι
812 2915 886 2944 om
914 2901 1035 2946 OMo
