1992 3094
398 146 628 189 LIBANII
660 145 884 216 ORATIO
918 146 1161 192 CONTRA
1193 149 1556 195 TISAMENUM
1715 152 1818 204 173

130 280 180 335 δ’
212 281 402 350 ἐπειδή
454 301 536 345 τις
589 291 752 349 μῖμος
805 284 872 336 τὰ
917 281 1017 350 μὲν
1062 285 1338 354 θάλαμον,
1391 286 1489 338 τὸν
1536 284 1583 338 δ’
1617 285 1819 340 ε’πωνό-

127 384 267 438 μασε
305 373 553 439 νυμφίον
591 370 682 424 καὶ
721 372 788 424 τὰ
825 373 927 440 μὲν
966 375 1070 441 ἔφη
1112 373 1280 442 πέρας
1314 373 1322 444 Ι
1356 376 1518 443 ἔχειν,
1564 376 1663 428 τὸν
1700 387 1793 431 RII
1822 392 1907 432 248

131 458 182 511 δ’
213 459 280 512 οὐ
321 462 644 527 φαίνεσθαι,
684 459 978 513 ἀνάπτεται
1018 459 1120 530 μὲν
1154 460 1308 515 τουτὶ
1348 464 1409 515 τὸ
1441 463 1718 533 κάθαρμα,
1756 464 1818 516 τὸ

131 547 192 602 δὲ
245 557 356 602 τῶν
410 547 661 618 ἀνοήτων
714 550 914 603 παθὼν
967 551 1183 614 πάντως
1237 554 1342 620 ἔφη
1402 552 1523 604 δεῖν
1576 559 1819 620 φανῆναι

127 637 227 690 τὸν
263 637 460 689 καινὸν
497 644 700 691 τοῦτον
738 641 1005 708 νυμφίον,
1043 649 1155 692 τῶν
1186 641 1514 693 κωλυόντων
1554 637 1614 693 δὲ
1653 640 1821 693 οὐδὲν
1866 662 1887 695 5

128 725 268 796 ὁρᾶν
312 724 494 794 ἠξίου,
545 726 685 780 ἀλλὰ
722 735 786 797 τῇ
826 737 938 780 τῶν
985 727 1047 781 ἐν
1092 734 1166 800 τῷ
1206 729 1498 795 βουλεύειν
1544 728 1821 799 ἀδυναμίᾳ

129 814 464 884 μεμιγμένας
501 815 736 885 ὕβρεσιν
775 815 1000 879 ἀπειλὰς
1039 816 1334 885 ἀντεξῆγεν
1373 813 1548 871 οὖσαν
1585 818 1687 884 μὲν
1725 818 1820 870 αὐ-

132 914 248 967 τοῖς
287 905 528 974 δύναμιν
568 905 671 958 οὐκ
710 906 851 974 ἔχων
897 903 1186 974 ἐπιδεῖξαι,
1233 907 1333 974 τὴν
1373 908 1722 975 λειτουργίαν
1761 902 1821 958 δὲ

130 995 262 1056 τοὺς
317 992 552 1056 ἀθλίους
605 993 899 1063 ὑπομεῖναι
954 995 1210 1063 κελεύων,
1267 995 1368 1047 σὸν
1422 993 1483 1048 ἐν
1536 1001 1610 1067 τῷ
1657 1002 1820 1048 τοῦτο

129 1085 354 1151 τολμᾶν,
393 1078 434 1134 ὦ
474 1085 722 1151 βασιλεῦ,
760 1085 1130 1153 περιυβρίζων
1167 1085 1355 1150 νόμον.
1433 1085 1502 1135 σὺ
1545 1084 1649 1151 γὰρ
1690 1084 1822 1151 ἡμῖν
1846 1104 1888 1137 ιο

130 1179 332 1224 τοῦτον
377 1171 721 1241 προπέρυσιν
758 1170 964 1240 ἔθηκας
1009 1173 1111 1241 τὴν
1149 1169 1250 1241 μὲν
1289 1171 1534 1240 ἀνάγκην
1578 1179 1674 1239 τῆς
1710 1192 1821 1224 τοι-

130 1261 300 1329 αύτης
343 1261 351 1330 Ι
395 1261 643 1329 δαπάνης
682 1260 944 1330 ἀναιρῶν,
984 1262 1202 1329 γνώμης
1241 1257 1302 1314 δὲ
1340 1261 1402 1313 τὸ
1442 1268 1664 1329 πρᾶγμα
1703 1272 1909 1316 RII249

131 1358 323 1402 ποιῶν.
395 1348 540 1417 λέγει
573 1357 715 1417 γοῦν
748 1349 776 1403 6
810 1351 1001 1419 νόμος·
1040 1350 1268 1417 βούλει
1307 1349 1410 1402 καὶ
1451 1356 1642 1402 τοῦτο
1682 1367 1823 1401 ποι-

130 1446 252 1503 εῖν;
307 1436 530 1501 οὐδεὶς
578 1439 606 1492 ὁ
654 1439 980 1492 κωλύσων.
1057 1437 1188 1491 ἀλλ’
1221 1437 1337 1491 οὐκ
1384 1436 1660 1502 ἐθέλεις;
1716 1438 1822 1490 οὐ-

132 1525 268 1590 δεὶς
336 1526 365 1581 ὁ
435 1528 961 1596 καταναγκάσων.
1054 1525 1171 1580 ἀλλ’
1223 1523 1385 1590 οὗτος
1453 1526 1823 1594 ἀναγινωσκο-
1849 1546 1889 1580 15

130 1615 303 1683 με’νου
349 1624 450 1669 τοῦ
489 1618 667 1685 νόμου
704 1625 949 1687 προσῆγε
987 1617 1083 1679 τὰς
1122 1615 1386 1684 ἀνάγκας,
1435 1617 1615 1685 ὥσπερ
1656 1614 1718 1668 ἐν
1754 1621 1829 1686 τῷ

137 1708 484 1777 γραμματείῳ
523 1707 832 1774 τυραννίδα
868 1707 1016 1775 παρὰ
1056 1713 1160 1758 σοῦ
1198 1707 1398 1773 λαβών,
1441 1702 1558 1757 ἀλλ’
1590 1704 1692 1757 οὐκ
1731 1704 1826 1772 ἀρ-

135 1794 238 1863 χὴν
269 1796 523 1861 ἔννομον.
590 1794 672 1847 16.
705 1796 882 1848 καίτοι
919 1792 1010 1847 καὶ
1044 1795 1090 1846 εἰ
1124 1794 1305 1847 Μίδαι
1344 1793 1542 1855 πάντες
1579 1789 1722 1861 ἦσαν
1759 1792 1825 1844 τὰ

134 1883 213 1945 εἰς
252 1885 496 1952 χρήματα
534 1884 625 1936 καὶ
663 1885 838 1946 πολὺς
885 1883 914 1938 6
961 1884 1165 1953 χρυσὸς
1211 1880 1340 1951 παρ’
1369 1880 1600 1953 ἑκάστῳ,
1653 1882 1825 1949 θηρία

135 1967 197 2024 δὲ
249 1971 352 2024 οὐκ
401 1969 700 2040 ἐβούλοντο
755 1971 981 2042 τρέφειν
1034 1968 1166 2024 οὐδὲ
1219 1973 1350 2033 τοὺς
1401 1978 1571 2023 ταῦτα
1623 1969 1824 2035 ὑπομε-
1849 1990 1891 2021 20

134 2066 372 2122 νοῦντας
432 2060 791 2130 ἀνθρώπους,
853 2058 967 2113 κατ’
1011 2059 1266 2124 ἐξουσίαν
1327 2061 1570 2128 ἔφευγον
1629 2057 1699 2110 ἂν
1760 2058 1821 2110 τὸ

258 2255 308 2292 11
344 2250 401 2294 cf.
429 2249 536 2294 Cod.
556 2249 729 2294 Theod.
757 2250 840 2293 XV
857 2255 897 2305 9,
918 2255 964 2303 1;
997 2249 1168 2304 Symm.
1194 2263 1265 2305 op.
1291 2249 1332 2291 X
1354 2252 1409 2291 28

258 2433 279 2470 1
315 2428 367 2473 δὲ’
398 2429 489 2472 edd
517 2434 524 2483 Ι
549 2444 595 2471 τι
619 2429 650 2471 Ι
680 2430 685 2483 Ι
714 2425 849 2484 μίμος
880 2428 1006 2482 BV!
1033 2425 1115 2471 τόν
1147 2427 1293 2471 PBV
1325 2429 1330 2482 Ι
1360 2423 1628 2481 ἐπωνόμασε
1662 2424 1825 2480 scripsi

138 2500 163 2530 θ
195 2487 237 2529 V
296 2486 506 2544 ὠνόμασε
537 2486 707 2543 reliqui
738 2486 847 2530 libri
880 2486 962 2530 sed
994 2503 1028 2529 ω
1060 2485 1110 2528 in
1133 2501 1207 2528 ras
1234 2485 1318 2538 12²,
1350 2485 1440 2528 edd
1562 2489 1587 2527 2
1620 2484 1711 2540 ἔχει
1746 2484 1789 2526 V
1817 2491 1821 2536 1

139 2545 220 2589 τόν
252 2547 342 2592 ΡΒ
523 2551 548 2588 3
579 2547 800 2590 τύπτεται
832 2545 1044 2588 Monnier
1092 2547 1098 2600 Ι
1147 2545 1199 2588 τὸ
1233 2543 1291 2617 δε
1316 2544 1418 2587 Mor
1446 2543 1529 2618 ped
1561 2560 1614 2598 γρ
1629 2541 1744 2614 ,τόδε
1777 2542 1826 2585 in

141 2611 444 2715 mzsgfflwss
467 2604 1067 2721 ffifffzffffl'ffl
1172 2609 1340 2707 12:²3„
1354 2605 1401 2646 ‘ff
1432 2606 1717 2715 “33⁹35-5‘3‘232
1726 2600 1828 2703 ³535

139 2738 168 2777 η
200 2737 256 2766 ex
280 2739 326 2767 οι
357 2738 458 2768 corr
479 2723 550 2766 m³
674 2727 727 2767 13
759 2720 803 2780 γ’
825 2719 910 2767 οὖν
935 2723 1028 2766 ΑΡ
1086 2718 1171 2765 οὖν
1196 2721 1297 2764 Mor
1419 2725 1472 2763 14
1506 2720 1560 2763 οὐ
1593 2717 1759 2771 θέλεις,
1789 2718 1832 2760 V

203 2787 256 2825 17
298 2781 570 2840 γραμματίῳ
604 2783 648 2826 V
822 2786 876 2825 18
921 2779 1054 2837 μίδαι
1085 2782 1129 2824 Α
1162 2780 1242 2824 sed
1275 2797 1328 2836 γρ
1354 2778 1414 2835 μὴ
1446 2778 1496 2823 δὲ
1529 2778 1577 2821 in
1608 2792 1752 2834 marg,
1785 2778 1830 2821 P

144 2841 226 2883 sed
257 2839 357 2885 ίδαι
387 2842 437 2884 in
459 2856 534 2885 ras
561 2845 586 2884 3
611 2841 691 2885 litt
782 2841 842 2896 μὴ
875 2839 926 2884 δὲ
959 2840 1083 2883 BVa
1166 2838 1281 2895 μηδὲ
1313 2838 1415 2882 Mor
1440 2843 1446 2892 Ι
1473 2836 1531 2880 τὰ
1562 2837 1628 2886 εἰς
1659 2838 1702 2880 A
1746 2835 1827 2879 sed

144 2914 199 2954 γρ
225 2899 396 2950 ἐνδεεῖς
432 2899 490 2944 τὰ
522 2900 588 2952 εἰς
618 2899 668 2943 in
691 2915 845 2956 marg,
890 2900 935 2942 P
964 2898 1045 2942 sed
1076 2898 1123 2941 in
1148 2912 1221 2941 ras
1250 2903 1301 2940 12
1335 2897 1414 2940 litt
1444 2895 1527 2949 m‘,
1568 2895 1740 2945 ἐνδεεῖς
1769 2893 1827 2937 τὰ

146 2957 213 3007 εἰς
242 2959 367 3004 BVa
390 2959 493 3002 Mor
611 2963 668 3002 20
700 2956 745 3002 δ’
774 2959 841 3002 Re
