1992 3094
393 122 621 166 LIBANIl
652 121 876 166 ORATIO
910 121 1155 166 CONTRA
1188 122 1502 167 SILVANUM
1690 124 1794 176 251

223 265 269 310 7.
308 262 676 310 Barberinus
707 262 758 310 H
783 263 849 309 41
880 255 975 328 (=
994 255 1060 328 B)
1094 277 1219 311 saec.
1238 263 1330 309 XV
1361 263 1445 311 fol.
1474 265 1619 311 265⁹.
1672 263 1797 311 Vide

114 339 148 384 t.
172 337 196 383 I
227 354 273 400 p.
302 338 369 383 24
384 351 455 398 sq.
532 335 751 383 Allatius
804 338 858 383 in
912 337 1135 398 margine
1189 338 1294 384 eius
1349 338 1583 385 lectiones
1634 339 1799 386 varias

110 411 326 458 Palatini
365 412 414 458 et
452 409 687 457 Vaticani
727 412 793 457 81
837 409 1110 459 adnotavit.

221 486 267 532 8.
307 483 749 546 Neapolitanus
790 483 897 531 ΠΕ
920 486 982 531 17
1022 477 1116 550 (=
1142 478 1213 550 N)
1247 500 1371 533 saec.
1398 484 1516 532 XIV
1548 486 1632 532 fol.
1655 486 1798 533 165¹&

110 557 234 606 Vide
274 560 308 605 t.
334 558 356 604 I
389 574 436 620 p.
465 559 652 619 2llsq.
692 560 741 605 et
783 559 904 607 392.

220 635 264 681 9.
304 631 638 679 Vaticanus
672 648 749 695 gr.
777 632 840 678 81
881 625 975 697 (=
1001 626 1102 697 Va)
1137 647 1262 680 saec.
1281 633 1373 721 XV
1404 633 1488 680 fol.
1511 634 1631 681 230
1671 632 1798 680 Vide

108 708 142 754 t.
167 706 190 752 I
221 723 268 767 p
296 707 399 753 209
419 720 490 767 sq.
571 704 782 754 Contuli.

220 782 300 827 10.
341 779 388 823 V
396 779 826 828 indobonensis
865 780 1008 841 phil.
1042 796 1119 842 gr.
1145 779 1310 828 XCIII
1343 774 1437 847 (=
1455 774 1526 847 V)
1560 795 1684 829 saec.
1702 780 1799 828 XH

105 854 188 901 fol.
215 855 336 901 217.
397 853 525 902 Vide
555 856 591 901 t.
617 853 640 900 I
672 870 719 914 p.
747 854 814 901 35
829 868 901 915 sq.
958 851 1172 901 Contuli.

214 925 309 983 Qui
347 930 404 975 ut
442 927 594 975 iidem
641 930 790 989 atque
832 928 917 989 qui
957 929 1232 976 orationem
1270 928 1487 976 XXVIII
1527 930 1797 989 continent,

102 1002 176 1049 ita
214 1001 366 1050 etiam
418 1001 588 1049 eodem
626 1001 1002 1050 necessitudinis
1042 1002 1240 1050 vinculo
1286 1003 1418 1050 inter
1456 1018 1506 1051 se
1547 1002 1798 1052 coniuncti

103 1077 231 1136 sunt,
271 1074 329 1123 de
370 1091 466 1137 quo
506 1075 570 1123 ad
610 1078 818 1131 stemma
855 1092 902 1137 p.
931 1077 998 1123 45
1033 1076 1345 1138 propositum
1383 1079 1433 1124 te
1466 1076 1639 1140 delego
1670 1077 1798 1124 illud

102 1165 254 1197 unum
293 1149 476 1197 addens
512 1151 639 1198 teste
675 1149 915 1214 singulari
954 1151 1190 1198 vitiorum
1231 1165 1471 1198 consensu
1510 1147 1579 1212 (p.
1600 1151 1721 1210 255,
1742 1152 1796 1212 53
1832 1166 1836 1170 ’

105 1224 270 1283 261,1
315 1226 366 1270 et
407 1216 462 1289 2)
502 1223 757 1272 Patmiumv
792 1239 852 1271 ex
891 1223 1061 1272 eodem
1102 1240 1198 1286 quo
1242 1222 1283 1271 C
1319 1225 1456 1272 fonte
1494 1224 1705 1272 fluxisse.

211 1297 360 1359 Apud
414 1299 764 1361 grammaticos
818 1297 1273 1361 florilegiorumque
1327 1300 1553 1347 auctores
1603 1299 1795 1346 nullum

102 1371 262 1419 locum
298 1371 479 1419 inveni.
1589 1393 1597 1399 ·

211 1443 384 1499 Oratio
423 1446 639 1508 primum
679 1461 709 1493 a
747 1445 1207 1510 Bongiovannio
1250 1439 1345 1513 (=
1370 1439 1537 1512 Bong)
1572 1446 1793 1495 Venetiis

100 1534 229 1567 anno
272 1520 413 1567 1754
454 1537 500 1582 p.
529 1520 819 1571 218÷229
870 1536 896 1567 e
942 1520 1108 1568 codice
1155 1521 1194 1566 I
1239 1519 1374 1568 edita
1421 1514 1562 1586 est.¹)
1642 1516 1793 1569 Cuius

0 1613 1 1633 ι
99 1593 224 1641 vitia
255 1594 495 1642 nonnulla
526 1593 795 1642 divinando
836 1595 1033 1642 sanavit
1071 1594 1353 1643 Reiskius
1393 1594 1792 1642 Animadversio-

95 1682 217 1714 num
269 1668 550 1716 volumine·
576 1670 751 1730 quinto
804 1685 853 1730 p.
895 1669 1148 1716 570—57
1158 1671 1210 1728 1,
1263 1668 1410 1729 plura
1464 1684 1555 1730 ope
1610 1668 1791 1716 codicis

99 1740 383 1804 Augustani
435 1742 488 1789 in
542 1741 757 1790 editione
813 1758 966 1804 quam
1018 1758 1142 1790 uxor
1194 1743 1346 1804 prelis
1397 1742 1643 1790 commisit
1680 1746 1715 1790 t.
1741 1742 1792 1790 H

99 1831 148 1878 p.
180 1816 486 1864 342—352.
563 1816 621 1863 In
668 1817 796 1864 hanc
836 1816 988 1863 etiam
1034 1831 1150 1878 pars
1198 1819 1430 1864 notarum
1467 1816 1789 1871 Animadver-

95 1890 292 1936 ‘sionum
330 1889 543 1938 transiit.

173 2096 175 2099 .
219 2032 260 2085 1)
293 2030 359 2074 cf.
385 2030 457 2075 ω
479 2047 525 2088 p.
546 2036 643 2075 214.
