<?xml version="1.0" encoding="UTF-8"?>
<!DOCTYPE html PUBLIC "-//W3C//DTD XHTML 1.0 Transitional//EN"
    "http://www.w3.org/TR/xhtml1/DTD/xhtml1-transitional.dtd">
<html xmlns="http://www.w3.org/1999/xhtml" xml:lang="en" lang="en">
 <head>
  <title>
</title>
<meta http-equiv="Content-Type" content="text/html;charset=utf-8" />
  <meta name='ocr-system' content='tesseract 3.04.00' />
  <meta name='ocr-capabilities' content='ocr_page ocr_carea ocr_par ocr_line ocrx_word'/>
</head>
<body>
  <div class='ocr_page' id='page_1' title='image "./operarecensuitri03libauoft_0212.png"; bbox 0 0 1992 3094; ppageno 0'>
   <div class='ocr_carea' id='block_1_1' title="bbox 201 126 1381 179">
    <p class='ocr_par' dir='ltr' id='par_1_1' title="bbox 201 126 1381 179">
     <span class='ocr_line' id='line_1_1' title="bbox 201 126 1381 179; baseline -0.007 0"><span class='ocrx_word' id='word_1_1' title='bbox 201 126 305 179; x_wconf 79' lang='grc'><em>142</em></span> <span class='ocrx_word' id='word_1_2' title='bbox 716 127 943 171; x_wconf 87' lang='lat' dir='ltr'>LIBANII</span> <span class='ocrx_word' id='word_1_3' title='bbox 975 127 1200 172; x_wconf 82' lang='lat' dir='ltr'>ORATIO</span> <span class='ocrx_word' id='word_1_4' title='bbox 1234 128 1381 171; x_wconf 85' lang='lat' dir='ltr'>XXXI</span> 
     </span>
    </p>
   </div>
   <div class='ocr_carea' id='block_1_2' title="bbox 196 259 1883 333">
    <p class='ocr_par' dir='ltr' id='par_1_2' title="bbox 196 259 1883 333">
     <span class='ocr_line' id='line_1_2' title="bbox 196 259 1883 333; baseline 0.002 -19"><span class='ocrx_word' id='word_1_5' title='bbox 196 259 298 315; x_wconf 81' lang='grc' dir='ltr'><em>οὖν</em></span> <span class='ocrx_word' id='word_1_6' title='bbox 342 263 415 330; x_wconf 82' lang='grc' dir='ltr'><em>μὴ</em></span> <span class='ocrx_word' id='word_1_7' title='bbox 462 261 781 316; x_wconf 79' lang='grc' dir='ltr'><strong><em>λανθανέτω</em></strong></span> <span class='ocrx_word' id='word_1_8' title='bbox 829 271 946 325; x_wconf 90' lang='grc' dir='ltr'><em>ταῖς</em></span> <span class='ocrx_word' id='word_1_9' title='bbox 987 264 1243 326; x_wconf 82' lang='grc' dir='ltr'><em>Μούσαις</em></span> <span class='ocrx_word' id='word_1_10' title='bbox 1297 262 1497 333; x_wconf 78' lang='grc' dir='ltr'><em>ἐχθρὸς</em></span> <span class='ocrx_word' id='word_1_11' title='bbox 1552 265 1630 317; x_wconf 77' lang='grc' dir='ltr'><em>ὢν</em></span> <span class='ocrx_word' id='word_1_12' title='bbox 1676 263 1883 328; x_wconf 80' lang='grc' dir='ltr'><em>ἐκεῖνος</em></span> 
     </span>
    </p>
   </div>
   <div class='ocr_carea' id='block_1_3' title="bbox 106 350 1882 424">
    <p class='ocr_par' dir='ltr' id='par_1_3' title="bbox 106 350 1882 424">
     <span class='ocr_line' id='line_1_3' title="bbox 106 350 1882 424; baseline 0.001 -19"><span class='ocrx_word' id='word_1_13' title='bbox 106 363 147 405; x_wconf 84' lang='lat' dir='ltr'>R</span> <span class='ocrx_word' id='word_1_14' title='bbox 168 362 210 405; x_wconf 94' lang='grc' dir='ltr'>Π</span> <span class='ocrx_word' id='word_1_15' title='bbox 228 367 311 406; x_wconf 82' lang='grc'><em>219</em></span> <span class='ocrx_word' id='word_1_16' title='bbox 353 351 453 419; x_wconf 84' lang='grc' dir='ltr'><em>οὐχ</em></span> <span class='ocrx_word' id='word_1_17' title='bbox 486 351 628 403; x_wconf 81' lang='grc' dir='ltr'><em>οὕτω</em></span> <span class='ocrx_word' id='word_1_18' title='bbox 662 352 1066 420; x_wconf 81' lang='grc' dir='ltr'><em>συμβουλεύειν</em></span> <span class='ocrx_word' id='word_1_19' title='bbox 1097 350 1278 415; x_wconf 83' lang='grc' dir='ltr'><em>ἀξιῶν.</em></span> <span class='ocrx_word' id='word_1_20' title='bbox 1349 352 1378 405; x_wconf 91' lang='grc' dir='ltr'>ὁ</span> <span class='ocrx_word' id='word_1_21' title='bbox 1411 353 1514 420; x_wconf 79' lang='grc' dir='ltr'><em>γὰρ</em></span> <span class='ocrx_word' id='word_1_22' title='bbox 1548 350 1882 424; x_wconf 68' lang='grc' dir='ltr'><em>ἀλγῶνίῶσ-</em></span> 
     </span>
    </p>
   </div>
   <div class='ocr_carea' id='block_1_4' title="bbox 150 643 168 674">
    <p class='ocr_par' dir='ltr' id='par_1_4' title="bbox 150 643 168 674">
     <span class='ocr_line' id='line_1_4' title="bbox 150 643 168 674; baseline 0 0"><span class='ocrx_word' id='word_1_23' title='bbox 150 643 168 674; x_wconf 82' lang='lat'><strong>5</strong></span> 
     </span>
    </p>
   </div>
   <div class='ocr_carea' id='block_1_5' title="bbox 120 1086 165 1116">
    <p class='ocr_par' dir='ltr' id='par_1_5' title="bbox 120 1086 165 1116">
     <span class='ocr_line' id='line_1_5' title="bbox 120 1086 165 1116; baseline 0 0"><span class='ocrx_word' id='word_1_24' title='bbox 120 1086 165 1116; x_wconf 80' lang='lat'><em>10</em></span> 
     </span>
    </p>
   </div>
   <div class='ocr_carea' id='block_1_6' title="bbox 118 1970 160 2000">
    <p class='ocr_par' dir='ltr' id='par_1_6' title="bbox 118 1970 160 2000">
     <span class='ocr_line' id='line_1_6' title="bbox 118 1970 160 2000; baseline 0 0"><span class='ocrx_word' id='word_1_25' title='bbox 118 1970 160 2000; x_wconf 84' lang='lat'><em>20</em></span> 
     </span>
    </p>
   </div>
   <div class='ocr_carea' id='block_1_7' title="bbox 187 439 1882 1487">
    <p class='ocr_par' dir='ltr' id='par_1_7' title="bbox 187 439 1882 1487">
     <span class='ocr_line' id='line_1_7' title="bbox 194 439 1882 508; baseline 0.003 -18"><span class='ocrx_word' id='word_1_26' title='bbox 194 458 295 508; x_wconf 90' lang='grc' dir='ltr'><em>περ</em></span> <span class='ocrx_word' id='word_1_27' title='bbox 351 440 622 508; x_wconf 76' lang='grc' dir='ltr'><em>τραύμασι</em></span> <span class='ocrx_word' id='word_1_28' title='bbox 669 449 783 502; x_wconf 91' lang='grc' dir='ltr'><em>τοῖς</em></span> <span class='ocrx_word' id='word_1_29' title='bbox 832 439 1212 508; x_wconf 77' lang='grc' dir='ltr'><em>συγκειμένοις</em></span> <span class='ocrx_word' id='word_1_30' title='bbox 1259 442 1445 507; x_wconf 79' lang='grc' dir='ltr'><em>λόγοις</em></span> <span class='ocrx_word' id='word_1_31' title='bbox 1491 439 1581 494; x_wconf 85' lang='grc' dir='ltr'><em>καὶ</em></span> <span class='ocrx_word' id='word_1_32' title='bbox 1628 443 1723 504; x_wconf 83' lang='grc' dir='ltr'><em>τάς</em></span> <span class='ocrx_word' id='word_1_33' title='bbox 1770 452 1882 495; x_wconf 84' lang='grc' dir='ltr'><em>τῶν</em></span> 
     </span>
     <span class='ocr_line' id='line_1_8' title="bbox 195 527 1880 600; baseline 0.003 -21"><span class='ocrx_word' id='word_1_34' title='bbox 195 527 508 596; x_wconf 79' lang='grc' dir='ltr'><em>ἀκροάσεων</em></span> <span class='ocrx_word' id='word_1_35' title='bbox 532 527 731 598; x_wconf 81' lang='grc' dir='ltr'><em>ἡμέρας</em></span> <span class='ocrx_word' id='word_1_36' title='bbox 764 528 1113 581; x_wconf 81' lang='grc' dir='ltr'><em>ἀπόλλυσθαι</em></span> <span class='ocrx_word' id='word_1_37' title='bbox 1145 537 1209 600; x_wconf 74' lang='grc' dir='ltr'><em>τῇ</em></span> <span class='ocrx_word' id='word_1_38' title='bbox 1242 531 1400 582; x_wconf 90' lang='grc' dir='ltr'><em>πόλει</em></span> <span class='ocrx_word' id='word_1_39' title='bbox 1423 532 1661 597; x_wconf 83' lang='grc' dir='ltr'><em>νομίζων</em></span> <span class='ocrx_word' id='word_1_40' title='bbox 1691 533 1880 600; x_wconf 90' lang='grc' dir='ltr'><em>πόρρω</em></span> 
     </span>
     <span class='ocr_line' id='line_1_9' title="bbox 195 612 1882 687; baseline 0.003 -19"><span class='ocrx_word' id='word_1_41' title='bbox 195 617 373 684; x_wconf 92' lang='grc' dir='ltr'><em>δήπου</em></span> <span class='ocrx_word' id='word_1_42' title='bbox 414 619 721 669; x_wconf 85' lang='grc' dir='ltr'><em>Μουσικῶν</em></span> <span class='ocrx_word' id='word_1_43' title='bbox 760 617 981 687; x_wconf 85' lang='grc' dir='ltr'><em>ὀργίων.</em></span> <span class='ocrx_word' id='word_1_44' title='bbox 1059 616 1222 670; x_wconf 82' lang='grc' dir='ltr'><em>ἔπειτ’</em></span> <span class='ocrx_word' id='word_1_45' title='bbox 1253 617 1355 670; x_wconf 84' lang='grc' dir='ltr'><em>οὐκ</em></span> <span class='ocrx_word' id='word_1_46' title='bbox 1394 612 1563 687; x_wconf 85' lang='grc' dir='ltr'><em>οἶδεν,</em></span> <span class='ocrx_word' id='word_1_47' title='bbox 1608 619 1681 682; x_wconf 85' lang='grc' dir='ltr'><em>ὡς</em></span> <span class='ocrx_word' id='word_1_48' title='bbox 1720 614 1882 685; x_wconf 85' lang='grc' dir='ltr'><em>οὗτος</em></span> 
     </span>
     <span class='ocr_line' id='line_1_10' title="bbox 192 705 1881 778; baseline 0.002 -21"><span class='ocrx_word' id='word_1_49' title='bbox 192 714 303 758; x_wconf 82' lang='grc' dir='ltr'><em>τῶν</em></span> <span class='ocrx_word' id='word_1_50' title='bbox 352 705 730 774; x_wconf 79' lang='grc' dir='ltr'><em>παραινέσεων</em></span> <span class='ocrx_word' id='word_1_51' title='bbox 784 706 812 759; x_wconf 86' lang='grc' dir='ltr'>ὁ</span> <span class='ocrx_word' id='word_1_52' title='bbox 868 709 1070 776; x_wconf 79' lang='grc' dir='ltr'><em>τρόπος</em></span> <span class='ocrx_word' id='word_1_53' title='bbox 1132 707 1297 776; x_wconf 74' lang='grc' dir='ltr'><em>διπλῇ</em></span> <span class='ocrx_word' id='word_1_54' title='bbox 1352 707 1482 759; x_wconf 82' lang='grc' dir='ltr'><em>νυνὶ</em></span> <span class='ocrx_word' id='word_1_55' title='bbox 1534 717 1728 776; x_wconf 86' lang='grc' dir='ltr'><em>κοσμεῖ</em></span> <span class='ocrx_word' id='word_1_56' title='bbox 1779 709 1881 778; x_wconf 87' lang='grc' dir='ltr'><em>τὴν</em></span> 
     </span>
     <span class='ocr_line' id='line_1_11' title="bbox 190 794 1880 867; baseline 0.003 -22"><span class='ocrx_word' id='word_1_57' title='bbox 190 795 373 862; x_wconf 90' lang='grc' dir='ltr'><em>πόλιν,</em></span> <span class='ocrx_word' id='word_1_58' title='bbox 421 795 553 847; x_wconf 85' lang='grc' dir='ltr'><em>ὅταν</em></span> <span class='ocrx_word' id='word_1_59' title='bbox 601 795 629 846; x_wconf 84' lang='grc' dir='ltr'>ὅ</span> <span class='ocrx_word' id='word_1_60' title='bbox 668 815 725 847; x_wconf 90' lang='grc' dir='ltr'><em>τε</em></span> <span class='ocrx_word' id='word_1_61' title='bbox 772 794 952 862; x_wconf 86' lang='grc' dir='ltr'><em>λέγειν</em></span> <span class='ocrx_word' id='word_1_62' title='bbox 999 795 1307 863; x_wconf 83' lang='grc' dir='ltr'><em>δυνάμενος</em></span> <span class='ocrx_word' id='word_1_63' title='bbox 1350 798 1576 864; x_wconf 80' lang='grc' dir='ltr'><em>πολίτης</em></span> <span class='ocrx_word' id='word_1_64' title='bbox 1621 795 1880 867; x_wconf 80' lang='grc' dir='ltr'><em>ὑμέτερος</em></span> 
     </span>
     <span class='ocr_line' id='line_1_12' title="bbox 195 876 1878 955; baseline 0.002 -20"><span class='ocrx_word' id='word_1_65' title='bbox 195 876 225 952; x_wconf 80' lang='grc' dir='ltr'><em>ᾗ</em></span> <span class='ocrx_word' id='word_1_66' title='bbox 263 891 376 945; x_wconf 90' lang='grc' dir='ltr'><em>τοῖς</em></span> <span class='ocrx_word' id='word_1_67' title='bbox 413 903 470 936; x_wconf 90' lang='grc' dir='ltr'><em>τε</em></span> <span class='ocrx_word' id='word_1_68' title='bbox 516 883 896 952; x_wconf 80' lang='grc' dir='ltr'><em>εἰργασμένοις</em></span> <span class='ocrx_word' id='word_1_69' title='bbox 951 886 1136 953; x_wconf 83' lang='grc' dir='ltr'><em>λόγοις</em></span> <span class='ocrx_word' id='word_1_70' title='bbox 1185 884 1340 951; x_wconf 81' lang='grc' dir='ltr'><em>ὑμεῖς</em></span> <span class='ocrx_word' id='word_1_71' title='bbox 1385 884 1623 952; x_wconf 76' lang='grc' dir='ltr'><em>ἥδεσθαι</em></span> <span class='ocrx_word' id='word_1_72' title='bbox 1671 886 1878 955; x_wconf 77' lang='grc' dir='ltr'><em>δοκῆτε.</em></span> 
     </span>
     <span class='ocr_line' id='line_1_13' title="bbox 191 969 1878 1044; baseline 0.004 -22"><span class='ocrx_word' id='word_1_73' title='bbox 191 970 276 1022; x_wconf 82' lang='grc'><em>38.</em></span> <span class='ocrx_word' id='word_1_74' title='bbox 316 970 481 1039; x_wconf 88' lang='grc' dir='ltr'><em>χωρὶς</em></span> <span class='ocrx_word' id='word_1_75' title='bbox 520 969 581 1024; x_wconf 72' lang='grc' dir='ltr'><em>δὲ</em></span> <span class='ocrx_word' id='word_1_76' title='bbox 619 973 833 1025; x_wconf 88' lang='grc' dir='ltr'><em>τούτων</em></span> <span class='ocrx_word' id='word_1_77' title='bbox 871 971 961 1026; x_wconf 84' lang='grc' dir='ltr'><em>καὶ</em></span> <span class='ocrx_word' id='word_1_78' title='bbox 1001 974 1067 1025; x_wconf 82' lang='grc' dir='ltr'><em>τὰ</em></span> <span class='ocrx_word' id='word_1_79' title='bbox 1099 975 1320 1042; x_wconf 85' lang='grc' dir='ltr'><em>σφόδρα</em></span> <span class='ocrx_word' id='word_1_80' title='bbox 1351 974 1536 1026; x_wconf 87' lang='grc' dir='ltr'><em>δίκαια</em></span> <span class='ocrx_word' id='word_1_81' title='bbox 1566 983 1678 1027; x_wconf 83' lang='grc' dir='ltr'><em>τῶν</em></span> <span class='ocrx_word' id='word_1_82' title='bbox 1708 992 1878 1044; x_wconf 87' lang='grc' dir='ltr'><em>πραγ-</em></span> 
     </span>
     <span class='ocr_line' id='line_1_14' title="bbox 188 1060 1879 1132; baseline 0.003 -21"><span class='ocrx_word' id='word_1_83' title='bbox 188 1060 375 1127; x_wconf 88' lang='grc' dir='ltr'><em>μάτων</em></span> <span class='ocrx_word' id='word_1_84' title='bbox 429 1061 531 1112; x_wconf 91' lang='grc' dir='ltr'><em>οὐκ</em></span> <span class='ocrx_word' id='word_1_85' title='bbox 577 1060 647 1113; x_wconf 76' lang='grc' dir='ltr'><em>ἂν</em></span> <span class='ocrx_word' id='word_1_86' title='bbox 693 1060 894 1128; x_wconf 88' lang='grc' dir='ltr'><em>ὁμοίως</em></span> <span class='ocrx_word' id='word_1_87' title='bbox 943 1062 1163 1131; x_wconf 87' lang='grc' dir='ltr'><em>ἰσχύσαι</em></span> <span class='ocrx_word' id='word_1_88' title='bbox 1212 1062 1476 1132; x_wconf 77' lang='grc' dir='ltr'><em>ῥᾳθύμως</em></span> <span class='ocrx_word' id='word_1_89' title='bbox 1525 1081 1584 1114; x_wconf 91' lang='grc' dir='ltr'><em>τε</em></span> <span class='ocrx_word' id='word_1_90' title='bbox 1635 1061 1879 1132; x_wconf 81' lang='grc' dir='ltr'><em>ρηθέντα</em></span> 
     </span>
     <span class='ocr_line' id='line_1_15' title="bbox 189 1146 1877 1222; baseline 0.003 -22"><span class='ocrx_word' id='word_1_91' title='bbox 189 1146 279 1200; x_wconf 78' lang='grc' dir='ltr'><em>καὶ</em></span> <span class='ocrx_word' id='word_1_92' title='bbox 332 1150 466 1216; x_wconf 79' lang='grc' dir='ltr'><em>μετὰ</em></span> <span class='ocrx_word' id='word_1_93' title='bbox 519 1151 767 1218; x_wconf 80' lang='grc' dir='ltr'><em>σπουδῆς</em></span> <span class='ocrx_word' id='word_1_94' title='bbox 821 1149 1169 1219; x_wconf 81' lang='grc' dir='ltr'><em>δηλωθέντα,</em></span> <span class='ocrx_word' id='word_1_95' title='bbox 1225 1149 1343 1203; x_wconf 86' lang='grc' dir='ltr'><em>ἀλλ’</em></span> <span class='ocrx_word' id='word_1_96' title='bbox 1374 1150 1402 1204; x_wconf 90' lang='grc' dir='ltr'>ὁ</span> <span class='ocrx_word' id='word_1_97' title='bbox 1457 1151 1558 1218; x_wconf 80' lang='grc' dir='ltr'><em>μὲν</em></span> <span class='ocrx_word' id='word_1_98' title='bbox 1605 1152 1676 1214; x_wconf 83' lang='grc' dir='ltr'><em>ὡς</em></span> <span class='ocrx_word' id='word_1_99' title='bbox 1722 1154 1877 1222; x_wconf 83' lang='grc' dir='ltr'><em>ἔτυχε</em></span> 
     </span>
     <span class='ocr_line' id='line_1_16' title="bbox 187 1235 1875 1310; baseline 0.003 -21"><span class='ocrx_word' id='word_1_100' title='bbox 187 1238 454 1304; x_wconf 78' lang='grc' dir='ltr'><em>μνησθεὶς</em></span> <span class='ocrx_word' id='word_1_101' title='bbox 486 1235 654 1292; x_wconf 72' lang='grc' dir='ltr'><em>οὐδὲν</em></span> <span class='ocrx_word' id='word_1_102' title='bbox 678 1241 756 1302; x_wconf 90' lang='grc' dir='ltr'><em>εἰς</em></span> <span class='ocrx_word' id='word_1_103' title='bbox 779 1240 840 1292; x_wconf 89' lang='grc' dir='ltr'><em>τὸ</em></span> <span class='ocrx_word' id='word_1_104' title='bbox 866 1250 1049 1293; x_wconf 87' lang='grc' dir='ltr'><em>πεῖσαι</em></span> <span class='ocrx_word' id='word_1_105' title='bbox 1080 1247 1180 1293; x_wconf 86' lang='grc' dir='ltr'><em>τοῦ</em></span> <span class='ocrx_word' id='word_1_106' title='bbox 1210 1242 1539 1309; x_wconf 83' lang='grc' dir='ltr'><em>σιγήσαντος</em></span> <span class='ocrx_word' id='word_1_107' title='bbox 1571 1242 1875 1310; x_wconf 83' lang='grc' dir='ltr'><em>διήνεγκεν,</em></span> 
     </span>
     <span class='ocr_line' id='line_1_17' title="bbox 188 1323 1876 1396; baseline 0.003 -19"><span class='ocrx_word' id='word_1_108' title='bbox 188 1324 216 1377; x_wconf 83' lang='grc' dir='ltr'>ὁ</span> <span class='ocrx_word' id='word_1_109' title='bbox 271 1323 332 1378; x_wconf 75' lang='grc' dir='ltr'><em>δὲ</em></span> <span class='ocrx_word' id='word_1_110' title='bbox 394 1325 733 1396; x_wconf 82' lang='grc' dir='ltr'><em>ἐσκεμμένως</em></span> <span class='ocrx_word' id='word_1_111' title='bbox 793 1329 883 1381; x_wconf 81' lang='grc' dir='ltr'><em>καὶ</em></span> <span class='ocrx_word' id='word_1_112' title='bbox 944 1337 1039 1396; x_wconf 83' lang='grc' dir='ltr'><em>τῆς</em></span> <span class='ocrx_word' id='word_1_113' title='bbox 1099 1328 1424 1391; x_wconf 80' lang='grc' dir='ltr'><em>ὑποθέσεως</em></span> <span class='ocrx_word' id='word_1_114' title='bbox 1484 1327 1646 1392; x_wconf 80' lang='grc' dir='ltr'><em>ἀξίως</em></span> <span class='ocrx_word' id='word_1_115' title='bbox 1708 1330 1876 1382; x_wconf 83' lang='grc' dir='ltr'><em>εἰπὼν</em></span> 
     </span>
     <span class='ocr_line' id='line_1_18' title="bbox 187 1415 1877 1487; baseline 0.003 -21"><span class='ocrx_word' id='word_1_116' title='bbox 187 1415 399 1468; x_wconf 82' lang='grc' dir='ltr'><em>ἅπαντα</em></span> <span class='ocrx_word' id='word_1_117' title='bbox 446 1417 774 1485; x_wconf 87' lang='grc' dir='ltr'><em>εἰσήνεγκεν.</em></span> <span class='ocrx_word' id='word_1_118' title='bbox 851 1417 935 1469; x_wconf 83' lang='grc'><em>39.</em></span> <span class='ocrx_word' id='word_1_119' title='bbox 991 1415 1069 1470; x_wconf 80' lang='grc' dir='ltr'><em>ἔτι</em></span> <span class='ocrx_word' id='word_1_120' title='bbox 1122 1417 1319 1469; x_wconf 84' lang='grc' dir='ltr'><em>τοίνυν</em></span> <span class='ocrx_word' id='word_1_121' title='bbox 1372 1417 1504 1470; x_wconf 83' lang='grc' dir='ltr'><em>αὐτὸ</em></span> <span class='ocrx_word' id='word_1_122' title='bbox 1551 1418 1613 1470; x_wconf 92' lang='grc' dir='ltr'><em>τὸ</em></span> <span class='ocrx_word' id='word_1_123' title='bbox 1661 1421 1877 1487; x_wconf 82' lang='grc' dir='ltr'><em>πλῆθος</em></span> 
     </span>
    </p>
   </div>
   <div class='ocr_carea' id='block_1_8' title="bbox 143 1502 1873 1574">
    <p class='ocr_par' dir='ltr' id='par_1_8' title="bbox 143 1502 1873 1574">
     <span class='ocr_line' id='line_1_19' title="bbox 143 1502 1873 1574; baseline 0.001 -16"><span class='ocrx_word' id='word_1_124' title='bbox 143 1528 161 1558; x_wconf 84' lang='lat'><strong>5</strong></span> <span class='ocrx_word' id='word_1_125' title='bbox 186 1511 296 1555; x_wconf 84' lang='grc' dir='ltr'><em>τῶν</em></span> <span class='ocrx_word' id='word_1_126' title='bbox 335 1502 873 1574; x_wconf 79' lang='grc' dir='ltr'><em>ἀθροισθησομένων</em></span> <span class='ocrx_word' id='word_1_127' title='bbox 918 1506 1007 1558; x_wconf 80' lang='grc' dir='ltr'><em>καὶ</em></span> <span class='ocrx_word' id='word_1_128' title='bbox 1046 1506 1108 1558; x_wconf 88' lang='grc' dir='ltr'><em>τὸ</em></span> <span class='ocrx_word' id='word_1_129' title='bbox 1147 1506 1509 1559; x_wconf 88' lang='grc' dir='ltr'><em>παντοδαπὸν</em></span> <span class='ocrx_word' id='word_1_130' title='bbox 1554 1505 1748 1573; x_wconf 81' lang='grc' dir='ltr'><em>ὅμιλον</em></span> <span class='ocrx_word' id='word_1_131' title='bbox 1787 1505 1873 1559; x_wconf 79' lang='grc' dir='ltr'><em>ἐπὶ</em></span> 
     </span>
    </p>
   </div>
   <div class='ocr_carea' id='block_1_9' title="bbox 180 1591 1874 2282">
    <p class='ocr_par' dir='ltr' id='par_1_9' title="bbox 180 1591 1874 2282">
     <span class='ocr_line' id='line_1_20' title="bbox 185 1591 1874 1664; baseline 0.002 -21"><span class='ocrx_word' id='word_1_132' title='bbox 185 1592 285 1659; x_wconf 87' lang='grc' dir='ltr'><em>τὴν</em></span> <span class='ocrx_word' id='word_1_133' title='bbox 315 1591 578 1662; x_wconf 78' lang='grc' dir='ltr'><em>ἀκρόασιν</em></span> <span class='ocrx_word' id='word_1_134' title='bbox 608 1592 760 1661; x_wconf 76' lang='grc' dir='ltr'><em>ἥξειν</em></span> <span class='ocrx_word' id='word_1_135' title='bbox 790 1595 1020 1662; x_wconf 77' lang='grc' dir='ltr'><em>ἤλπιζον</em></span> <span class='ocrx_word' id='word_1_136' title='bbox 1050 1594 1190 1661; x_wconf 80' lang='grc' dir='ltr'><em>ὑμᾶς</em></span> <span class='ocrx_word' id='word_1_137' title='bbox 1223 1593 1733 1664; x_wconf 88' lang='grc' dir='ltr'><em>συμπαρακαλέσειν</em></span> <span class='ocrx_word' id='word_1_138' title='bbox 1772 1594 1874 1663; x_wconf 87' lang='grc' dir='ltr'><em>οὐχ</em></span> 
     </span>
     <span class='ocr_line' id='line_1_21' title="bbox 186 1677 1872 1753; baseline 0.002 -21"><span class='ocrx_word' id='word_1_139' title='bbox 186 1677 351 1749; x_wconf 80' lang='grc' dir='ltr'><em>ἧττον</em></span> <span class='ocrx_word' id='word_1_140' title='bbox 389 1682 561 1735; x_wconf 85' lang='grc' dir='ltr'><em>αὐτοῦ</em></span> <span class='ocrx_word' id='word_1_141' title='bbox 601 1690 700 1735; x_wconf 86' lang='grc' dir='ltr'><em>τοῦ</em></span> <span class='ocrx_word' id='word_1_142' title='bbox 741 1682 1010 1750; x_wconf 85' lang='grc' dir='ltr'><em>λέγοντος.</em></span> <span class='ocrx_word' id='word_1_143' title='bbox 1088 1684 1160 1745; x_wconf 85' lang='grc' dir='ltr'><em>ὡς</em></span> <span class='ocrx_word' id='word_1_144' title='bbox 1199 1684 1260 1735; x_wconf 79' lang='grc' dir='ltr'><em>αἱ</em></span> <span class='ocrx_word' id='word_1_145' title='bbox 1297 1683 1399 1749; x_wconf 73' lang='grc' dir='ltr'><em>μὲν</em></span> <span class='ocrx_word' id='word_1_146' title='bbox 1438 1682 1740 1753; x_wconf 76' lang='grc' dir='ltr'><em>ἀμάρτυροι</em></span> <span class='ocrx_word' id='word_1_147' title='bbox 1781 1702 1872 1752; x_wconf 87' lang='grc' dir='ltr'><em>φι-</em></span> 
     </span>
     <span class='ocr_line' id='line_1_22' title="bbox 185 1769 1872 1840; baseline 0.002 -19"><span class='ocrx_word' id='word_1_148' title='bbox 185 1772 424 1838; x_wconf 83' lang='grc' dir='ltr'><em>λοτιμίαι</em></span> <span class='ocrx_word' id='word_1_149' title='bbox 464 1773 702 1823; x_wconf 88' lang='grc' dir='ltr'><em>λυποῦσι</em></span> <span class='ocrx_word' id='word_1_150' title='bbox 741 1773 871 1833; x_wconf 87' lang='grc' dir='ltr'><em>τοὺς</em></span> <span class='ocrx_word' id='word_1_151' title='bbox 911 1772 1206 1839; x_wconf 76' lang='grc' dir='ltr'><em>δώσοντας,</em></span> <span class='ocrx_word' id='word_1_152' title='bbox 1245 1769 1336 1823; x_wconf 85' lang='grc' dir='ltr'><em>καὶ</em></span> <span class='ocrx_word' id='word_1_153' title='bbox 1377 1770 1410 1824; x_wconf 76' lang='grc' dir='ltr'><strong><em>ἃ</em></strong></span> <span class='ocrx_word' id='word_1_154' title='bbox 1445 1770 1652 1840; x_wconf 81' lang='grc' dir='ltr'><em>προεῖτ’</em></span> <span class='ocrx_word' id='word_1_155' title='bbox 1684 1773 1753 1824; x_wconf 80' lang='grc' dir='ltr'><em>ἄν</em></span> <span class='ocrx_word' id='word_1_156' title='bbox 1790 1791 1872 1834; x_wconf 91' lang='grc' dir='ltr'><em>τις</em></span> 
     </span>
     <span class='ocr_line' id='line_1_23' title="bbox 185 1859 1871 1928; baseline 0.002 -19"><span class='ocrx_word' id='word_1_157' title='bbox 185 1860 407 1910; x_wconf 85' lang='grc' dir='ltr'><em>πολλῶν</em></span> <span class='ocrx_word' id='word_1_158' title='bbox 445 1859 799 1927; x_wconf 77' lang='grc' dir='ltr'><em>συνειδότων,</em></span> <span class='ocrx_word' id='word_1_159' title='bbox 850 1859 952 1911; x_wconf 83' lang='grc' dir='ltr'><em>οὐκ</em></span> <span class='ocrx_word' id='word_1_160' title='bbox 993 1862 1132 1928; x_wconf 84' lang='grc' dir='ltr'><em>ἔχων</em></span> <span class='ocrx_word' id='word_1_161' title='bbox 1171 1861 1301 1922; x_wconf 86' lang='grc' dir='ltr'><em>τοὺς</em></span> <span class='ocrx_word' id='word_1_162' title='bbox 1340 1859 1658 1926; x_wconf 84' lang='grc' dir='ltr'><em>εἰσομένους</em></span> <span class='ocrx_word' id='word_1_163' title='bbox 1697 1868 1871 1927; x_wconf 90' lang='grc' dir='ltr'><em>κρεῖτ-</em></span> 
     </span>
     <span class='ocr_line' id='line_1_24' title="bbox 184 1946 1871 2020; baseline 0.002 -22"><span class='ocrx_word' id='word_1_164' title='bbox 184 1965 282 1998; x_wconf 89' lang='grc' dir='ltr'><em>τον</em></span> <span class='ocrx_word' id='word_1_165' title='bbox 321 1946 559 2015; x_wconf 83' lang='grc' dir='ltr'><em>ἡγήσατο</em></span> <span class='ocrx_word' id='word_1_166' title='bbox 598 1948 670 2016; x_wconf 85' lang='grc' dir='ltr'><em>μὴ</em></span> <span class='ocrx_word' id='word_1_167' title='bbox 704 1948 924 2001; x_wconf 84' lang='grc' dir='ltr'><em>δοῦναι·</em></span> <span class='ocrx_word' id='word_1_168' title='bbox 966 1948 999 2001; x_wconf 77' lang='grc' dir='ltr'><strong><em>ἃ</em></strong></span> <span class='ocrx_word' id='word_1_169' title='bbox 1039 1946 1087 2000; x_wconf 90' lang='grc' dir='ltr'><em>δ’</em></span> <span class='ocrx_word' id='word_1_170' title='bbox 1120 1947 1191 2001; x_wconf 75' lang='grc' dir='ltr'><em>ἂν</em></span> <span class='ocrx_word' id='word_1_171' title='bbox 1230 1947 1291 2000; x_wconf 84' lang='grc' dir='ltr'><em>ἐν</em></span> <span class='ocrx_word' id='word_1_172' title='bbox 1325 1952 1509 2020; x_wconf 78' lang='grc' dir='ltr'><em>πολλῷ</em></span> <span class='ocrx_word' id='word_1_173' title='bbox 1542 1967 1623 2011; x_wconf 89' lang='grc' dir='ltr'><em>τις</em></span> <span class='ocrx_word' id='word_1_174' title='bbox 1653 1949 1871 2020; x_wconf 80' lang='grc' dir='ltr'><em>θεάτρῳ</em></span> 
     </span>
     <span class='ocr_line' id='line_1_25' title="bbox 182 2035 1868 2106; baseline 0.002 -20"><span class='ocrx_word' id='word_1_175' title='bbox 182 2035 329 2103; x_wconf 82' lang='grc' dir='ltr'><em>παρὰ</em></span> <span class='ocrx_word' id='word_1_176' title='bbox 365 2043 476 2087; x_wconf 83' lang='grc' dir='ltr'><em>τῶν</em></span> <span class='ocrx_word' id='word_1_177' title='bbox 516 2036 848 2102; x_wconf 89' lang='grc' dir='ltr'><em>συμβούλων</em></span> <span class='ocrx_word' id='word_1_178' title='bbox 888 2035 1085 2106; x_wconf 82' lang='grc' dir='ltr'><em>ἀκούῃ,</em></span> <span class='ocrx_word' id='word_1_179' title='bbox 1137 2038 1486 2105; x_wconf 81' lang='grc' dir='ltr'><em>λογιζόμενος</em></span> <span class='ocrx_word' id='word_1_180' title='bbox 1526 2037 1599 2099; x_wconf 85' lang='grc' dir='ltr'><em>ὡς</em></span> <span class='ocrx_word' id='word_1_181' title='bbox 1639 2035 1868 2105; x_wconf 80' lang='grc' dir='ltr'><em>ἀπειθή-</em></span> 
     </span>
     <span class='ocr_line' id='line_1_26' title="bbox 182 2121 1869 2195; baseline 0.002 -21"><span class='ocrx_word' id='word_1_182' title='bbox 182 2137 279 2185; x_wconf 92' lang='grc' dir='ltr'><em>σας</em></span> <span class='ocrx_word' id='word_1_183' title='bbox 317 2123 418 2191; x_wconf 80' lang='grc' dir='ltr'><em>μὲν</em></span> <span class='ocrx_word' id='word_1_184' title='bbox 456 2125 689 2193; x_wconf 88' lang='grc' dir='ltr'><em>μυρίους</em></span> <span class='ocrx_word' id='word_1_185' title='bbox 735 2123 840 2188; x_wconf 80' lang='grc' dir='ltr'><em>ἕξει</em></span> <span class='ocrx_word' id='word_1_186' title='bbox 886 2127 1015 2188; x_wconf 85' lang='grc' dir='ltr'><em>τοὺς</em></span> <span class='ocrx_word' id='word_1_187' title='bbox 1063 2127 1424 2195; x_wconf 86' lang='grc' dir='ltr'><em>κατηγόρους,</em></span> <span class='ocrx_word' id='word_1_188' title='bbox 1479 2123 1623 2187; x_wconf 67' lang='grc' dir='ltr'><em>εἴξας</em></span> <span class='ocrx_word' id='word_1_189' title='bbox 1671 2121 1731 2177; x_wconf 77' lang='grc' dir='ltr'><em>δὲ</em></span> <span class='ocrx_word' id='word_1_190' title='bbox 1777 2123 1869 2178; x_wconf 79' lang='grc' dir='ltr'><em>καὶ</em></span> 
     </span>
     <span class='ocr_line' id='line_1_27' title="bbox 180 2209 1868 2282; baseline 0.002 -20"><span class='ocrx_word' id='word_1_191' title='bbox 180 2209 428 2274; x_wconf 83' lang='grc' dir='ltr'><em>πεισθεὶς</em></span> <span class='ocrx_word' id='word_1_192' title='bbox 479 2212 781 2275; x_wconf 85' lang='grc' dir='ltr'><em>τοσούτους</em></span> <span class='ocrx_word' id='word_1_193' title='bbox 833 2215 962 2276; x_wconf 87' lang='grc' dir='ltr'><em>τοὺς</em></span> <span class='ocrx_word' id='word_1_194' title='bbox 1015 2212 1326 2282; x_wconf 84' lang='grc' dir='ltr'><em>ἐπαινέτας,</em></span> <span class='ocrx_word' id='word_1_195' title='bbox 1387 2214 1448 2267; x_wconf 90' lang='grc' dir='ltr'><em>τὸ</em></span> <span class='ocrx_word' id='word_1_196' title='bbox 1503 2210 1605 2281; x_wconf 74' lang='grc' dir='ltr'><em>μὲν</em></span> <span class='ocrx_word' id='word_1_197' title='bbox 1660 2213 1868 2282; x_wconf 83' lang='grc' dir='ltr'><em>φοβού-</em></span> 
     </span>
    </p>
   </div>
   <div class='ocr_carea' id='block_1_10' title="bbox 181 2358 532 2370">
    <p class='ocr_par' dir='ltr' id='par_1_10' title="bbox 181 2358 532 2370">
     <span class='ocr_line' id='line_1_28' title="bbox 181 2358 532 2370; baseline 0 0"><span class='ocrx_word' id='word_1_198' title='bbox 181 2358 532 2370; x_wconf 95' lang='lat' dir='ltr'><em> </em></span> 
     </span>
    </p>
   </div>
   <div class='ocr_carea' id='block_1_11' title="bbox 176 2458 1866 2988">
    <p class='ocr_par' dir='ltr' id='par_1_11' title="bbox 176 2458 1866 2988">
     <span class='ocr_line' id='line_1_29' title="bbox 297 2458 1866 2518; baseline 0 -15"><span class='ocrx_word' id='word_1_199' title='bbox 297 2465 324 2503; x_wconf 89' lang='grc'>4</span> <span class='ocrx_word' id='word_1_200' title='bbox 364 2458 655 2504; x_wconf 81' lang='grc' dir='ltr'><em>ἀπόλλυσθαι</em></span> <span class='ocrx_word' id='word_1_201' title='bbox 681 2461 726 2503; x_wconf 90' lang='grc' dir='ltr'><em>Ρ</em></span> <span class='ocrx_word' id='word_1_202' title='bbox 754 2461 836 2504; x_wconf 83' lang='lat' dir='ltr'><strong>sed.</strong></span> <span class='ocrx_word' id='word_1_203' title='bbox 868 2463 1043 2505; x_wconf 75' lang='lat' dir='ltr'>accent.</span> <span class='ocrx_word' id='word_1_204' title='bbox 1071 2476 1212 2518; x_wconf 85' lang='lat' dir='ltr'>supra</span> <span class='ocrx_word' id='word_1_205' title='bbox 1243 2479 1272 2505; x_wconf 87' lang='lat' dir='ltr'><strong><em>v</em></strong></span> <span class='ocrx_word' id='word_1_206' title='bbox 1304 2475 1406 2505; x_wconf 82' lang='lat' dir='ltr'>eras</span> <span class='ocrx_word' id='word_1_207' title='bbox 1439 2463 1486 2506; x_wconf 73' lang='lat' dir='ltr'><em>et</em></span> <span class='ocrx_word' id='word_1_208' title='bbox 1517 2464 1594 2506; x_wconf 84' lang='grc' dir='ltr'><em>ολλ</em></span> <span class='ocrx_word' id='word_1_209' title='bbox 1624 2461 1673 2504; x_wconf 90' lang='lat' dir='ltr'><em>in</em></span> <span class='ocrx_word' id='word_1_210' title='bbox 1697 2475 1771 2504; x_wconf 85' lang='lat' dir='ltr'><em>ras</em></span> <span class='ocrx_word' id='word_1_211' title='bbox 1795 2460 1866 2504; x_wconf 79' lang='lat' dir='ltr'><em>m⁸</em></span> 
     </span>
     <span class='ocr_line' id='line_1_30' title="bbox 236 2518 1863 2577; baseline 0 -15"><span class='ocrx_word' id='word_1_212' title='bbox 236 2518 530 2563; x_wconf 81' lang='grc' dir='ltr'><em>ἀπολλύσθαι</em></span> <span class='ocrx_word' id='word_1_213' title='bbox 555 2520 636 2563; x_wconf 84' lang='grc' dir='ltr'><em>ΑΙ</em></span> <span class='ocrx_word' id='word_1_214' title='bbox 765 2524 789 2563; x_wconf 83' lang='grc'>5</span> <span class='ocrx_word' id='word_1_215' title='bbox 823 2519 980 2565; x_wconf 77' lang='grc' dir='ltr'><em>ἔπειτα</em></span> <span class='ocrx_word' id='word_1_216' title='bbox 1012 2521 1102 2564; x_wconf 81' lang='lat' dir='ltr'><em>edd</em></span> <span class='ocrx_word' id='word_1_217' title='bbox 1240 2525 1265 2563; x_wconf 85' lang='lat'>6</span> <span class='ocrx_word' id='word_1_218' title='bbox 1298 2523 1456 2577; x_wconf 83' lang='grc' dir='ltr'><em>διπλῆι</em></span> <span class='ocrx_word' id='word_1_219' title='bbox 1481 2522 1526 2565; x_wconf 88' lang='lat' dir='ltr'><strong><em>A</em></strong></span> <span class='ocrx_word' id='word_1_220' title='bbox 1588 2522 1725 2576; x_wconf 85' lang='grc' dir='ltr'><em>διπλῆ</em></span> <span class='ocrx_word' id='word_1_221' title='bbox 1756 2519 1863 2564; x_wconf 81' lang='lat' dir='ltr'>reli·</span> 
     </span>
     <span class='ocr_line' id='line_1_31' title="bbox 178 2577 1862 2637; baseline 0.001 -17"><span class='ocrx_word' id='word_1_222' title='bbox 178 2578 260 2633; x_wconf 88' lang='lat' dir='ltr'><em>qui</em></span> <span class='ocrx_word' id='word_1_223' title='bbox 291 2577 400 2621; x_wconf 87' lang='lat' dir='ltr'>libri</span> <span class='ocrx_word' id='word_1_224' title='bbox 433 2578 523 2621; x_wconf 85' lang='lat' dir='ltr'><em>edd</em></span> <span class='ocrx_word' id='word_1_225' title='bbox 555 2577 612 2621; x_wconf 85' lang='lat' dir='ltr'><em>cf.</em></span> <span class='ocrx_word' id='word_1_226' title='bbox 638 2578 730 2621; x_wconf 62' lang='lat' dir='ltr'><em>12ss</em></span> <span class='ocrx_word' id='word_1_227' title='bbox 757 2583 854 2634; x_wconf 83' lang='lat'>179,</span> <span class='ocrx_word' id='word_1_228' title='bbox 874 2584 898 2622; x_wconf 81' lang='lat'>6</span> <span class='ocrx_word' id='word_1_229' title='bbox 1052 2585 1074 2622; x_wconf 85' lang='lat'><strong>7</strong></span> <span class='ocrx_word' id='word_1_230' title='bbox 1109 2578 1325 2637; x_wconf 82' lang='grc' dir='ltr'><em>ἡμέτερος</em></span> <span class='ocrx_word' id='word_1_231' title='bbox 1348 2581 1383 2622; x_wconf 93' lang='grc' dir='ltr'><em>Ι</em></span> <span class='ocrx_word' id='word_1_232' title='bbox 1519 2584 1544 2623; x_wconf 86' lang='grc'>8</span> <span class='ocrx_word' id='word_1_233' title='bbox 1579 2582 1755 2624; x_wconf 84' lang='grc' dir='ltr'><em>δοκεῖτε</em></span> <span class='ocrx_word' id='word_1_234' title='bbox 1787 2579 1862 2623; x_wconf 89' lang='lat' dir='ltr'><em>1B</em></span> 
     </span>
     <span class='ocr_line' id='line_1_32' title="bbox 178 2635 1862 2695; baseline 0.001 -15"><span class='ocrx_word' id='word_1_235' title='bbox 178 2639 277 2681; x_wconf 80' lang='lat' dir='ltr'><em>Par</em></span> <span class='ocrx_word' id='word_1_236' title='bbox 299 2637 402 2680; x_wconf 90' lang='lat' dir='ltr'><em>Mor</em></span> <span class='ocrx_word' id='word_1_237' title='bbox 569 2642 620 2680; x_wconf 93' lang='grc'><em>11</em></span> <span class='ocrx_word' id='word_1_238' title='bbox 656 2636 679 2680; x_wconf 88' lang='grc' dir='ltr'><strong>ὁ</strong></span> <span class='ocrx_word' id='word_1_239' title='bbox 713 2638 813 2695; x_wconf 81' lang='grc' dir='ltr'><em>μὲν]</em></span> <span class='ocrx_word' id='word_1_240' title='bbox 850 2635 969 2694; x_wconf 79' lang='grc' dir='ltr'><em>ὅμως</em></span> <span class='ocrx_word' id='word_1_241' title='bbox 994 2640 1040 2682; x_wconf 88' lang='grc' dir='ltr'><strong><em>Β</em></strong></span> <span class='ocrx_word' id='word_1_242' title='bbox 1193 2643 1246 2682; x_wconf 89' lang='grc'><em>13</em></span> <span class='ocrx_word' id='word_1_243' title='bbox 1280 2637 1304 2682; x_wconf 86' lang='grc' dir='ltr'><strong><em>ὁ</em></strong></span> <span class='ocrx_word' id='word_1_244' title='bbox 1338 2638 1389 2683; x_wconf 77' lang='grc' dir='ltr'><em>δὲ</em></span> <span class='ocrx_word' id='word_1_245' title='bbox 1422 2665 1476 2671; x_wconf 91' lang='grc'><strong>-</strong></span> <span class='ocrx_word' id='word_1_246' title='bbox 1512 2643 1567 2681; x_wconf 88' lang='lat'><em>14</em></span> <span class='ocrx_word' id='word_1_247' title='bbox 1600 2637 1862 2695; x_wconf 76' lang='grc' dir='ltr'><em>εἰσήνεγκεν</em></span> 
     </span>
     <span class='ocr_line' id='line_1_33' title="bbox 178 2694 1804 2754; baseline 0.001 -16"><span class='ocrx_word' id='word_1_248' title='bbox 178 2697 223 2738; x_wconf 91' lang='lat' dir='ltr'><em>in</em></span> <span class='ocrx_word' id='word_1_249' title='bbox 250 2710 382 2753; x_wconf 84' lang='lat' dir='ltr'>marg</span> <span class='ocrx_word' id='word_1_250' title='bbox 414 2696 507 2739; x_wconf 87' lang='lat' dir='ltr'><em>add</em></span> <span class='ocrx_word' id='word_1_251' title='bbox 534 2694 594 2740; x_wconf 68' lang='lat' dir='ltr'><em>Cf</em></span> <span class='ocrx_word' id='word_1_252' title='bbox 724 2701 776 2739; x_wconf 83' lang='lat'><em>15</em></span> <span class='ocrx_word' id='word_1_253' title='bbox 810 2695 1257 2753; x_wconf 77' lang='grc' dir='ltr'><em>ἀθροισθησομένων</em></span> <span class='ocrx_word' id='word_1_254' title='bbox 1288 2699 1324 2741; x_wconf 92' lang='grc' dir='ltr'><em>Ι</em></span> <span class='ocrx_word' id='word_1_255' title='bbox 1348 2698 1430 2740; x_wconf 83' lang='lat' dir='ltr'><em>sed</em></span> <span class='ocrx_word' id='word_1_256' title='bbox 1462 2701 1556 2754; x_wconf 80' lang='grc' dir='ltr'><em>σθη</em></span> <span class='ocrx_word' id='word_1_257' title='bbox 1587 2697 1712 2740; x_wconf 80' lang='lat' dir='ltr'>inser</span> <span class='ocrx_word' id='word_1_258' title='bbox 1734 2696 1804 2739; x_wconf 82' lang='lat' dir='ltr'><em>m³</em></span> 
     </span>
     <span class='ocr_line' id='line_1_34' title="bbox 180 2752 1858 2812; baseline 0 -15"><span class='ocrx_word' id='word_1_259' title='bbox 180 2759 231 2797; x_wconf 88' lang='grc'><em>17</em></span> <span class='ocrx_word' id='word_1_260' title='bbox 265 2754 315 2798; x_wconf 81' lang='grc' dir='ltr'><em>αἱ</em></span> <span class='ocrx_word' id='word_1_261' title='bbox 337 2781 396 2788; x_wconf 91' lang='lat'><em>-—</em></span> <span class='ocrx_word' id='word_1_262' title='bbox 414 2759 512 2809; x_wconf 87' lang='lat'>143,</span> <span class='ocrx_word' id='word_1_263' title='bbox 531 2759 555 2797; x_wconf 81' lang='lat'>2</span> <span class='ocrx_word' id='word_1_264' title='bbox 589 2752 776 2812; x_wconf 83' lang='grc' dir='ltr'><em>βελτίων</em></span> <span class='ocrx_word' id='word_1_265' title='bbox 808 2755 925 2799; x_wconf 69' lang='lat' dir='ltr'><em>cii-‚at</em></span> <span class='ocrx_word' id='word_1_266' title='bbox 948 2756 1106 2800; x_wconf 83' lang='lat' dir='ltr'>Macar</span> <span class='ocrx_word' id='word_1_267' title='bbox 1129 2755 1208 2801; x_wconf 77' lang='lat' dir='ltr'>fol,</span> <span class='ocrx_word' id='word_1_268' title='bbox 1224 2760 1279 2799; x_wconf 83' lang='lat'><em>90</em></span> <span class='ocrx_word' id='word_1_269' title='bbox 1313 2767 1336 2795; x_wconf 68' lang='lat' dir='ltr'><em>o</em></span> <span class='ocrx_word' id='word_1_270' title='bbox 1403 2760 1456 2799; x_wconf 90' lang='lat'><em>18</em></span> <span class='ocrx_word' id='word_1_271' title='bbox 1488 2753 1665 2811; x_wconf 82' lang='grc' dir='ltr'><em>προεῖτ’</em></span> <span class='ocrx_word' id='word_1_272' title='bbox 1693 2754 1858 2811; x_wconf 82' lang='lat' dir='ltr'>scripsi</span> 
     </span>
     <span class='ocr_line' id='line_1_35' title="bbox 235 2811 1860 2871; baseline 0 -14"><span class='ocrx_word' id='word_1_273' title='bbox 235 2811 412 2870; x_wconf 83' lang='grc' dir='ltr'><em>πρόειτ’</em></span> <span class='ocrx_word' id='word_1_274' title='bbox 440 2813 633 2858; x_wconf 73' lang='lat' dir='ltr'>BVPar</span> <span class='ocrx_word' id='word_1_275' title='bbox 715 2812 895 2868; x_wconf 64' lang='grc' dir='ltr'><em>πρόσωπ’</em></span> <span class='ocrx_word' id='word_1_276' title='bbox 935 2816 1046 2859; x_wconf 86' lang='lat' dir='ltr'><em>OPI</em></span> <span class='ocrx_word' id='word_1_277' title='bbox 1073 2815 1155 2858; x_wconf 86' lang='lat' dir='ltr'><em>sed</em></span> <span class='ocrx_word' id='word_1_278' title='bbox 1187 2831 1211 2858; x_wconf 91' lang='grc' dir='ltr'><em>ο</em></span> <span class='ocrx_word' id='word_1_279' title='bbox 1245 2816 1305 2871; x_wconf 83' lang='grc'><em>(2)</em></span> <span class='ocrx_word' id='word_1_280' title='bbox 1337 2814 1386 2857; x_wconf 87' lang='lat' dir='ltr'><em>in</em></span> <span class='ocrx_word' id='word_1_281' title='bbox 1418 2831 1438 2859; x_wconf 82' lang='grc' dir='ltr'><em>ε</em></span> <span class='ocrx_word' id='word_1_282' title='bbox 1471 2828 1573 2858; x_wconf 82' lang='lat' dir='ltr'>corr</span> <span class='ocrx_word' id='word_1_283' title='bbox 1595 2814 1739 2869; x_wconf 77' lang='lat' dir='ltr'>P21³‚</span> <span class='ocrx_word' id='word_1_284' title='bbox 1773 2813 1860 2857; x_wconf 91' lang='lat' dir='ltr'><em>Mo</em></span> 
     </span>
     <span class='ocr_line' id='line_1_36' title="bbox 176 2869 1860 2930; baseline -0.001 -15"><span class='ocrx_word' id='word_1_285' title='bbox 176 2873 334 2917; x_wconf 82' lang='lat' dir='ltr'>Macar</span> <span class='ocrx_word' id='word_1_286' title='bbox 361 2873 451 2916; x_wconf 85' lang='lat' dir='ltr'><em>edd</em></span> <span class='ocrx_word' id='word_1_287' title='bbox 512 2869 695 2927; x_wconf 82' lang='grc' dir='ltr'><em>πρόοῖτ’</em></span> <span class='ocrx_word' id='word_1_288' title='bbox 724 2874 767 2916; x_wconf 83' lang='grc' dir='ltr'><strong><em>Α</em></strong></span> <span class='ocrx_word' id='word_1_289' title='bbox 800 2873 856 2916; x_wconf 85' lang='lat' dir='ltr'><em>ef.</em></span> <span class='ocrx_word' id='word_1_290' title='bbox 882 2874 949 2916; x_wconf 64' lang='lat' dir='ltr'><strong>M</strong></span> <span class='ocrx_word' id='word_1_291' title='bbox 977 2878 1074 2928; x_wconf 88' lang='lat'>107,</span> <span class='ocrx_word' id='word_1_292' title='bbox 1093 2878 1117 2917; x_wconf 87' lang='lat'>9</span> <span class='ocrx_word' id='word_1_293' title='bbox 1146 2875 1153 2930; x_wconf 79' lang='grc' dir='ltr'>Ι</span> <span class='ocrx_word' id='word_1_294' title='bbox 1180 2890 1249 2924; x_wconf 85' lang='grc' dir='ltr'><em>τις</em></span> <span class='ocrx_word' id='word_1_295' title='bbox 1279 2874 1326 2916; x_wconf 91' lang='lat' dir='ltr'><em>in</em></span> <span class='ocrx_word' id='word_1_296' title='bbox 1351 2887 1484 2930; x_wconf 88' lang='lat' dir='ltr'>marg</span> <span class='ocrx_word' id='word_1_297' title='bbox 1517 2873 1610 2916; x_wconf 85' lang='lat' dir='ltr'><em>add</em></span> <span class='ocrx_word' id='word_1_298' title='bbox 1635 2872 1757 2918; x_wconf 71' lang='lat' dir='ltr'><em>Par&#39;</em></span> <span class='ocrx_word' id='word_1_299' title='bbox 1815 2889 1860 2915; x_wconf 86' lang='grc' dir='ltr'><em>τι</em></span> 
     </span>
     <span class='ocr_line' id='line_1_37' title="bbox 176 2931 910 2988; baseline 0 -14"><span class='ocrx_word' id='word_1_300' title='bbox 176 2932 334 2976; x_wconf 83' lang='lat' dir='ltr'>Macar</span> <span class='ocrx_word' id='word_1_301' title='bbox 456 2935 509 2973; x_wconf 84' lang='lat'><em>&#39;23</em></span> <span class='ocrx_word' id='word_1_302' title='bbox 542 2931 611 2988; x_wconf 84' lang='grc' dir='ltr'><em>τὸ]</em></span> <span class='ocrx_word' id='word_1_303' title='bbox 638 2931 720 2975; x_wconf 89' lang='grc' dir='ltr'><em>τὸν</em></span> <span class='ocrx_word' id='word_1_304' title='bbox 752 2931 910 2975; x_wconf 81' lang='lat' dir='ltr'>Macar</span> 
     </span>
    </p>
   </div>
  </div>
 </body>
</html>
