1992 3094
385 152 614 196 LIBANII
649 151 872 196 ORATIO
907 152 1152 197 CONTRA
1183 153 1544 199 TISAMENUM
1710 157 1813 209 175

124 286 425 358 εὐεργέτας.
503 287 564 340 ἐν
611 285 673 341 δὲ
713 296 832 352 ταῖς
878 287 1312 358 ἀπροσδοκήτοις
1356 291 1586 359 βλάβαις
1631 294 1815 358 μεῖζον

119 378 180 430 τὸ
230 377 322 430 διὰ
366 383 467 430 τοῦ
521 377 723 446 τάχους
777 375 915 445 ἐπῆν
967 379 1155 431 κακόν.
1216 379 1449 447 μάλιστα
1502 380 1604 448 μὲν
1656 381 1759 448 γὰρ
1806 395 1808 433 1

119 466 254 534 πρὶν
293 463 539 528 ἐξελθεῖν
577 464 735 533 ἠξίου
775 467 1155 535 καταβάλλειν,
1194 467 1227 535 ἡ
1261 470 1657 537 φιλανθρωπία
1695 480 1897 525 RH251

120 551 179 607 δὲ
218 555 351 621 μίαν
389 546 534 623 εἶχεν
571 553 800 624 ἡμέραν,
840 553 965 623 μεθ’
998 555 1069 624 ἣν
1108 556 1338 623 οὐδεμία
1376 558 1688 626 συγγνώμη.

232 642 314 695 19.
370 640 481 695 Καὶ
527 650 692 696 τοῦτο
739 643 801 695 τὸ
850 644 1068 697 δίκαιον
1113 642 1176 697 ἔν
1221 664 1278 698 τε
1324 653 1438 708 τοῖς
1484 646 1672 708 ἄλλοις
1709 645 1812 699 κάν
1857 666 1877 700 ε

116 737 192 802 τῷ
232 733 402 803 φόρω.
463 732 572 800 μὴν
617 728 719 798 μὲν
759 733 863 800 γὰρ
913 732 1102 786 οὑτοσὶ
1148 739 1223 805 τῷ
1264 720 1372 787 ἔτει
1419 733 1694 803 τέταρτος,
1748 736 1809 789 τὸ

117 821 306 890 τρίτον
342 827 442 873 τοῦ
482 819 744 873 ἐνιαυτοῦ
785 820 967 890 μέρος,
1007 822 1306 889 ἠδικῆσθαι
1348 819 1409 875 δὲ
1447 824 1546 875 τὸν
1584 824 1811 890 βασιλέα

118 906 290 978 φησὶν
329 907 396 961 οὐ
435 916 534 962 τοῦ
574 910 780 972 παντὸς
831 909 1299 979 εἰσενηνεγμένου.
1375 920 1512 979 πῶς,
1564 908 1605 964 ὦ
1652 932 1811 964 κατα-

117 996 364 1066 γέλαστε;
403 995 494 1050 καὶ
537 998 640 1067 γὰρ
686 997 747 1051 ἐν
786 997 979 1068 ἀγροῖς
1016 1000 1272 1068 κείμενον
1311 997 1470 1052 ἔκειτ’
1502 998 1572 1052 ἂν
1610 1000 1811 1068 ὁμοίως

115 1092 190 1159 τῷ
221 1087 437 1154 βασιλεῖ
474 1086 560 1139 καὶ
605 1087 708 1140 οὐκ
749 1085 819 1139 ἂν
850 1084 920 1156 ἧν
952 1090 1193 1141 ἔλαττον.
1265 1087 1396 1141 οὐδὲ
1429 1089 1531 1155 γὰρ
1565 1087 1811 1142 ἐνταῦθα
1834 1109 1876 1142 ιο

115 1176 371 1244 κείμενον
422 1169 611 1243 πλέον,
666 1181 742 1248 τῷ
791 1175 1021 1244 φέροντι
1077 1173 1137 1229 δὲ
1190 1176 1290 1229 οὐκ
1341 1181 1463 1229 ἴσον
1501 1175 1534 1245 ἢ
1574 1180 1810 1246 τήμερον

115 1265 262 1317 ἅπαν
311 1263 344 1333 ἢ
390 1263 791 1334 μεμερισμένον
846 1266 924 1327 εἰς
977 1272 1150 1333 μῆνας
1205 1266 1549 1333 εἰσενεγκεῖν.
1626 1266 1693 1318 οὐ
1741 1267 1807 1334 δὴ

114 1351 309 1423 κέρδος
369 1351 592 1424 ἐκείνῳ,
657 1355 852 1422 ζημίαν
914 1350 975 1406 δὲ
1035 1353 1169 1422 ἡμῖν
1222 1352 1504 1422 προξενῶν
1555 1354 1617 1407 τὸ
1673 1357 1808 1423 ταχὺ

115 1449 279 1495 τοῦτο
321 1445 475 1511 ζητεῖ.
531 1441 618 1494 20.
659 1440 749 1495 καὶ
791 1443 884 1495 διὰ
917 1449 1080 1495 τοῦτο
1122 1452 1446 1511 στρατιῶται
1478 1443 1809 1512 στρατιώτας

115 1538 446 1600 μαστιγοῦσι
484 1531 751 1600 γυμνούς,
792 1526 859 1584 οὗ
892 1529 1089 1584 πολλοὶ
1122 1538 1283 1588 τοῦτο
1316 1530 1614 1600 μέλλουσιν
1653 1530 1806 1600 ὁρᾶν,
1831 1550 1873 1585 15

116 1620 169 1672 οῑ
221 1619 393 1673 αὐτοῦ
449 1629 777 1688 στρατιῶται
830 1622 959 1682 τοὺς
1008 1619 1277 1688 θατέρου,
1333 1621 1389 1673 οἱ
1432 1616 1491 1672 δὲ
1538 1617 1626 1672 ἐπὶ
1679 1621 1808 1681 τοὺς

114 1708 417 1775 βουλευτὰς
473 1711 481 1773 Ι
538 1715 783 1777 χωροῦσι
830 1707 921 1761 καὶ
966 1709 1176 1776 δρῶσιν
1216 1708 1244 1761 ὃ
1284 1710 1650 1775 πεπόνθασιν,
1689 1720 1790 1763 RII
1809 1725 1893 1764 252

117 1795 409 1866 ἀρχόμενοι
459 1793 561 1865 μὲν
600 1796 707 1850 ἀπὸ
746 1806 860 1851 τῶν
899 1798 1141 1865 οἰκετῶν,
1188 1799 1477 1867 προϊόντες
1516 1794 1577 1850 δὲ
1616 1795 1704 1849 ἐπὶ
1742 1798 1808 1849 τὰ

115 1893 261 1938 νῶτα
315 1894 428 1938 τῶν
482 1886 784 1955 δεσποτῶν,
846 1884 936 1939 καὶ
993 1886 1192 1954 ρ”άβδοι
1255 1886 1479 1955 ῥάβδων
1540 1885 1806 1954 διάδοχοι,

114 1975 379 2043 πρόγονοι
435 1971 497 2027 δὲ
543 1975 636 2028 καὶ
684 1976 938 2045 χορηγίαι
974 1972 1078 2046 [καὶ
1126 1973 1257 2037 δόξα
1306 1975 1396 2027 καὶ
1442 1975 1507 2027 τὰ
1554 1975 1692 2027 ἄλλα
1738 1974 1804 2042 δὴ
1829 1994 1872 2027 20

114 2062 180 2114 τὰ
218 2071 330 2116 τῶν
369 2063 814 2131 πολιτευομένων
853 2063 1019 2133 μικρά
1055 2083 1113 2116 τε
1152 2061 1243 2115 καὶ
1276 2062 1486 2130 ἀσθενῆ
1527 2061 1615 2114 καὶ
1650 2062 1806 2115 οὐδε-

114 2151 209 2213 νὸς
264 2152 400 2215 ἄξια.
477 2153 684 2221 ταύτην
740 2153 808 2220 δὴ
864 2153 964 2221 τὴν
1018 2151 1239 2218 ἀτιμίαν
1289 2153 1345 2203 τί
1395 2159 1565 2214 ποιεῖ;
1619 2150 1681 2202 τὸ
1732 2151 1803 2218 μὴ

114 2242 373 2292 πλουτεῖν
411 2240 543 2309 ἡμῖν
589 2243 721 2303 τοὺς
765 2239 1228 2309 πολιτευομένους
1273 2237 1396 2308 μηδ’
1430 2241 1575 2308 ἔχειν
1612 2239 1679 2291 τὰ
1715 2258 1804 2306 τη-

118 2330 344 2380 λικαῦτα
397 2333 756 2400 λειτουργεῖν.
833 2330 881 2382 εἰ
929 2329 990 2382 δὲ
1040 2329 1111 2397 μὴ
1166 2329 1328 2397 μόνοι
1383 2335 1552 2380 ταῦτα
1603 2328 1803 2379 πεπόν-

237 2546 344 2592 Ιὸὲ
376 2549 511 2592 omI
641 2554 781 2593 2τοῦ
815 2562 891 2591 om
923 2548 992 2592 Pa
1018 2547 1118 2590 Mor
1254 2546 1527 2590 46301111
1658 2545 1802 2588 ὂκάν

115 2604 301 2676 reposui
333 2621 388 2650 ex
419 2608 640 2652 APIBV
711 2608 790 2651 καὶ
820 2607 990 2663 reliqui
1021 2606 1130 2649 libri
1162 2605 1253 2649 edd
1384 2610 1435 2649 11
1471 2601 1570 2648 ἴσον
1603 2606 1648 2649 P
1677 2604 1757 2647 sed
1782 2607 1800 2617 ”

117 2676 173 2707 ex
247 2678 348 2708 corr
368 2666 451 2721 ωδ,
476 2667 551 2710 IB
676 2671 728 2710 12
764 2666 1015 2723 ἐξενεγκεῖν
1043 2666 1089 2709 Β
1117 2667 1123 2719 Ι
1151 2663 1261 2709 οὐδὲ
1292 2663 1395 2708 Mor
1523 2667 1575 2706 13
1608 2663 1662 2707 οὐ
1695 2664 1801 2706 ante

116 2723 353 2776 προξενῶν
380 2725 580 2769 OAPIB
592 2726 661 2770 Va
684 2725 787 2770 Mor
848 2724 997 2769 delevi
1060 2723 1083 2767 ὁ
1109 2724 1176 2767 Re
1209 2730 1251 2778 („
1256 2724 1335 2781 ley.
1362 2719 1443 2767 au't
1474 2718 1610 2773 οὗτος
1639 2726 1720 2765 aut
1744 2721 1800 2764 οὐ

117 2781 315 2837 μικρὰν“
346 2783 504 2840 Anim)
627 2789 682 2827 14
714 2786 931 2828 διατοῦτο
956 2783 1178 2828 APIBV
1301 2786 1353 2825 17
1387 2780 1556 2835 ὁρῶσιν
1588 2780 1689 2823 Mor
1720 2780 1800 2823 sed

118 2855 172 2895 γρ
189 2840 323 2895 ἐρῶσι
354 2842 403 2884 in
426 2857 559 2900 marg
678 2847 734 2887 20
765 2843 906 2887 τᾶλλα
930 2843 997 2886 Re
1119 2846 1171 2885 21
1206 2841 1262 2885 τὰ
1294 2855 1369 2884 om
1394 2840 1495 2883 Mor
1520 2840 1526 2897 Ι
1553 2838 1751 2913 μηδενὸς
1774 2840 1809 2882 Ι

118 2903 232 2999 ΑΒ23
263 2899 323 2957 μὴ
348 2898 396 2946 δ’
415 2902 581 2946 APIB
609 2903 614 2958 Ι
642 2905 892 2958 τηλικαῦτα
924 2903 970 2946 Ρ
998 2900 1079 2944 sed
1111 2918 1171 2945 αυ
1203 2900 1251 2943 in
1275 2915 1348 2943 ras
1374 2899 1442 2941 m’
1570 2902 1625 2941 24
1657 2896 1701 2941 οἱ
1733 2897 1799 2940 ΒΘ

192 2971 258 3000 lm
