1992 3094
477 117 704 161 LIBANII
736 115 960 159 ORATIO
994 116 1076 159 AD
1108 115 1433 162 POLYCLEM
1704 117 1811 169 249

236 254 321 307 21.
378 250 559 307 Εἶπον
612 250 714 322 μὲν
761 248 865 304 οὖν
920 253 1218 321 δεήσεσθαι
1274 262 1385 305 τῶν
1432 251 1678 322 ἀστέρων
1724 252 1814 305 καὶ

124 343 484 413 πειράσεσθαι
523 345 754 404 πολλαῖς
795 343 1044 403 ἱκετείαις
1083 349 1309 409 ποιῆσαι
1349 342 1447 394 τὸν
1471 339 1608 410 ’Ἀρη
1648 344 1817 412 πρᾳό-

124 451 301 502 τερον,
354 436 546 498 θῶμεν
601 427 661 483 δὲ
722 431 979 499 εἰρῆσθαι
1034 431 1130 492 τὰς
1183 431 1397 483 τούτων
1451 429 1820 499 ἐπιχειρήσειν

126 520 456 573 ἀπώσασθαι
502 519 684 587 βολάς.
762 517 881 578 κατ’,
910 520 1072 587 ἄμφω
1129 521 1323 572 τοίνυν
1370 518 1536 587 ἐχρῆν
1587 517 1711 586 ἐμοί
1758 533 1819 572 σε

124 613 533 677 συνάχθεσθαι,
582 605 675 660 εἴτ’
708 605 790 660 ἐπ’
828 605 951 673 ε’μοί
988 627 1039 659 τι
1081 606 1363 660 συνέκειτο
1404 612 1511 660 εἰτε
1550 608 1710 670 κενὸς
1748 603 1818 675 ἦν
1866 630 1885 662 5

36 690 40 692 ’
123 695 152 749 ὁ
194 698 366 766 φόβος
405 696 494 748 καὶ
534 697 761 764 δείματα
807 695 1021 761 μάταια.
1098 696 1352 764 δυστυχῶ
1402 695 1505 762 γὰρ
1548 697 1615 764 δὴ
1655 699 1818 749 τοῦτό

124 804 198 853 γε.
260 785 321 837 σὲ
376 782 436 837 δὲ
499 785 626 837 οὔτε
679 783 1011 836 ὑπώπτευον
1065 781 1180 836 οὔτ’
1218 781 1362 852 ἔφην
1422 782 1537 836 κατ’
1579 784 1714 852 ἐμοῦ
1767 806 1820 838 τι

124 881 330 945 καμεῖν.
406 874 463 925 τί
507 868 612 926 οὖν
657 873 719 924 τὸ
767 880 863 940 τῆς
907 874 1211 940 μεταβολῆς
1261 872 1464 937 αἴτιον;
1519 875 1576 926 τί
1618 875 1678 926 τὸ
1725 882 1820 943 τῆς

123 970 327 1031 φυγῆςς
367 961 453 1014 22.
493 957 526 1030 ἦ
567 975 657 1014 σοι
698 961 974 1030 δοκοῦμεν
1013 959 1229 1013 ἀδικεῖν
1268 960 1369 1014 οὐκ
1410 963 1650 1030 ἐγκώμια
1689 963 1818 1032 γρά-

123 1069 324 1119 φοντες
362 1059 474 1105 τῶν
513 1047 597 1103 ἐπ’
635 1049 852 1121 ὀλέθρῳ
900 1054 1124 1103 πολλῶν
1163 1048 1224 1103 ἐν
1261 1050 1364 1118 μὲν
1402 1050 1576 1121 ἡμέρᾳ
1614 1057 1816 1105 καθευ-
1844 1075 1885 1106 ιο

124 1139 354 1206 δόντων,
393 1140 594 1202 νυκτὸς
634 1129 695 1192 δὲ
735 1138 1042 1202 ἀξιούντων
1079 1137 1384 1192 ἐπιτάττειν
1416 1140 1662 1206 δαίμοσι;
1701 1142 1817 1194 καί-

123 1247 208 1280 τοι
262 1225 372 1298 φῂς
425 1227 656 1290 οὐδενὸς
710 1226 772 1281 ἐν
826 1236 941 1290 τοῖς
1002 1228 1276 1289 τοιούτοις
1337 1237 1527 1291 κακοῖς
1586 1228 1819 1297 ὕστερος

125 1309 282 1382 εἶναι,
323 1319 535 1383 μᾶλλον
574 1313 635 1369 δὲ
674 1326 786 1370 τῶν
824 1313 927 1383 μὲν
967 1317 1068 1369 οὐκ
1105 1314 1325 1384 ἐλάττω,
1365 1326 1477 1370 τῶν
1508 1314 1569 1370 δὲ
1602 1316 1819 1371 ἐπίστα-

35 1471 37 1473 .
126 1410 260 1458 σθαι
292 1408 476 1458 πλείω.
518 1403 635 1458 ἀλλ’
667 1405 812 1472 ὅμως
849 1405 939 1458 καὶ
973 1414 1088 1467 τοῖς
1119 1408 1329 1474 χείροσι
1365 1403 1372 1477 Ι
1407 1409 1541 1459 κατὰ
1574 1407 1670 1469 τὰς
1701 1419 1741 1461 R
1762 1419 1906 1463 H327

123 1494 377 1556 τοιαύτας
414 1494 623 1562 βλάβας
662 1495 734 1557 ὡς
765 1495 961 1562 ἥδιστα
1002 1495 1159 1547 σύνει
1197 1496 1258 1547 τό
1296 1515 1349 1548 τι
1381 1494 1507 1565 περὶ
1547 1497 1817 1557 τοιούτων
1844 1518 1884 1549 15

124 1581 348 1636 ἀκούειν
374 1581 434 1651 ἢ
497 1583 679 1651 λέγειν
732 1584 896 1652 ἥδιον
951 1572 1142 1651 ἑορτῆς
1195 1583 1360 1650 ἄγων.
1448 1586 1624 1637 καίτοι
1678 1592 1818 1654 χρῆν

124 1679 239 1733 τοῖς
282 1672 450 1725 πάλαι
488 1673 777 1735 κινδύνοις
814 1673 1237 1725 πεπαιδεῦσθαι.
1316 1674 1386 1724 σὺ
1427 1671 1499 1741 δ’,
1537 1672 1610 1736 ὡς
1656 1676 1817 1742 ἔοικε,

124 1761 338 1814 κακίων
360 1767 451 1833 τῷ,
478 1761 775 1830 διαφυγεῖν
816 1760 1118 1830 γεγένησαι.
1158 1791 1163 1797 -

244 1926 269 1964 2
301 1920 508 1976 ἀστέρων
541 1921 708 1978 scripsi
739 1921 842 1966 coll.
869 1936 913 1990 p.
930 1926 1030 1976 247,
1042 1926 1097 1964 20
1183 1922 1372 1975 ἀνδρῶν
1397 1920 1507 1964 libri
1533 1921 1666 1979 Bong
1690 1922 1757 1965 Re

126 1979 306 2034 ἄστρων
322 1979 536 2025 Monnicr
561 1982 568 2036 Ι
595 1983 789 2031 πολλαῖς
808 1981 973 2038 scripsi
1035 1979 1255 2032 πολλάκις
1277 1979 1387 2024 libri
1405 1980 1496 2024 edd
1524 1982 1530 2036 Ι
1558 1978 1817 2036 πραότεροι

126 2040 284 2083 PIMo
404 2044 430 2083 3
463 2038 768 2109 ἐπιχειρήσεις
798 2040 932 2097 Bong
1074 2044 1100 2082 4
1133 2038 1305 2097 βουλάς
1335 2041 1365 2083 1
1394 2039 1475 2083 sed
1507 2057 1536 2083 v
1569 2039 1646 2083 del
1689 2043 1695 2096 Ι
1737 2042 1817 2084 καὶ

127 2095 229 2142 κατ’
269 2099 338 2155 V!
367 2098 525 2157 ἐχρῆν
536 2099 662 2143 inser
684 2099 744 2142 1³
871 2104 897 2143 5
927 2115 999 2149 τις
1022 2101 1054 2142 Ι
1075 2099 1207 2155 Bong
1267 2115 1315 2143 τε
1342 2099 1426 2143 Mo
1547 2103 1573 2141 6
1606 2100 1817 2158 δυστυχῶ

127 2157 292 2213 scripsi
315 2171 341 2202 c
361 2159 441 2203 GP
462 2158 573 2202 sed
560 2173 610 2201 1n
627 2158 715 2202 hoc
738 2175 793 2216 γρ
812 2174 859 2210 ες
883 2171 1026 2215 supra
1049 2166 1084 2201 ῶ
1102 2158 1185 2212 m³‚
1209 2159 1253 2203 U
1258 2158 1301 2202 V
1355 2156 1575 2215 δυστυχὲς
1591 2160 1636 2202 Α
1661 2158 1740 2203 scd
1760 2176 1814 2216 γρ

129 2233 311 2305 δυστυχ
331 2231 380 2275 in
403 2245 551 2289 marg
584 2234 699 2277 IMo
730 2232 841 2277 cdd
871 2235 879 2289 Ι
927 2232 987 2289 δὴ
1018 2246 1094 2276 om
1118 2233 1152 2275 I
1170 2231 1303 2289 Bong
1485 2236 1507 2274 7
1553 2231 1658 2276 οὔτε
1690 2231 1757 2276 Rc

186 2295 211 2334 9
244 2284 272 2346 ἦ
306 2290 469 2348 scripsi
504 2291 508 2297 ’
539 2290 568 2347 ἥ
600 2290 710 2335 libri
741 2287 814 2349 (ἧς
844 2292 920 2336 La
960 2249 1032 2335 ητί
1064 2291 1151 2348 Ρα)
1184 2290 1275 2335 edd
1304 2293 1309 2346 Ι
1337 2291 1521 2336 ἀδικεῖν
1551 2290 1678 2336 inser
1701 2292 1734 2334 Ι
1741 2291 1758 2316 ³

131 2354 180 2392 11
215 2347 432 2406 δαίμοσιν
455 2351 549 2394 AP
668 2355 721 2394 12
755 2350 848 2406 φὴς
871 2350 1030 2395 PIMo
1058 2350 1063 2409 Ι
1091 2356 1253 2400 κακοῖς
1284 2363 1358 2394 om
1383 2349 1516 2408 Bong
1638 2354 1691 2392 13
1724 2358 1816 2395 τῶν
1900 2371 1904 2374 ·

128 2410 188 2465 (2)
214 2409 260 2452 Ρ
279 2409 394 2453 sed
422 2409 515 2453 add
531 2409 602 2453 111⁸
725 2415 778 2452 15
804 2406 952 2455 συνίει
976 2409 1107 2467 Bong
1135 2410 1141 2467 Ι
1168 2409 1220 2453 τὸ
1244 2406 1290 2453 τί
1305 2410 1512 2454 APIMo
1636 2413 1689 2452 16
1716 2409 1815 2463 ἑορ-

126 2473 208 2523 τῆς
223 2462 253 2511 1
274 2462 355 2512 sed
380 2467 428 2512 ἑο
452 2468 501 2512 in
517 2481 593 2512 ras
610 2468 680 2511 ω’
802 2469 856 2512 18
881 2476 971 2512 τῶν
991 2470 1074 2512 Mo
1102 2469 1109 2526 Ι
1136 2468 1253 2523 πρὸς
1274 2467 1505 2512 πολυκλέα
1530 2468 1692 2512 subscr
1715 2470 1793 2512 ΡΙ
1800 2468 1817 2493 ⁸
