1992 3094
479 121 708 167 LIBANII
738 121 963 167 ORATIO
997 123 1076 167 DE
1108 120 1518 168 THRASYDAEO
1741 121 1844 174 155

87 310 91 315 .
150 258 485 327 Μενεδήμου
532 256 658 328 περὶ
709 265 804 326 τῆς
854 256 1102 312 ἐνταῦθα
1155 260 1420 328 βοηθείας
1463 260 1595 326 μήτε
1646 259 1844 325 συμβε-

143 349 388 415 βλῆσθαι
426 343 601 414 μηδὲν
652 345 775 415 μήτ’
806 346 1010 400 εἰδέναι
1060 367 1154 414 μοι
1202 349 1364 417 χάριν
1408 343 1548 414 ὑπὲρ
1587 346 1843 399 τοιούτου

140 435 380 504 μηδενὸς
417 433 764 503 Μενέδημον.

261 523 342 576 13.
390 519 534 590 Ἐμὲ
573 523 719 592 γάρ,
767 538 958 592 φησιν,
1005 525 1282 593 ἠρώτας,
1334 525 1389 577 εἰ
1441 524 1713 577 δύναιτο
1754 524 1831 574 ἄν

147 612 358 666 οὐκοῦν
403 613 596 679 μόνον,
643 614 816 666 ἄλλον
864 610 926 665 δὲ
974 612 1202 681 οὐδένα,
1254 611 1375 666 οὐδ’
1406 611 1477 665 ἂν
1523 616 1670 665 εἴποι
1707 629 1837 678 παρ-
1890 632 1907 662 ιτ,

141 702 332 755 ελθὼν
387 698 572 762 οὐδεὶς
628 699 812 770 ἕτερος
858 702 1185 770 ἠρωτῆσθαί
1234 721 1285 754 τι
1332 708 1611 770 τοιοῦτον,
1664 701 1838 752 καίτοι

142 788 236 842 καὶ
285 790 334 842 εἰ
371 789 573 852 πάντες
618 799 731 843 τῶν
777 789 963 843 αὐτῶν
1010 787 1152 858 ἦσαν
1191 790 1524 851 ἀκούσαντες
1569 788 1842 858 ῥημάτων,

143 876 268 931 οὐδ’
300 877 444 931 οὕτω
486 876 635 931 τοῦτ’
666 877 738 931 ἂν
775 876 1005 948 ἔπραττε
1037 880 1349 951 Μενεδήμῳ
1388 880 1490 947 τὴν
1528 879 1719 946 μονήν.
1772 873 1842 944 ἦν

147 968 251 1034 γὰρ
306 975 421 1029 τοῖς
476 966 871 1035 ἠρωτημένοις,
935 973 1087 1037 εἴπερ
1141 969 1370 1036 ἤθελον,
1433 966 1838 1034 ἀποκρίνασθαι

144 1054 239 1108 καὶ
292 1056 442 1108 πάνυ
498 1056 597 1109 τὸν
650 1057 957 1126 ἄνθρωπον
1012 1058 1308 1110 δύνασθαι.
1384 1064 1492 1110 νῦν
1547 1053 1596 1107 δ’
1634 1055 1686 1107 οἱ
1740 1051 1843 1123 μὲν
1870 1076 1909 1105 10

144 1145 252 1197 οὐκ
291 1146 554 1213 ἤκουσαν,
610 1147 679 1198 σὺ
721 1142 781 1198 δὲ
827 1146 966 1215 πρὸς
1004 1152 1078 1217 τῷ
1119 1149 1283 1217 τοίχῳ
1331 1147 1498 1214 μόνος
1547 1142 1636 1196 καὶ
1676 1149 1841 1212 μικρᾷ

148 1253 209 1301 γε
240 1241 305 1303 τῇ
338 1241 512 1303 φωνῇ.
574 1236 656 1297 τίς
689 1230 793 1287 οὖν
817 1233 1084 1288 ἐντεῦθεν
1108 1235 1391 1302 ἀπαλλαγὴ
1420 1240 1496 1304 τῷ
1531 1231 1538 1303 Ι
1574 1235 1689 1285 Με-
1722 1244 1761 1286 R
1784 1243 1928 1285 11250

142 1322 394 1394 νεδήμῳ;
464 1323 546 1375 14.
580 1324 647 1376 εἰ
687 1321 737 1376 δ’
769 1319 875 1377 οὗν
913 1321 1003 1376 καὶ
1042 1323 1168 1391 περὶ
1209 1330 1312 1376 σοῦ
1350 1330 1577 1375 τοιαῦτα
1614 1321 1842 1389 ἠρώτων

143 1410 353 1480 ἕτερον,
393 1413 554 1474 ὄντος
591 1410 683 1465 καὶ
716 1411 778 1465 ἐν
810 1411 898 1465 σοὶ
931 1411 1136 1465 ταύτοῦ
1169 1413 1477 1480 νοσήματος
1508 1410 1675 1463 οὐδὲν
1699 1407 1839 1476 <ἂν>

149 1500 355 1567 ἄλογον
378 1503 666 1570 ἔπραττον.
708 1501 773 1554 οὐ
799 1502 903 1570 γὰρ
931 1500 990 1553 ἐν
1015 1499 1252 1565 ἐξετάσει
1283 1502 1345 1553 τό
1371 1519 1433 1568 γε
1465 1500 1567 1552 σὸν
1597 1494 1683 1566 ἧν,
1717 1495 1832 1549 ἀλλ’
1868 1518 1905 1549 15

142 1587 557 1658 ἀνωμολόγητο,
597 1591 692 1643 καί
727 1604 787 1643 σε
822 1591 1166 1659 πρεσβευτὴν
1197 1587 1506 1657 ἐπεποιήκει
1538 1588 1599 1641 τὸ
1632 1588 1838 1655 συμπό-

148 1691 275 1730 σιον
306 1676 397 1730 καὶ
429 1680 559 1741 τοὺς
582 1677 947 1741 ἐπαινοῦντας
980 1675 1119 1747 εἶχες
1142 1687 1255 1731 τῶν
1277 1674 1380 1746 μὲν
1403 1678 1500 1729 τὸν
1524 1678 1838 1745 φιλόπολιν,

145 1775 257 1819 τῶν
295 1763 356 1819 δὲ
403 1767 503 1820 τὸν
541 1767 748 1820 ἄοκνον
795 1768 1135 1834 καλούντων,
1188 1766 1390 1834 ἑτέρων
1427 1766 1526 1818 τὸν
1563 1766 1702 1832 πρὸς
1739 1765 1840 1831 τὴν

148 1855 319 1908 αὑτοῦ
361 1857 595 1924 δίκαιον,
636 1858 820 1909 ἄλλων
849 1858 950 1910 τὸν
981 1858 1308 1925 φιλόπονον,
1347 1855 1438 1907 καὶ
1478 1846 1568 1907 οἷα
1607 1853 1668 1905 δὲ
1699 1850 1840 1920 ἐρεῖς

147 1943 237 1996 καὶ
270 1943 373 1997 ὅσα
404 1943 495 1997 καὶ
528 1945 601 2007 ὡς
632 1943 849 2008 θέλξεις
880 1946 978 1998 τὸν
1010 1943 1250 2014 βασιλέα.
1325 1942 1407 1996 15.
1447 1943 1535 1995 καὶ
1569 1943 1638 1994 σὺ
1670 1948 1838 1994 ταῦτα
1865 1962 1906 1991 ευ

148 2031 369 2085 ἀκούων
424 2033 566 2103 ε’ρῶν
621 2033 856 2102 ἐφαίνου
912 2042 1007 2102 τῆς
1061 2032 1197 2086 ὁδοῦ
1250 2033 1422 2100 δῆλον
1471 2031 1556 2084 ὅτι
1604 2034 1839 2098 θαρρεῖν

146 2117 287 2191 ὑπὲρ
340 2129 440 2175 τοῦ
484 2123 734 2189 σώματος
782 2125 921 2192 ἔχων
959 2120 1050 2175 καὶ
1088 2121 1364 2174 πιστεύων
1403 2119 1550 2191 αὑτῷ
1582 2119 1683 2186 τὴν
1722 2118 1838 2170 δια-

150 2211 347 2263 κονίαν
379 2216 572 2277 οἱ’σειν,
611 2212 751 2264 ὥστε
784 2226 887 2264 σου
919 2211 986 2263 τὰ
1015 2210 1141 2279 περὶ
1171 2216 1267 2277 τῆς
1297 2210 1468 2261 νόσου
1506 2208 1640 2276 μετὰ
1669 2213 1839 2259 ταῦτα

148 2297 363 2367 ῥήματα
403 2301 677 2368 σχήματος
715 2294 858 2353 εἶναι
899 2301 1103 2365 δοκεῖν,
1143 2298 1244 2351 οὐκ
1276 2296 1538 2365 ἀληθείας
1576 2293 1666 2348 καὶ
1697 2300 1835 2362 θρυ-

147 2386 426 2456 πτομένου
465 2391 677 2456 μᾶλλον
707 2386 739 2455 ἢ
772 2385 1120 2455 βουλομένου
1154 2384 1359 2452 με’νειν,
1399 2381 1515 2438 ἐπεὶ
1546 2391 1647 2436 τοῦ
1678 2382 1839 2451 χάριν
1863 2377 1903 2433 25

148 2475 219 2527 οὐ
265 2477 596 2545 προσελθών
648 2496 742 2545 μοι
797 2474 887 2528 καὶ
935 2476 1235 2543 λαβόμενος
1288 2480 1384 2541 τῆς
1434 2470 1613 2535 δεξιᾶς
1659 2473 1838 2537 ἔλεγες

149 2564 287 2631 πρὸς
323 2559 440 2632 οὖς,
480 2564 565 2617 ὅτι
597 2560 639 2616 ὦ
680 2566 973 2633 φίλτατε,
1013 2572 1139 2616 τῶν
1176 2559 1293 2629 μὲν
1333 2559 1437 2613 ἐπὶ
1477 2567 1587 2627 τῆς
1626 2557 1836 2612 ἑστιά-

270 2757 295 2795 2
326 2751 411 2808 τὴν
443 2752 582 2810 χάριν
613 2753 747 2810 Bong
911 2757 936 2795 6
970 2752 1245 2807 ἠρωτῆσθαι
1277 2748 1321 2793 τί
1352 2751 1385 2792 Ι
1532 2753 1557 2789 9
1590 2744 1836 2802 ἀποκρίνε-

151 2812 268 2854 σθαι
294 2812 339 2855 V
452 2815 508 2856 10
540 2812 590 2856 δὲ
614 2812 685 2856 Re
809 2816 862 2855 14
895 2809 955 2854 ἂν
982 2810 1155 2854 inserui
1279 2814 1333 2852 15
1364 2809 1446 2853 τὸν
1477 2808 1545 2851 Re
1669 2811 1720 2850 19
1752 2806 1836 2850 αὐ-

150 2875 235 2912 τοῦ
265 2870 349 2914 IV
363 2869 498 2927 Bong
640 2875 696 2914 20
727 2867 859 2914 ταῦτ’
890 2870 934 2913 V
1077 2874 1133 2912 21
1168 2867 1382 2924 δηλονότι
1413 2867 1481 2910 Re
1624 2869 1679 2909 22
1712 2865 1837 2924 αὐτῷ

152 2926 221 2971 Re
281 2928 407 2988 αὐτῷ
437 2929 548 2973 libri
572 2929 706 2986 Bong
825 2934 882 2972 26
914 2929 1035 2983 ἔλεγε
1067 2929 1098 2971 1
1126 2927 1258 2983 Bong
1288 2926 1370 2982 qui
1403 2926 1549 2981 ἔλεγες
1579 2924 1683 2968 coni
