1992 3094
141 119 248 171 316
663 115 891 159 LIBANII
924 113 1148 159 ORATIO
1181 115 1304 159 XLII

139 256 277 323 πρὸς
308 257 438 316 τοὺς
470 254 704 320 ἄγοντας
737 253 932 318 λόγων,
966 251 1033 303 οὐ
1067 251 1307 320 χρηστὸν
1342 251 1664 319 ἡγούμενος,
1705 250 1835 304 ἀλλ’

142 342 243 395 οὐκ
275 336 378 394 οἶδ’
411 342 555 403 ὅπως
586 342 663 402 εἰς
695 336 883 393 οἶκτον
914 341 1051 408 ταχὺ
1083 338 1472 408 καταφέρομαι.
1540 339 1621 391 18.
1648 337 1834 392 ἐλθὼν

141 432 334 483 τοίνυν
381 431 456 492 εἰς
502 430 602 497 τὴν
648 429 890 495 μεγάλην
937 429 1102 481 πόλιν
1145 427 1235 480 καὶ
1283 430 1637 497 πανταχόθεν
1683 427 1833 492 ἄξιος

51 532 92 574 R
115 532 156 574 Π
174 535 257 575 398
292 513 431 571 εἶναι
465 519 645 570 δοκῶν
681 518 686 585 Ι
721 517 987 569 τεθνάναι
1022 509 1105 578 οἷς
1135 536 1192 569 τε
1225 516 1389 579 αὐτὸς
1420 515 1703 586 ἐδεδράκει
1742 515 1831 570 καὶ

96 629 115 661 5
141 601 223 670 οἷς
262 609 443 659 ἄλλων
482 606 868 673 κατεψεύσατο,
909 606 1209 674 συμμάχων
1242 605 1386 671 ὅμως
1420 605 1690 674 εὐπόρησε
1721 614 1836 658 τῶν

140 697 402 766 Κλεάρχῳ
442 695 543 763 μὲν
583 693 795 763 ἐχθρῶς
835 692 1092 762 ἐχόντων,
1137 695 1368 746 εἰδότων
1409 694 1470 746 δὲ
1510 693 1592 746 ὅτι
1631 701 1835 747 τοῦτον

140 784 345 847 ἐκεῖνος
390 782 631 853 βούλοιτ’
662 782 731 835 ἂν
778 782 1101 835 ἀπολέσθαι.
1171 780 1379 847 ἐσώζετ’
1411 778 1516 835 οὖν
1558 790 1623 852 τῇ
1662 788 1845 835 τινων

140 874 369 940 δυνάμει
421 873 449 926 ὁ
500 871 766 925 τεθνάναι
818 867 920 940 μὲν
970 872 1181 933 δίκαιος
1231 871 1334 939 ὥν,
1391 874 1496 936 ζῶν
1547 870 1631 939 δέ,
1687 871 1833 933 ὅπως

140 962 338 1033 ἀνιῷτο
379 961 671 1030 Κλέαρχος.
754 959 834 1012 19.
893 960 1187 1028 διαφυγὼν
1225 961 1421 1013 τοίνυν
1460 958 1625 1028 ἐγγὺς
1664 961 1730 1013 ὂν
1768 961 1831 1013 τὸ

75 1072 115 1103 ιο
139 1049 297 1119 ξίφος
337 1050 594 1103 ἁπάντων
625 1049 798 1101 αὐτὸν
837 1048 1107 1115 οἰομένων
1139 1053 1268 1101 εἴσω
1308 1068 1366 1101 τε
1404 1054 1602 1119 θυρῶν
1639 1050 1832 1117 βιώσε-

140 1144 273 1192 σθαι
319 1137 410 1192 καὶ
460 1141 682 1207 σχήσειν
732 1138 970 1206 ἡσυχίαν
1020 1136 1110 1190 καὶ
1158 1136 1342 1206 λήξειν
1391 1145 1486 1206 τῆς
1534 1139 1670 1190 κατὰ
1720 1147 1835 1212 τῶν

137 1229 465 1296 κρειττόνων
511 1228 802 1296 παροινίας
849 1227 998 1296 αὐτῷ
1042 1232 1116 1298 τῷ
1157 1225 1284 1295 παρ’
1315 1225 1510 1279 ἐλπίδα
1550 1232 1834 1279 σεσῶσθαι

136 1318 469 1386 μιαρώτερος
508 1311 591 1383 ἦν.
667 1314 758 1368 καὶ
798 1325 910 1367 τῶν
949 1314 1011 1368 ἐν
1057 1323 1121 1385 τῇ
1167 1317 1344 1386 βουλῇ
1392 1317 1522 1377 τοὺς
1570 1315 1833 1383 ἀρίστους

136 1406 388 1458 ὑλακτῶν
448 1405 714 1474 ἠγάλλετο
775 1407 1015 1471 νομίζων
1076 1402 1343 1457 ἐντεῦθεν
1400 1412 1541 1472 γοῦν
1603 1406 1832 1457 ἔσεσθαι

73 1510 113 1545 15
138 1495 445 1563 περιφανὴς
477 1495 690 1555 δικαίας
724 1493 825 1546 οὐκ
867 1493 1035 1562 οὔσης
1068 1493 1339 1563 ἀφορμῆς,
1380 1485 1501 1546 οἷόν
1539 1513 1591 1546 τι
1631 1493 1691 1545 τὸ
1728 1500 1831 1545 τοῦ

142 1585 408 1651 Θερσίτου
448 1581 572 1652 περὶ
621 1585 824 1651 Τροιάν
864 1579 947 1651 ἣν.

249 1672 331 1723 20.
395 1673 461 1723 Τί
498 1667 601 1724 οὗν
640 1669 790 1723 ε’στιν
830 1671 858 1723 ὅ
901 1691 1064 1740 φημι;
1112 1671 1195 1723 ὅτι
1235 1671 1438 1724 τούτου
1477 1671 1577 1738 τὴν
1615 1672 1832 1739 βουλὴν

138 1759 475 1827 ἐλευθεροῦν
507 1758 688 1829 ἐχρῆν,
726 1758 842 1812 ἀλλ’
876 1759 942 1812 οὐ
977 1761 1186 1828 δούλην
1217 1769 1413 1813 ποιεῖν.
1476 1760 1543 1813 οὐ
1576 1761 1679 1830 γὰρ
1714 1754 1834 1812 οἶδ’

138 1849 281 1910 ὅπως
343 1850 412 1901 ἄν
472 1868 554 1911 τις
609 1849 786 1910 ἄλλως
839 1852 1128 1917 προσείποι
1182 1849 1242 1901 τὸ
1297 1847 1427 1901 νυνὶ
1481 1850 1828 1917 γιγνόμενον.

71 1956 112 1987 20
138 1937 269 1989 ὅταν
309 1937 410 2006 γὰρ
450 1938 511 1989 τὸ
551 1937 728 2008 τούτῳ
773 1937 979 1990 δοκοῦν
1018 1935 1144 2006 παρ’
1176 1936 1357 2007 ἐκείνῃ
1405 1938 1572 2004 νόμος
1609 1931 1667 2007 ᾖ,
1714 1945 1831 1998 πῶς

138 2026 202 2078 οὐ
246 2027 500 2078 τοιοῦτόν
545 2024 682 2090 ἑστι;
730 2033 837 2078 νῦν
878 2024 926 2078 δ’
958 2026 1037 2078 ὢν
1083 2026 1338 2088 κάκιστος
1384 2024 1474 2078 καὶ
1521 2033 1831 2093 κορυφαῖος

137 2107 281 2165 εἶναί
331 2133 387 2165 τε
438 2115 693 2181 βούλεται
744 2113 833 2166 καὶ
885 2114 1019 2182 φησὶ
1074 2113 1165 2166 καὶ
1219 2116 1348 2176 τοὺς
1405 2121 1831 2183 συγχωροῦντας

137 2203 245 2269 ἔχει
299 2200 388 2253 καὶ
440 2204 593 2268 σοβεῖ
638 2201 728 2254 καὶ
776 2202 987 2255 ἀπειλεῖ
1032 2203 1121 2255 καὶ
1175 2202 1536 2271 διαμέμφεται
1586 2201 1676 2255 καὶ
1728 2203 1830 2255 τὸν

255 2395 279 2433 6
314 2391 490 2435 Sievers
522 2407 566 2447 p.
593 2396 678 2435 258
705 2407 770 2447 sq.
982 2397 1035 2434 14
1069 2392 1245 2450 [Isocr.]
1280 2392 1340 2435 ad.
1371 2391 1563 2436 Demon.
1596 2407 1640 2447 p.
1667 2395 1692 2434 8
1713 2405 1736 2434 c

138 2454 190 2491 16
225 2449 280 2492 ef.
307 2453 338 2494 t.
363 2450 428 2493 IV
453 2455 552 2506 943,
574 2456 625 2494 12
647 2451 697 2494 R.
746 2451 797 2494 11.
825 2453 852 2509 β
884 2456 969 2494 214

255 2631 279 2668 3
314 2627 362 2671 ἐσ
396 2630 453 2671 Μ
573 2633 598 2671 5
630 2627 864 2683 ηὐπόρησε
893 2628 958 2683 01
985 2629 1096 2686 τῶν]
1130 2628 1210 2671 καὶ
1236 2629 1304 2671 Va
1427 2632 1451 2670 6
1485 2624 1530 2670 δ’
1563 2626 1830 2671 PVaIBM

138 2685 228 2727 edd
351 2690 372 2727 7
409 2687 592 2739 ἐσώζετο
617 2688 651 2729 Ι
768 2691 822 2729 10
856 2687 1009 2730 αὐτῶν
1037 2687 1074 2731 O
1193 2691 1246 2730 12
1278 2684 1531 2741 παροινίας
1556 2687 1590 2728 Ι
1616 2686 1698 2729 sed
1730 2701 1823 2728 οινι

135 2742 182 2784 in
215 2757 289 2786 ras
321 2744 390 2787 m²
418 2747 423 2801 1
452 2743 713 2799 παρελπίδα
749 2745 860 2788 MV
988 2751 1042 2788 14
1074 2742 1119 2802 γ’
1149 2742 1233 2789 οὖν
1266 2746 1311 2789 Α
1434 2750 1488 2788 15
1520 2745 1572 2788 τὸ
1604 2745 1730 2787 inser
1759 2742 1826 2787 P³

229 2807 279 2845 19
323 2803 466 2853 ἄλλως
503 2802 750 2858 προσειποι
773 2803 849 2885 2ἀν
888 2821 956 2853 τις
994 2805 1135 2847 ΙΒΜ
1169 2804 1303 2861 Bong
1359 2806 1364 2860 1
1423 2804 1667 2860 γινόμενον
1698 2803 1741 2847 V

137 2864 191 2902 20
224 2856 250 2915 ἦ
284 2863 328 2904 Ρ
359 2863 439 2905 sed
471 2880 499 2918 η
533 2863 581 2904 in
612 2876 687 2905 ras
719 2861 788 2904 m²
951 2867 1005 2904 23
1040 2864 1168 2920 σοβεῖ
1195 2863 1383 2918 reposui
1415 2875 1439 2906 e
1472 2861 1604 2905 libris
1636 2862 1735 2918 (sed
1768 2877 1824 2918 γρ

137 2920 275 2975 φοβεῖ
303 2920 351 2962 in
383 2934 515 2977 marg
549 2920 643 2977 M2)
706 2922 845 2977 φοβεῖ
875 2921 965 2963 edd
