1992 3094
200 105 308 158 230
695 103 932 147 LIBANH.
955 102 1178 146 ORATIO
1212 102 1402 146 XXXVI

198 261 378 307 μενοι,
432 247 657 307 ποιῆσαι
714 239 774 291 δὲ
827 246 923 306 τῆς
978 235 1190 290 ἑαυτῶν
1241 238 1465 305 μερίδος
1511 234 1741 307 ἔξαρχον
1794 239 1882 296 καὶ

198 330 437 397 ἡγεμόνα
475 326 565 380 καὶ
606 327 784 380 πάντα
823 328 888 379 τὰ
927 333 1155 379 τοιαῦτα
1194 323 1419 378 ἔσεσθαι
1460 325 1725 393 λέγοντες.
1794 324 1882 378 καὶ

199 418 227 470 ὃ
270 418 335 484 δὴ
375 417 639 481 πολλάκις
679 416 979 483 εἰρήκασιν,
1021 414 1087 466 οὐ
1130 416 1490 482 σιωπήσομαι.
1563 415 1884 483 προσετίθε-

200 519 303 558 σαν
343 506 464 574 γάρ,
507 504 589 557 ὅτι
632 505 698 572 δὴ
739 502 829 556 καὶ
869 505 1370 571 προσκυνήσουσιν.
1441 503 1507 556 οὐ
1546 504 1656 570 μὴν
1695 501 1789 568 ἐμέ
1825 521 1886 569 γε

155 616 171 646 5
200 600 367 645 ταῦτα
422 598 605 645 λιπεῖν
666 593 766 660 τὴν
826 590 981 655 τάξιν
1036 591 1339 659 ἀνέπεισεν,
1401 589 1515 644 ἀλλ’
1561 591 1886 659 αἰδούμενος

198 685 326 744 τοὺς
372 680 610 748 ἐμαυτοῦ
657 683 968 750 προγόνους
1021 679 1208 747 μένειν
1256 680 1376 733 δεῖν
1422 679 1509 732 ἐπὶ
1555 689 1666 731 τῶν
1705 679 1887 731 αὐτῶν

198 769 389 842 ᾠήθην
428 779 610 839 τηρῶν
649 767 750 836 μὲν
788 777 903 831 τοῖς
942 768 1136 836 ἄρξασι
1175 771 1239 821 τὰ
1278 770 1425 838 παρὰ
1461 776 1560 821 τοῦ
1593 770 1765 836 νόμου
1798 766 1887 831 καὶ

199 868 310 911 τῶν
350 860 579 911 δικαίων
626 868 800 924 τιμῶν
846 858 947 910 οὐκ
996 857 1330 926 ἀποστερῶν,
1382 853 1525 910 εἶναι
1572 854 1630 916 δὲ
1680 857 1890 918 δίκαιος

197 946 321 1017 περὶ
368 948 468 1016 τὴν
519 948 728 1015 βουλὴν
775 946 959 1012 ἀξιῶν,
1015 947 1153 998 ὥστε
1198 948 1255 998 τί
1297 966 1390 1014 μοι
1439 953 1695 998 τοιοῦτον
1735 943 1890 1012 ἐγκα-

134 1060 175 1088 10
202 1041 317 1091 λεῖν
357 1034 477 1088 οὐδ’
509 1030 663 1088 οὗτοι
704 1033 953 1088 δύναιντ’
986 1036 1068 1087 ἄν.
1143 1037 1186 1086 Τ.
1229 1031 1380 1103 οἶμαι
1420 1034 1481 1087 δὲ
1521 1032 1640 1086 οὐδ’
1672 1032 1741 1085 ἂν
1780 1042 1890 1091 τῶν

202 1126 482 1177 συνδίκων
536 1123 741 1177 οὐδένα
795 1144 887 1192 μοι
943 1122 1270 1192 μέμψασθαί
1319 1143 1371 1175 τι
1426 1130 1701 1189 τοιοῦτον,
1758 1119 1827 1174 δι’
1861 1121 1888 1176 ὃ

203 1214 428 1275 δικαίως
468 1212 543 1278 ἂν,
576 1211 668 1279 ἐπὶ.
704 1214 910 1280 ταύτην
948 1209 1088 1280 ἦλθε
1128 1213 1228 1280 τὴν
1268 1213 1443 1280 δίκην.
1514 1213 1651 1280 πρός
1692 1230 1746 1263 τε
1787 1211 1889 1278 γὰρ

201 1304 330 1364 τοὺς
370 1302 637 1371 ἄρχοντας
678 1300 760 1353 ἀεὶ
801 1302 867 1354 τὰ
906 1304 1099 1370 βελτίω
1140 1302 1263 1370 περὶ
1298 1301 1481 1354 αὐτῶν
1520 1300 1749 1368 εἰρηκὼς
1789 1319 1891 1367 φα-

201 1391 436 1457 νήσομαι
475 1388 563 1442 καὶ
606 1390 756 1452 ὅστις
805 1389 955 1458 λέγοι
1002 1399 1216 1455 κακῶς,·
1248 1388 1605 1458 ἑμαχεσάμην.
1682 1389 1890 1457 γλώττῃ

136 1500 176 1531 15
203 1475 263 1530 δὲ
304 1478 582 1547 [οὐδενὸς]
627 1478 816 1543 οὐδενὶ
856 1480 1071 1531 πώποτε
1112 1477 1404 1531 ἐνεκάλεσα
1448 1479 1539 1547 μὴΓ
1565 1485 1757 1545 ,τηρεῖν
1796 1477 1893 1532 τὸν

203 1569 378 1635 νόμον
432 1576 546 1629 τοῖς
591 1587 657 1630 τε,
697 1569 978 1620 συνδίκων
1025 1567 1307 1633 δεομένοις
1354 1567 1705 1620 οὐδεπώποτε
1758 1583 1892 1633 παρ-

202 1653 371 1726 ῄνεσα
410 1657 540 1717 τοὺς
577 1652 679 1723 μὲν
720 1664 939 1723 φυγεῖν,
987 1657 1117 1718 τοὺς
1164 1652 1224 1708 δὲ
1265 1655 1450 1713 αὑτῶν
1495 1653 1891 1724 προβαλέσθαι,

203 1746 332 1806 τοὺς
371 1741 471 1812 μὲν
511 1741 680 1796 οὐδὲν
720 1740 862 1797 εἶναι
903 1743 1094 1811 λέγων,
1133 1746 1264 1806 τοὺς
1296 1741 1356 1796 δὲ
1388 1745 1566 1796 πάντα
1599 1744 1890 1799 δύνασθαι.

113 1845 318 1888 R11311
364 1831 369 1901 1
429 1831 488 1885 ἐν
545 1832 605 1884 δὲ
658 1840 775 1895 ταῖς
827 1835 1202 1901 προσρήσεσιν
1250 1837 1306 1884 εἴ
1351 1832 1421 1901 μέ
1468 1852 1548 1894 τις
1603 1831 1892 1900 φθάσειεν,

137 1943 178 1974 20
204 1921 416 1973 ἀδικεῖν
461 1920 714 1989 ἡγούμην
761 1923 822 1973 ἔν
860 1941 915 1974 τε
955 1930 1073 1983 ταῖς
1112 1920 1428 1983 ἀσθενείαις
1474 1922 1539 1973 τὰ
1591 1917 1692 1988 μὲν
1730 1920 1894 1980 αὐτὸς

204 2010 274 2072 ὡς
328 2009 530 2072 αὐτοὺς
574 2008 713 2078 ᾔειν,
766 2011 835 2063 τὰ
884 2008 931 2061 δ’
965 2012 1206 2078 ἔπεμπον
1252 2012 1382 2071 τοὺς
1430 2008 1771 2077 εἰσομένους,
1826 2001 1892 2060 οὗ

204 2099 370 2167 τύχης
410 2097 597 2160 αὐτοῖς
636 2103 718 2165 εἴη
759 2099 825 2150 τὰ
865 2099 1099 2166 σώματα.

317 2186 364 2238 8.
403 2182 553 2239 Εἶεν.
616 2185 734 2240 ἀλλ’
764 2186 922 2255 ὑμῶν
961 2206 1071 2239 τινι
1103 2194 1265 2239 τοῦτο
1305 2186 1554 2254 ήσεβήθη
1578 2195 1698 2243 ,τῶν
1730 2184 1891 2246 ῑνέων.;

206 2272 313 2326 εἰσὶ
353 2273 453 2342 μέν
492 2294 653 2341 τινες,
694 2268 777 2337 οἷς
818 2274 1059 2342 ἀσελγῶς
1099 2274 1200 2327 οὐκ
1234 2274 1392 2342 ὀλίγα
1423 2273 1724 2343 πέπρακται
1757 2273 1890 2340 πρὸς

325 2394 349 2432 6
384 2389 440 2434 cf.
467 2389 759 2444 t.181.‚9sq

326 2498 350 2535 2
375 2493 456 2536 καὶ
473 2495 534 2548 (2)
561 2507 636 2536 om
656 2495 698 2537 V
813 2498 837 2535 3
864 2492 915 2538 δε
935 2495 975 2537 V
998 2495 1002 2549 Ι
1033 2492 1241 2547 εἰρήκασι
1258 2494 1291 2535 Ι
1398 2498 1424 2535 4
1450 2491 1506 2548 δὴ
1525 2505 1600 2535 om
1618 2493 1663 2535 B
1780 2496 1828 2533 11
1849 2506 1891 2532 τι

206 2566 281 2595 om
305 2551 372 2594 Re
415 2553 420 2604 1
464 2549 530 2596 δι’
561 2550 584 2595 ὃ
617 2553 662 2595 Ρ
691 2549 814 2595 sed'
894 2552 943 2595 in
967 2566 1042 2595 ras
1068 2552 1136 2594 m³
1220 2551 1294 2595 διὸ
1323 2551 1486 2595 CAIV
1626 2555 1678 2593 12
1712 2550 1791 2593 καὶ
1822 2550 1890 2592 δι-

207 2608 350 2661 καίως
384 2611 427 2653 V
554 2615 608 2653 14
640 2609 758 2666 λέγει
793 2611 1207 2668 OVBong15
1241 2610 1292 2654 δὲ
1326 2610 1489 2665 scripsi
1551 2626 1598 2653 τε
1630 2609 1738 2652 libri
1762 2608 1894 2662 Bong

267 2666 313 2714 δ’
342 2669 409 2712 Re
453 2671 458 2720 Ι
501 2628 714 2718 οὐδενὸςγ
733 2669 988 2713 cancellavi
1000 2627 1072 2712 gut
1103 2669 1351 2712 lectionem
1382 2669 1561 2712 variam
1606 2669 1665 2711 ad
1698 2679 1891 2722 sequens

209 2728 366 2772 οὐδενὶ
395 2734 399 2777 1
428 2728 650 2785 offlam,
656 2729 748 2784 deq.
779 2730 940 2783 procul
972 2730 1109 2772 dubio
1135 2729 1301 2772 οὐδὲν“
1336 2727 1402 2770 Re
1510 2730 1512 2733 '
1571 2729 1624 2769 16
1657 2726 1766 2770 οὐδὲ
1799 2725 1891 2768 πώ

207 2802 318 2830 ποτε
351 2787 447 2830 AV
581 2791 633 2829 17
668 2790 715 2830 et
749 2792 802 2829 18
835 2788 943 2836 τοὺς
974 2789 1019 2831 Ρ
1049 2787 1162 2831 sed
1206 2786 1298 2829 add
1322 2787 1392 2828 m3
1530 2788 1599 2828 1“ι“
1615 2786 1768 2828 αὐτῶν
1800 2782 1900 2826 ΒῘ

210 2845 278 2888 Re
362 2846 514 2889 αὐτῶν
546 2845 715 2900 reliqui
747 2845 854 2889 libri
886 2846 1020 2902 Bong
1062 2849 1066 2901 Ι
1109 2845 1456 2902 προβάλλεσθαι
1490 2846 1533 2887 V
1625 2885 1629 2889 ,
1677 2848 1732 2894 20,
1763 2859 1819 2886 τα
1850 2842 1897 2891 R

210 2904 290 2947 sed
315 2903 323 2917 ¹
368 2904 458 2946 add
485 2904 565 2957 111³,
592 2906 623 2947 Ι
740 2909 791 2946 21
828 2903 926 2960 εἴην
953 2906 1075 2948 ΒῘά
1104 2907 1109 2959 1
1138 2903 1194 2946 τά
1227 2905 1396 2957 PBV!
1426 2903 1476 2946 δὲ
1511 2903 1576 2945 Re
1642 2952 1645 2954 ,
1858 2931 1862 2943 ψ,
