1992 3094
187 118 224 169 2
234 118 299 169 12
690 115 919 159 LIBANII
950 114 1174 159 ORATIO
1208 116 1378 160 XXXV

189 252 349 306 ταῦτ’
381 251 450 304 ἂν
496 257 604 321 εἴη,
651 253 840 321 πόρρω
882 249 947 303 δέ
982 271 1042 318 γε
1081 258 1181 303 τοῦ
1222 260 1316 321 τῆς
1355 255 1632 317 πολιτείας
1680 255 1885 323 χρήμα-

190 362 296 404 τος.
367 342 538 409 δῆλον
589 337 650 393 δὲ
700 338 931 393 ἐκεῖθεν.
1010 338 1059 392 5.
1115 339 1308 393 πολλοὶ
1365 341 1593 413 πατέρες
1646 345 1762 411 καί,
1815 344 1883 412 νὴ

101 444 306 489 RH286
347 432 460 483 Δία
491 449 570 498 γε,
608 429 699 481 καὶ
731 427 957 498 μητέρες
991 427 997 499 Ι
1032 437 1143 481 τῶν
1180 428 1403 499 ἀνδρῶν
1442 431 1634 493 αὐταῖς
1673 431 1885 501 οἰχομέ-

191 540 306 573 νων
351 521 564 587 ἤγαγον
612 517 698 570 ἐπὶ
746 518 840 580 τὰς
886 518 1143 580 τοιαύτας
1190 518 1437 581 δαπάνας
1490 520 1557 571 τὰ
1605 516 1708 588 μὲν
1762 521 1884 588 ἄρτι

152 632 171 665 5
198 609 464 676 γάλακτος
504 605 894 675 ἀπηλλαγμένα
941 606 1159 674 παιδία,
1206 607 1272 658 τὰ
1320 607 1381 659 δὲ
1428 607 1595 660 οὔπω.
1671 609 1888 671 τούτοις

193 693 297 750 οὖν
343 695 553 764 ἐκείνης
604 695 904 763 μεταδώσει
960 715 1040 757 τις
1086 703 1182 763 τῆς
1237 698 1630 765 προσηγορίας,
1685 697 1886 765 οὐδείς,

192 787 335 854 πλὴν
390 786 438 838 εἰ
491 786 796 850 παραπαίοι
850 802 926 850 γε.
986 792 1102 846 πῶς
1157 784 1261 853 γὰρ
1318 783 1388 837 ἂν
1442 785 1471 837 ὅ
1528 805 1589 853 γε
1636 783 1772 854 μηδ’
1804 785 1887 839 ὅτι

194 878 503 944 λειτουργεῖ
558 872 868 941 δυνάμενος
923 871 1130 924 εἰδέναι
1184 873 1244 924 τὸ
1299 880 1396 925 τοῦ
1454 872 1887 943 πολιτευομένου

193 962 434 1031 πράξεως
486 971 599 1023 πῶς
640 958 699 1013 δ’
723 960 788 1013 οὐ
830 960 1085 1030 πράττων
1124 967 1199 1033 τῷ
1237 969 1332 1030 τῆς
1370 959 1614 1031 πράξεως
1653 960 1722 1015 ἂν
1762 962 1887 1015 ὀνό-

130 1075 172 1107 10
196 1071 322 1120 ματι
361 1054 605 1119 καλοῖτο,
646 1047 736 1102 καὶ
777 1049 932 1116 ὑμεῖς
970 1051 1182 1117 τοίνυν,
1223 1051 1405 1119 ὥσπερ
1446 1048 1625 1104 ἐκεῖνο
1665 1051 1727 1103 τὸ
1764 1068 1887 1104 παι-

196 1140 337 1207 δίον,
378 1139 858 1208 λελειτουργήκατε
896 1137 1015 1206 μέν,
1054 1139 1414 1192 πολιτεύεσθε
1455 1137 1515 1191 δ’
1539 1139 1620 1192 οὔ.

307 1229 353 1280 6.
410 1227 519 1280 Καὶ
559 1234 722 1279 τοῦτο
763 1227 931 1279 πάλαι
978 1227 1078 1292 μὲν
1117 1228 1325 1295 ἤκουον
1371 1237 1482 1280 τῶν
1522 1227 1646 1294 ἐμοί
1679 1247 1737 1280 τε
1775 1227 1888 1281 ε’πι-

195 1318 503 1386 χαιρόντων
541 1316 631 1368 καὶ
671 1315 828 1383 ὑμῶν
863 1317 1294 1383 καταγελώντων
1331 1317 1420 1369 καὶ
1462 1317 1564 1369 οὐκ
1603 1317 1889 1386 ἠπίστουν,

195 1403 353 1474 ᾔδειν
392 1406 496 1474 γὰρ
537 1405 694 1471 ὑμῶν
735 1403 795 1456 ἐν
832 1407 1058 1467 πολλοῖς
1097 1406 1296 1475 χώροις
1334 1406 1430 1467 τὰς
1469 1406 1735 1474 γλώττας,
1782 1412 1890 1459 νῦν

130 1517 172 1550 15
199 1491 258 1546 δὲ
299 1495 366 1562 δὴ
407 1491 498 1546 καὶ
546 1492 888 1561 σαφέστερον
929 1495 1105 1561 ἔγνων
1144 1494 1244 1561 τὴν
1291 1492 1532 1561 ἐμαυτοῦ
1581 1495 1890 1564 συμφοράν.
1959 1537 1969 1546 «,

195 1585 462 1651 εἰσῆλθον
501 1579 603 1650 μὲν
635 1583 738 1651 γὰρ
772 1583 870 1634 τὸν
903 1583 1141 1652 ἄρχοντα
1173 1592 1481 1652 προσερῶν,
1522 1583 1594 1646 ὡς
1627 1583 1729 1636 οὐκ
1760 1580 1890 1651 ἔδει,

192 1679 378 1741 παρῆν
418 1667 479 1723 δὲ
518 1671 550 1739 ἡ
590 1672 765 1739 βουλὴ
805 1678 965 1723 πᾶσα.
1042 1672 1336 1740 προῦκειτο
1379 1671 1443 1724 δέ
1478 1691 1531 1724 τι
1570 1681 1680 1724 τῶν
1719 1685 1890 1724 σπου-

195 1762 371 1813 δαίων
410 1759 681 1813 ἀπαιτοῦν
721 1761 888 1827 λόγον
935 1757 1024 1811 καὶ
1071 1759 1318 1828 ῥήτορας.
1395 1769 1506 1813 τῶν
1547 1759 1606 1813 δ’
1637 1761 1821 1813 ἄλλων
1860 1760 1888 1814 ὃ

195 1850 355 1902 δοκοῖ
402 1850 561 1917 σφίσι
615 1851 920 1901 λυσιτελεῖν
972 1850 1250 1915 λεγόντων
1298 1848 1454 1917 ὑμεῖς
1506 1848 1891 1902 ἐπολιτεύεσθε

131 1960 176 1992 20
200 1946 264 2007 τῇ
304 1945 480 2007 σιωπῇ
514 1945 783 1990 τοσοῦτον
815 1935 1291 2004 συνεισφέροντες,
1331 1935 1540 1991 ὁπόσον
1571 1939 1799 2004 νεύματι
1829 1938 1889 1991 τὸ

200 2028 500 2093 λεγόμενον
553 2024 860 2093 ἐπαινέσαι,
916 2029 1127 2093 μᾶλλον
1174 2025 1234 2077 δὲ
1274 2026 1326 2077 οἱ
1371 2022 1475 2091 μὲν
1531 2024 1779 2094 ἑωρῶντό
1834 2045 1891 2078 τε

198 2115 355 2183 ὑμῶν
394 2113 484 2166 καὶ
523 2112 681 2166 τοῦτ’
713 2113 959 2181 ἐποίουν,
1008 2114 1066 2165 οἱ
1101 2112 1160 2165 δ’
1193 2113 1326 2166 οὐδὲ
1364 2121 1545 2183 τοῦτο,
1586 2114 1724 2167 ἀλλὰ
1761 2115 1890 2183 κρύ-

201 2213 402 2266 ψαντες
443 2203 643 2264 αὑτοὺς
682 2202 789 2255 ὑπὸ
823 2210 938 2264 τοῖς
977 2203 1174 2264 νώτοις
1206 2202 1432 2255 ἐκείνων
1465 2202 1631 2256 οὐδὲν
1664 2204 1891 2255 οἰκετῶν

110 2304 318 2347 RH287
365 2290 368 2362 Ι
413 2290 676 2360 διέφερον
715 2292 790 2353 εἰς
831 2293 1095 2353 δεσπότας
1133 2293 1468 2359 βλεπόντων.
1534 2290 1791 2354 ἐξιόντων
1831 2287 1891 2344 δὲ

322 2486 344 2525 1
391 2479 619 2538 σχήματος
651 2479 855 2523 Sintenis
895 2482 946 2524 at
977 2480 1033 2523 cf.
1061 2480 1153 2523 1211
1179 2485 1248 2534 27,
1268 2485 1315 2534 63
1356 2480 1475 2523 Plat.
1501 2495 1596 2537 rep.
1623 2496 1668 2537 p.
1695 2485 1778 2524 567
1795 2480 1830 2523 Ε

203 2546 228 2583 3
262 2540 341 2583 καὶ
373 2553 448 2582 om
473 2540 517 2583 B
569 2542 574 2595 Ι
623 2539 815 2589 ταύταις
847 2542 931 2583 Mo
965 2539 1046 2582 sed
1079 2539 1242 2590 αὐταῖς
1272 2539 1321 2582 in
1354 2553 1487 2596 marg
1638 2544 1662 2583 6
1698 2538 1892 2588 ἐκείνοις

207 2600 289 2642 Mo
349 2599 429 2642 καὶ
461 2595 656 2647 ἐκείνοις
680 2598 781 2641 Mor
808 2599 813 2655 Ι
840 2615 909 2648 τις
940 2599 1190 2654 μεταδώσει
1223 2599 1266 2640 V
1289 2601 1294 2652 Ι
1321 2596 1390 2648 τίς
1415 2601 1459 2642 Β
1583 2603 1606 2641 7
1640 2599 1681 2642 εἰ
1705 2598 1764 2654 μὴ
1789 2598 1891 2641 Mor

203 2687 220 2788 ἱ
248 2673 518 2742 πάραπαίέιι
545 2687 586 2729 V
672 2684 932 2740 παραπαίει
956 2686 1058 2729 Mor
1092 2689 1096 2742 Ι
1133 2684 1191 2729 ἂν
1223 2686 1397 2729 inserui
1430 2701 1454 2730 e
1489 2688 1532 2731 V
1615 2701 1691 2730 om
1722 2685 1889 2740 reliqui

222 2746 314 2789 ibri
345 2745 437 2789 edd
558 2750 582 2788 9
616 2745 721 2799 περὶ
754 2742 798 2788 δ’
831 2743 855 2788 ὅ
887 2762 956 2795 τις
984 2745 1198 2800 πράττων
1230 2745 1332 2788 Mor
1453 2750 1507 2788 10
1541 2743 1730 2789 καλείτω
1768 2745 1888 2790 ΟΜο

203 2804 305 2847 Mor
428 2810 477 2848 11
507 2803 558 2848 δὲ
583 2804 638 2847 οὐ
663 2804 730 2847 Re
854 2809 907 2846 13
931 2805 1039 2861 ὑμῖν
1067 2805 1126 2847 Μ
1246 2809 1299 2846 14
1332 2800 1459 2848 εἶδον
1484 2805 1598 2859 Mor,
1624 2822 1677 2861 γρ
1697 2804 1815 2848 ἰδεῖν
1838 2803 1887 2846 in

204 2877 336 2920 marg
488 2866 540 2906 18
575 2861 626 2907 δὲ
659 2862 726 2906 Re
887 2867 941 2906 19
975 2865 1107 2906 δοκεῖ
1134 2863 1269 2906 IMR
1281 2864 1324 2906 V
1359 2863 1364 2920 Ι
1400 2863 1700 2907 πολιτεύεσθε
1732 2863 1832 2906 Mor

207 2927 260 2964 22
295 2922 340 2965 οἳ
372 2922 504 2966 AMo
566 2920 618 2965 οῖ’
642 2922 833 2965 IMBV
947 2927 1001 2964 23
1036 2923 1205 2973 αὐτοὺς
1237 2923 1320 2965 Mo
1353 2922 1454 2965 Mor
1515 2921 1708 2971 ἑαυτοὺς
1738 2922 1805 2964 Re
