1992 3094
110 682 112 685 -
120 661 139 695 5

170 152 275 203 174
663 150 890 195 LIBANII
923 150 1147 195 ORATIO
1179 151 1371 219 xxxin

166 287 439 357 ἀνάλωμα.
517 295 623 340 νῦν
671 287 733 340 δὲ
777 287 977 350 πάντες
1022 288 1401 356 θεραπεύουσι
1441 289 1725 351 δανειστὰς
1763 290 1856 343 καὶ

167 375 402 445 λυπηροὶ
443 379 703 445 λήγοντες
751 376 939 438 αὐτοῖς
986 378 1128 428 εἰσιν
1168 377 1225 428 oc
1266 383 1445 444 μῆνες.
1523 376 1630 429 εἰσὶ
1671 378 1732 430 δὲ
1771 372 1862 441 οἷς,

167 463 286 517 οὐδ’
318 464 388 518 ἂν
433 466 694 534 πρόοιντό
741 484 887 527 τινες
935 466 1007 527 ὡς
1054 465 1120 517 οὐ
1161 466 1532 532 κομιούμενοι.
1612 465 1693 517 17.
1745 475 1858 519 τῶν

167 554 234 621 δὴ
267 555 535 606 τοιούτων
568 555 843 622 λεγόντων
874 554 974 622 τὴν
1007 553 1259 623 ἀπορίαν,
1298 553 1606 622 ὀμνύντων,
1639 554 1672 607 ἃ
1704 553 1856 623 ὀφεί-

166 646 316 694 λοιεν
363 641 774 712 ἀριθμούντων,
831 641 1125 711 δεομένων,
1183 643 1542 696 ἱκετευόντων
1591 644 1663 712 μὴ
1711 650 1856 712 σφᾶς

165 729 454 797 ἐμβάλλειν
493 732 571 793 εἰς
617 732 887 800 αἰσχύνην
927 732 1026 800 τὴν
1066 730 1124 784 ἐκ
1162 739 1262 784 τοῦ
1301 739 1397 800 τῆς
1435 731 1666 801 ἀπορίας
1705 731 1857 800 ἐλέγ-’

74 829 282 875 RH250
322 840 423 888 χου
467 819 606 888 μηδέ
641 840 704 888 γε
742 821 819 882 εἰς
856 821 1160 882 κινδύνους
1201 825 1207 886 Ι
1248 822 1377 882 τοὺς
1417 820 1523 873 ἀπὸ
1563 829 1675 873 τῶν
1711 825 1854 873 θεω-

162 907 344 975 μένων
397 909 567 961 οὐδὲν
621 910 923 977 Τισαμενὸς
977 907 1186 976 ἐγίνετο
1241 911 1490 977 βελτίων,
1553 909 1690 961 ἀλλὰ
1741 918 1854 962 τῶν

163 996 347 1049 αὐτῶν
387 1002 557 1066 εἴχετο
599 997 857 1067 ῥημάτων
897 997 998 1050 οὐκ
1037 996 1146 1051 ἑῶν
1176 1003 1490 1066 μεμνῆσθαι
1529 1005 1628 1050 τοῦ
1661 1000 1851 1065 νόμου.

96 1111 138 1143 10
162 1087 338 1138 καίτοι
378 1086 578 1138 τούτου
619 1088 744 1140 τίνα
791 1087 892 1139 οὐκ
939 1085 1009 1140 ἄν
1049 1088 1273 1149 δικαίως
1321 1087 1443 1156 δοίη
1491 1087 1674 1155 δίκην;
1729 1085 1761 1155 ἢ
1802 1088 1852 1139 εἰ

94 1552 134 1586 15

161 1174 262 1242 μὲν
317 1176 530 1237 εἰκόνος
584 1183 682 1244 σῆς
738 1175 1197 1244 ἀντειλημμένους
1252 1174 1489 1243 ἀπέσπα,
1544 1177 1733 1229 δεινὸν
1782 1175 1852 1228 ἂν

160 1258 246 1330 ἦν,
301 1266 783 1332 καταπεφευγότας
831 1264 891 1317 δὲ
947 1263 1035 1317 ἐπὶ
1082 1265 1179 1317 τὸν
1226 1266 1329 1318 σὸν
1374 1267 1549 1333 νόμον
1596 1263 1854 1334 ἀφέλκων

162 1351 262 1403 οὐκ
304 1356 428 1404 ἴσον
465 1372 517 1404 τι
556 1361 739 1405 ποιεῖν
786 1355 1005 1415 εἰκότως
1051 1352 1122 1405 ἂν
1169 1353 1382 1428 δοκοίης
1439 1352 1560 1406 ἀντὶ
1607 1354 1710 1423 γὰρ
1750 1360 1850 1405 τοῦ

161 1443 364 1508 χαλκοῦ
404 1441 469 1493 τὰ
508 1442 796 1511 γράμματα
833 1438 903 1510 ἦν
943 1442 1145 1504 αὐτοῖς.
1226 1442 1307 1494 18.
1349 1442 1377 1495 ὁ
1412 1438 1474 1495 δὲ
1505 1442 1682 1510 μάτην
1713 1440 1850 1494 ἐδεί-

159 1548 264 1582 κνυ
317 1529 417 1581 τὸν
471 1531 647 1598 νόμον
700 1533 971 1599 κείμενον,
1027 1523 1133 1583 εἷθ’
1171 1530 1351 1601 ὥσπερ
1406 1532 1850 1600 παραβαίνοντας

159 1619 351 1685 νόμον,
407 1617 523 1671 ἀλλ’
556 1619 621 1671 οὐ
673 1620 824 1691 νόμω
875 1618 1191 1689 χρωμένους
1244 1627 1379 1672 πᾶσι
1431 1628 1620 1682 κακοῖς
1672 1619 1849 1686 περιέ-

159 1707 363 1772 βαλλεν
393 1706 648 1774 ὑβρίζων,
689 1717 988 1775 παροινῶν,
1021 1707 1381 1776 ἀσελγαίνων,
1414 1712 1624 1777 φοβῶν,
1655 1709 1848 1778 ταράτ-

159 1813 286 1860 των,
335 1797 510 1865 ἕχθρᾳ
547 1797 648 1863 τὴν
694 1797 905 1864 βουλὴν
951 1797 1267 1865 δεχόμενος,
1319 1795 1663 1864 ἀνευρίσκων
1710 1796 1848 1849 ὅθεν

161 1881 520 1951 ἀπολοῦνται,
560 1884 689 1947 τούς
727 1904 779 1938 τι
818 1893 1039 1938 τοιοῦτο
1079 1885 1390 1954 μηνύοντας
1431 1885 1576 1957 αὐτῷ
1610 1887 1847 1952 νομίζων

279 2108 303 2146 2
351 2102 452 2157 ἤτοι
484 2106 739 2148 λυποῦνται
771 2103 816 2147 οἱ
849 2104 1175 2160 δανεισάμενοι
1215 2102 1523 2161 ἐνισταμένων
1564 2112 1656 2149 τῶν
1687 2113 1846 2162 μηνῶν

159 2160 275 2205 καθ’
307 2179 386 2212 ους
418 2166 491 2206 δεῖ
520 2164 782 2207 ἀποδοῦναι
814 2164 872 2207 τὰ
904 2162 1237 2219 δεδανεισμένα
1273 2163 1339 2207 V²

278 2373 302 2411 2
335 2367 542 2424 λέγοντες
565 2369 611 2412 Β
755 2374 779 2412 3
813 2369 962 2415 οὐδὰν
991 2371 1068 2414 ΙΒ
1110 2372 1115 2427 Ι
1158 2369 1379 2424 πρόοιντο
1412 2371 1458 2413 Ρ
1485 2370 1567 2414 sed
1598 2386 1622 2414 ο
1649 2372 1710 2427 (2)
1741 2371 1791 2413 in
1823 2387 1843 2415 ε

159 2442 260 2472 corr
281 2427 350 2470 m²
411 2427 627 2483 πρόειντο
651 2429 694 2472 V
809 2433 835 2471 4
859 2429 1082 2473 τοιούτων
1127 2429 1303 2473 τούτων
1327 2429 1429 2472 Μο1·
1549 2434 1575 2472 6
1605 2428 1843 2487 ἐμβάλλειν
1924 2479 1936 2482 ,

157 2488 203 2531 Ρ
231 2487 313 2530 sed
346 2486 461 2545 ἐμβα
493 2487 542 2529 in
566 2502 639 2530 ras
665 2487 735 2530 m²
894 2493 917 2531 7
950 2487 1010 2545 μὴ
1043 2490 1072 2532 δ
1119 2489 1265 2533 PBV
1420 2493 1445 2531 8
1480 2486 1682 2545 ἐγίγνετο
1716 2489 1785 2533 Va

158 2544 336 2602 ἐγένετο
369 2545 435 2590 Re
617 2551 641 2589 9
686 2547 840 2620 ἀργῶν
872 2547 974 2591 Μο1·
1156 2552 1209 2591 10
1251 2547 1435 2620 τούτου]
1478 2546 1696 2604 δεόμενος
1738 2547 1843 2590 coni

157 2604 258 2648 Mor
285 2608 290 2661 Ι
319 2603 397 2648 ινα
429 2605 530 2648 Mor
556 2606 562 2661 Ι
591 2603 783 2655 δικαίως
813 2619 887 2649 om
913 2608 959 2651 B
1130 2611 1183 2650 11
1218 2604 1401 2650 ἀπέσειε
1433 2606 1548 2660 Mor,
1584 2623 1649 2678 γρ
1662 2604 1842 2650 ἀπέσωε

156 2664 204 2706 in
229 2677 363 2736 marg
485 2669 537 2707 12
571 2671 652 2708 σοῦ
688 2665 731 2709 V
846 2669 899 2708 13
933 2661 1034 2709 ἴσον
1058 2665 1132 2708 ΙΒ
1174 2667 1179 2721 Ι
1221 2662 1265 2708 τί
1297 2667 1342 2709 Β
1466 2670 1519 2708 15
1552 2661 1649 2709 εἷθ’
1678 2664 1842 2720 scripsi

216 2723 257 2766 εἰ
281 2719 327 2767 δ’
359 2723 396 2767 0
469 2721 492 2767 ὃ
518 2721 563 2766 δ’
594 2725 638 2767 Α
670 2724 751 2766 sed
782 2740 837 2780 γρ
863 2723 911 2767 εἴ
929 2721 974 2768 δ’
1010 2724 1059 2766 in
1090 2739 1235 2780 marg,
1270 2725 1337 2768 Va
1422 2721 1495 2768 οδ’
1530 2723 1700 2779 reliqui
1731 2723 1840 2766 libri

157 2778 282 2824 sed'
313 2780 362 2824 in
386 2796 460 2824 ras
485 2782 557 2827 Ρ4
641 2781 750 2827 οὐδὲ
781 2782 884 2826 Mor
943 2783 1022 2826 καὶ
1054 2783 1120 2826 Re
1267 2787 1318 2826 16
1352 2781 1450 2826 ἀλλ’
1480 2783 1598 2840 οὐ]
1604 2784 1706 2837 ‚imo
1737 2795 1838 2825 vero

156 2839 299 2884 ἀλλὰ“
332 2840 398 2884 ΒΘ
422 2841 562 2884 Anim
590 2843 595 2897 Ι
622 2839 892 2899 περιέβαλεν
926 2842 970 2885 V
994 2841 1085 2885 edd
1117 2841 1199 2885 sed
1230 2859 1285 2898 γρ
1303 2840 1604 2899 περιέβαλλον
1636 2841 1684 2884 in
1708 2854 1841 2897 marg

156 2898 257 2942 Mor
401 2904 454 2942 17
475 2907 741 2975 παρανοῶν
773 2899 876 2943 Μο1·
1020 2905 1072 2944 19
1106 2900 1410 2958 ἀπολοῦνται]
1444 2897 1687 2958 βουλευταί
1717 2899 1840 2942 inse-

154 2958 350 3001 rendum
383 2958 486 3001 coni
517 2957 619 3001 Mor
645 2959 651 3016 Ι
681 2959 804 3018 αὐτῷ
833 2959 1019 3015 reposui
1051 2973 1075 3002 e
1106 2958 1238 3003 libris
1299 2959 1422 3017 αὐτῷ
1454 2959 1542 3002 odd
