1992 3094
116 129 344 174 LIBAN‘II
367 128 593 174 ORATIO
625 129 944 174 ADVERSUS
975 128 1324 175 PAEDAGOGI
1352 128 1635 175 CONVICIA
1696 130 1798 182 201

115 265 270 319 κέναι
307 265 410 335 μὲν
449 265 652 328 αὐτοὺς
690 267 827 335 φαίη
866 286 948 328 τις
979 266 1065 331 ἄν,
1100 266 1106 334 Ι
1142 265 1396 335 ἀδικῆσαι
1430 263 1489 319 δὲ
1523 268 1654 322 οὐδὲ
1685 281 1725 325 R
1748 282 1890 326 11276

116 355 326 424 μικρόν.
402 354 488 407 20.
529 354 595 408 οὐ
634 355 745 423 μὴν
785 352 906 408 οὐδ’
938 353 1254 408 ἐλάνθανον
1291 358 1392 424 τὴν
1429 358 1604 410 τῶνδε
1643 359 1806 411 πόλιν

116 441 451 512 βεβλημένος
492 451 557 513 τῇ
604 443 828 513 τοιαύτῃ
874 445 1039 515 νόσῳ,
1087 442 1158 496 δι’
1189 443 1259 511 ἣν
1305 444 1512 513 ἀνάγκη
1559 466 1654 512 μοι
1699 455 1807 500 κεῖ-

118 537 253 585 σθαι
299 529 439 585 καθ’
462 530 697 584 ἕκαστον
751 533 872 594 ἔτος
918 531 1118 601 ἡμέρας
1155 532 1309 594 τινὰς
1347 534 1596 600 ἄφωνον·
1643 532 1807 603 ἐγγύς

117 639 175 673 τε
213 621 317 689 γὰρ
356 627 451 688 τῆς
489 619 749 690 ἡμετέρας
780 618 959 688 ἐκείνη
991 618 1082 673 καὶ
1113 623 1256 673 πολὺ
1295 621 1356 673 τὸ
1391 620 1528 687 παρ’
1552 621 1806 691 ἑκατέρας
1853 646 1872 678 5

119 709 196 772 εἰς
241 710 343 778 τὴν
389 707 582 778 ἑτέραν
627 707 942 778 ἐρχόμενον.
1020 710 1112 762 διὰ
1158 712 1216 762 τί
1257 705 1361 763 οὖν
1406 712 1479 779 μὴ
1529 710 1667 781 παρ’
1698 710 1807 765 ἑτέ-

119 818 253 868 ρους
290 800 490 867 ἤλθετε
527 799 796 866 σοφιστὰς
827 798 895 851 οὐ
927 806 1256 862 νοσοῦντας;
1296 800 1344 851 εἰ
1377 797 1437 852 δ’
1460 800 1532 862 ὡς
1563 805 1808 863 οἴσοντες

118 885 208 940 καὶ
246 894 410 940 τοῦτο
450 887 630 955 ἥκετε,
670 888 727 940 τί
760 888 833 955 μὴ
873 886 1091 957 φέρετε,
1131 885 1422 957 ἐπειδήπερ
1460 888 1639 956 ἥκετε,
1678 893 1808 942 πολ-

120 980 232 1029 λῶν
269 972 371 1043 μὲν
408 976 516 1046 πρὸ
549 975 708 1045 ὑμῶν
737 983 902 1029 τοῦτο
935 973 1294 1044 ἐνηνοχότων,
1332 980 1556 1030 πολλῶν
1592 973 1653 1030 δὲ
1684 985 1808 1045 νῦν,

119 1068 330 1135 μᾶλλον
369 1060 430 1117 δὲ
467 1065 611 1132 πλὴν
653 1063 816 1134 ,ὑμῶν
861 1063 1142 1128 ἀπάντων;
1196 1063 1228 1132 ἢ
1278 1067 1348 1117 σὺ
1394 1066 1560 1133 μόνος
1607 1080 1807 1119 συνου-
1833 1089 1875 1122 ιο

121 1162 258 1207 σιῶν
297 1152 548 1222 ἐραστής,
596 1151 659 1205 ἐν
698 1152 759 1205 δὲ
798 1161 913 1215 τοῖς
952 1154 1140 1215 ἄλλοις
1178 1154 1462 1216 τοσούτοις
1502 1150 1663 1207 οὖσιν
1701 1154 1809 1208 ἑτέ-

122 1263 236 1313 ρων
259 1241 552 1309 {xvimam
593 1241 678 1294 21.
711 1240 840 1294 ἀλλ’
864 1241 966 1294 οὐκ
998 1240 1140 1310 ἐρεῖς
1169 1242 1271 1311 μὲν
1301 1250 1464 1295 τοῦτο
1492 1251 1556 1312 τῇ
1581 1244 1808 1313 γλώττῃ,

121 1339 236 1395 τοῖς
281 1330 342 1384 δ’
372 1333 555 1401 ἔργοις
601 1329 901 1399 ὁμολογεῖς.
976 1332 1239 1398 θαυμάζω
1279 1330 1365 1398 δέ,
1408 1334 1465 1383 τί
1500 1330 1570 1384 ἂν
1607 1330 1809 1395 ἐποίεις

121 1418 211 1489 ἐφ’
247 1419 379 1483 ὅσας
424 1420 527 1474 οὐκ
573 1419 821 1488 ὀλιγάκις
876 1417 882 1489 Ι
939 1418 1142 1489 ἡμέρας
1187 1418 1514 1483 ἐκταθέντος
1558 1440 1651 1489 μοι
1689 1433 1794 1477 RII
1813 1438 1895 1477 277

122 1517 220 1563 τοῦ
260 1516 449 1576 κακοῦ,
497 1507 661 1562 ὁπότ’
693 1507 754 1561 ἐν
801 1508 1085 1578 ἀπαλλαγῇ
1125 1511 1332 1578 ταχείᾳ·
1380 1507 1502 1561 ἀντὶ
1542 1513 1646 1577 γὰρ
1685 1510 1808 1578 ἡμε-
1835 1531 1875 1565 1⁵

124 1607 238 1669 ρῶν
275 1597 644 1652 ὀκτωκαίδεκα
681 1598 743 1650 τὸ
775 1600 965 1667 τρίτον
1002 1596 1167 1666 μέρος
1205 1605 1301 1666 τῆς
1330 1599 1520 1666 κλίνης
1555 1597 1810 1666 ὃεδέημαι

124 1689 360 1758 βοηθείᾳ
397 1696 510 1740 τῶν
542 1693 709 1740 θεῶν.
778 1688 836 1739 τί
870 1685 940 1739 ἂν
973 1682 1077 1739 οὖν
1116 1685 1319 1748 ἐποίεις
1358 1686 1419 1739 ἐν
1457 1693 1531 1758 τῷ
1564 1686 1810 1758 προτέρῳ

122 1776 300 1848 μέτρῳ
337 1784 564 1829 τοιαῦτα
602 1785 781 1829 ποιῶν
820 1774 882 1828 ἐν
921 1775 1065 1828 οὕτω
1105 1774 1446 1847 βραχυτέρῳς

235 1865 320 1918 22.
383 1866 638 1934 Αἰτιᾶται
701 1866 764 1918 δὲ
816 1863 905 1917 καὶ
961 1865 1023 1917 τὸ
1079 1865 1458 1933 φυλάττεσθαι
1510 1866 1604 1926 τὰς
1656 1866 1813 1933 τιμὰς

124 1952 262 2024 παρ’
291 1954 446 2023 ἡμῶν
483 1962 600 2017 τοῖς
638 1953 881 2022 ἀπιοῦσι,
932 1963 1049 2016 τοῖς
1094 1949 1195 2022 μὲν
1234 1949 1396 2006 οὖσιν
1441 1953 1573 2021 ἡμῖν
1611 1955 1812 2021 φίλοις,
1838 1975 1880 2007 πο

125 2050 240 2105 τοῖς
277 2039 338 2096 δὲ
378 2041 640 2111 ἐνδόξοις,
679 2051 796 2105 τοῖς
835 2042 896 2095 δὲ
933 2040 1025 2095 καὶ
1066 2041 1363 2110 ἀμφότερα,
1402 2050 1517 2104 τοῖς
1557 2038 1616 2094 δὲ
1657 2041 1812 2094 οὐδέ-

126 2149 254 2200 τερα
291 2130 409 2200 μέν,
457 2134 645 2201 ἔχουσι
693 2128 754 2184 δὲ
794 2133 969 2194 ἄλλως
1015 2150 1067 2183 τι
1116 2131 1333 2183 δίκαιον
1381 2131 1472 2183 διὰ
1513 2139 1812 2198 συγγενῶν.

126 2217 216 2272 καὶ
277 2220 379 2273 οὐκ
441 2221 757 2290 αἰσχύνεται
826 2221 1067 2288 πόλεμον
1131 2219 1421 2287 αἰρόμενος
1479 2219 1616 2287 πρὸς
1684 2220 1814 2280 τοὺς

249 2473 270 2511 1
306 2467 435 2527 οὐδὲ]
468 2470 524 2513 οὐ
557 2469 642 2515 Mo
666 2469 768 2514 Mor
930 2474 955 2511 2
989 2466 1100 2512 οὐδὲ
1134 2467 1331 2512 CPaMo
1363 2467 1454 2511 edd
1612 2472 1639 2510 4
1671 2465 1815 2510 καθέ-

129 2540 300 2572 καστον
333 2529 418 2572 Μο
445 2530 450 2583 Ι
477 2528 606 2580 τινὸς
638 2531 723 2573 Μο
754 2528 857 2571 Mor
1000 2533 1025 2570 5
1058 2543 1105 2571 τε
1137 2541 1212 2570 om
1239 2527 1310 2570 Pa
1338 2530 1344 2581 Ι
1372 2526 1479 2598 γὰρ]
1512 2525 1599 2583 γὰρ
1632 2526 1711 2569 καὶ
1744 2526 1816 2569 Ρα

188 2585 268 2629 καὶ
300 2587 384 2630 Mo
408 2586 511 2630 Mor
537 2588 543 2646 Ι
570 2587 622 2632 τὸ
655 2602 730 2632 om
758 2587 955 2632 GPaMo
978 2586 1080 2629 Mor
1222 2591 1247 2629 6
1281 2582 1407 2629 διατί
1440 2586 1515 2629 ΡΙ
1543 2584 1623 2628 sed
1656 2584 1703 2627 in
1727 2583 1815 2627 hoc

132 2642 224 2687 'in
246 2658 322 2689 ras
345 2646 430 2701 m’,
464 2647 604 2691 MoV
765 2651 788 2689 7
821 2646 873 2691 δὲ
906 2646 974 2689 Re
1001 2647 1008 2701 Ι
1036 2643 1241 2695 οἴσοντες
1272 2645 1356 2688 Mo
1388 2644 1469 2688 sed
1501 2659 1547 2693 ες
1577 2643 1625 2686 in
1649 2657 1723 2686 ras
1747 2642 1817 2685 m²

190 2707 216 2746 8
247 2704 329 2747 καὶ
354 2731 406 2736 -
435 2705 681 2760 ἐπειδήπερ
714 2703 844 2761 ἥκετε
876 2705 925 2748 in
948 2716 1083 2759 marg
1108 2703 1214 2748 Mo²
1242 2705 1247 2759 Ι
1276 2702 1465 2775 φέρεται
1491 2702 1592 2745 Mor
1621 2702 1702 2757 qui
1733 2699 1815 2756 φέ-

133 2776 229 2816 ρετε
261 2762 366 2806 coni
532 2768 586 2808 13
619 2763 671 2809 δὲ
702 2764 771 2808 Re
936 2767 989 2806 15
1022 2761 1161 2806 ὁπότε
1192 2720 1334 2805 1φὸ
1366 2758 1463 2805 τότ’
1491 2761 1542 2804 ἐν
1573 2762 1815 2818 ἀπαλλαγῇ

132 2818 292 2882 ταχείᾳ
322 2829 527 2867 τοσαῦτα
559 2824 683 2890 βοῶν
716 2823 820 2867 coni
843 2823 912 2866 Re
936 2822 1074 2864 Anim
1102 2824 1108 2877 Ι
1135 2819 1297 2882 ταχείᾳ
1329 2835 1354 2865 e
1378 2827 1538 2878 ταχεῖα
1570 2833 1671 2863 corr
1694 2819 1758 2863 P⁶

135 2882 188 2921 1⁷
219 2895 267 2924 τε
298 2887 390 2925 τῶν
423 2882 468 2926 V
611 2887 667 2926 20
699 2885 747 2926 ef,
779 2887 831 2925 21
865 2888 963 2932 τοῖς
994 2893 1018 2923 e
1049 2896 1147 2931 τοις
1177 2893 1279 2924 corr
1302 2879 1375 2923 P³
1528 2884 1580 2922 21
1616 2875 1816 2934 ἀμφοτέ-

134 2953 232 2991 ροις
262 2937 364 2982 Mor
483 2945 538 2984 23
572 2941 849 2997 αἱρούμενος
882 2941 966 2984 Mo
998 2940 1079 2983 sed
1110 2956 1139 2982 v
1172 2952 1273 2983 eras
1335 2937 1609 2994 αἱρούμενος
1642 2938 1684 2981 V
