1992 3094
482 160 711 204 LIBANII
742 160 966 206 ORATIO
999 162 1117 207 PRO
1150 162 1482 208 THALASSIO
1724 165 1829 218 327

50 318 59 338 ·=
141 298 264 363 λεῦ,
312 297 494 363 λόγων
538 292 642 363 μὲν
684 298 917 366 ἄμοιρον
957 298 1304 367 ἀμφοτέρων,
1351 301 1556 366 νόμους
1601 297 1660 353 δὲ
1707 300 1831 354 ἀντὶ

142 385 322 452 λόγων
368 384 542 437 εἰπεῖν
589 385 690 438 οὐκ
737 387 967 454 ἔχοντα,
1010 384 1142 440 οὐδὲ
1193 389 1297 457 γὰρ
1343 387 1491 441 τοῦτ’
1528 385 1614 442 ἔνι
1668 389 1833 462 αὐτῷ,

10 498 22 521 ᾳ
140 471 214 526 δι’
251 473 473 542 ἡδονῶν
520 473 582 526 δὲ
628 474 716 526 καὶ
756 474 972 543 τρυφῆς
1010 476 1098 528 καὶ
1146 475 1322 544 μέθης
1361 477 1437 539 εἰς
1475 476 1679 544 ἀνδρὸς
1716 479 1831 547 ἡλι-

59 577 61 581 “
138 563 266 615 κίαν
325 562 531 629 ἥκοντα
594 562 661 614 οὐ
729 562 1047 631 δυνηθέντα
1107 570 1405 634 πεισθῆναι
1468 569 1712 634 νομίζειν
1771 568 1831 620 τὸ

15 664 58 721 ·.†3-
138 651 471 715 σολοικίζειν
515 652 700 704 κακόν.
777 651 864 703 41.
918 650 1009 704 καὶ
1057 653 1158 706 οὐκ
1205 651 1275 706 ἂν
1321 650 1393 721 ἦν
1436 654 1583 707 πάνυ
1628 655 1831 723 δεινόν,
1879 676 1898 708 5

36 739 58 775 '¹2'
137 740 186 792 εἰ
226 740 329 807 τὴν
367 740 564 808 φωνὴν
596 735 813 810 νἀδικῶν
851 739 912 793 ἐν
944 749 1059 804 τοῖς
1091 742 1279 805 ἄλλοις
1299 730 1466 809 χέτίμα
1495 744 1556 796 τὸ
1597 744 1832 812 δίκαιον,

139 826 277 880 ἀλλὰ
314 829 397 890 τίς
435 828 536 895 μὲν
575 829 765 898 λοιμὸς
805 829 971 892 ὅσους
1014 826 1175 893 οὗτος
1219 834 1500 883 Φοινίκων
1539 831 1831 901 ἀπήνεγκε;

0 911 57 988 3²33
135 918 288 979 τίνος
328 916 401 970 δὲ
429 917 495 970 οὐ
530 920 727 986 λοιμοῦ
762 919 1074 986 δεινότερος
1104 927 1169 988 τῇ
1203 923 1547 989 Παλαιστίνῃ
1579 919 1830 988 κατέστη;

35 992 45 1021 ⁴
137 1005 170 1074 ἡ
211 1002 271 1058 δὲ
309 1007 585 1060 πλειόνων
622 1005 811 1060 ἐθνῶν
850 1006 986 1098 ἀρχὴ
1028 1009 1204 1061 ποίων
1251 1008 1352 1060 οὐκ
1399 1007 1621 1076 ἐγένετο
1662 1011 1831 1077 βαρυ-

64 1164 65 1168 Ὶ
135 1093 265 1164 τέρα
296 1094 575 1164 πολέμων,
609 1096 651 1149 ὢ
682 1098 860 1149 πόσον
892 1089 1023 1164 αἷμα
1053 1098 1155 1165 τὴν
1186 1105 1291 1166 γῆν
1321 1094 1582 1166 ἔχρωσεν;
1614 1098 1656 1150 ὢ
1687 1100 1831 1150 πόσα
1855 1119 1897 1151 ιο

136 1181 267 1253 ξίφη
301 1182 374 1237 δι’
398 1183 649 1254 αὐχένων
674 1179 933 1255 ἔδραμενς
967 1186 1008 1238 ὢ
1040 1187 1204 1238 πόσοι
1236 1186 1404 1254 τάφοι
1435 1195 1551 1248 τοῖς
1583 1185 1831 1255 ἀρχαίοις

58 1267 63 1271 ’
135 1272 581 1343 προσετέθησαν;
634 1274 677 1327 ὢ
731 1275 959 1343 πληγῶν
1007 1274 1289 1337 θανάτους
1342 1293 1399 1326 τε
1453 1273 1830 1343 ἐργαζομένων

135 1359 227 1414 καὶ
283 1359 415 1415 οὐδὲ
471 1361 626 1432 [νῦν]
685 1362 1030 1430 παυομένων.
1122 1364 1163 1415 ὣ
1217 1366 1444 1431 πληγῶν
1498 1362 1561 1425 ἃς
1615 1361 1831 1416 ἐπεῖδεν

121 1447 318 1514 Ι’Ἠλιος
358 1452 450 1504 διὰ
492 1453 698 1514 παντὸς
736 1459 852 1504 τοῦ,
875 1460 971 1521 τῆς
1009 1450 1212 1521 ἡμέρας
1249 1451 1465 1521 μέτρου.
1536 1452 1578 1504 ὢ
1618 1443 1840 1520 φυγῶν.

135 1538 178 1591 ὢ
223 1541 454 1607 δεσμῶν.
525 1541 566 1593 ὣ
605 1541 949 1610 παθημάτων
986 1549 1098 1593 τῶν
1135 1537 1237 1609 μὲν
1275 1541 1581 1609 παρόντων,
1618 1549 1732 1593 τῶν
1769 1538 1829 1593 δὲ
1852 1554 1895 1594 15

135 1626 527 1698 ἐλπιζομένων,
578 1627 699 1683 τῶν
736 1627 839 1698 μὲν
885 1631 1196 1697 πιεζόντων,
1242 1639 1355 1682 τῶν
1401 1626 1462 1682 δὲ
1509 1629 1828 1697 δειματούν-

43 1775 62 1779 ,Α
133 1737 262 1771 των.
339 1719 381 1771 ὢ
422 1720 603 1787 λόγων
642 1717 870 1786 ἀτιμίας.
947 1719 991 1771 ὢ
1032 1717 1037 1789 Ι
1079 1716 1384 1787 τιμωμένης
1423 1716 1677 1784 ἀμαθίας.
1708 1729 1917 1773 RH413

134 1806 178 1859 ὢ
226 1810 465 1876 χαρίτων
511 1807 732 1860 ἀδίκων.
811 1809 852 1860 ὣ
896 1809 1114 1860 πόλεων
1161 1808 1236 1869 εἰς
1284 1806 1452 1859 οὐδὲν
1498 1805 1628 1859 δέον
1672 1825 1828 1873 μετα·

55 1891 69 1937 ᾎ
133 1895 532 1965 πεποιημένων.
610 1897 652 1949 ὢ
703 1897 910 1965 βλάβης
957 1893 1059 1964 μὲν
1105 1903 1199 1963 τῆς
1250 1893 1311 1948 ἐν
1360 1902 1475 1957 τοῖς
1524 1899 1826 1963 καθαιρου-

63 1994 69 1999 ”
135 1983 339 2052 μένοις,
378 1986 586 2054 βλάβης
626 1986 687 2038 δὲ
725 1994 821 2054 τῆς
860 1983 922 2038 ἐν
960 1993 1076 2047 τοῖς
1114 1982 1480 2052 ποιουμένοις.
1557 1983 1642 2036 42.
1683 1982 1800 2036 οὐδ
1814 1981 1895 2036 ’το

133 2070 212 2125 ἂν
258 2066 350 2136 εἷς
398 2074 696 2140 δύναιτο,
744 2072 919 2142 φησὶν
965 2073 994 2126 ὁ
1035 2071 1427 2141 Δημοσθένης,
1475 2062 1826 2139 ἐφικέσθαι

133 2170 263 2214 τῶν
310 2160 381 2216 ἐν
430 2171 571 2226 ταῖς
621 2162 848 2232 ἀρχαῖς
894 2156 1133 2214 τούτου
1184 2169 1410 2214 κακῶν.
1487 2160 1575 2213 διὸ
1623 2179 1827 2212 πεπαυ-
1880 2111 1992 2221 X

132 2249 307 2317 μένου
343 2248 447 2318 μὲν
487 2249 841 2321 ἑορτάζοντας
880 2248 950 2319 ἧν
991 2251 1132 2303 ἰδεῖν
1178 2251 1308 2311 τοὺς
1355 2247 1825 2316 ἀπηλλαγμένους,

255 2354 309 2425 10
335 2382 392 2427 cf.
410 2384 443 2426 t.
468 2383 489 2426 I
516 2387 614 2437 177,
634 2387 689 2425 14
707 2397 773 2437 sq.
900 2385 953 2423 12
979 2380 1028 2425 cf
1047 2383 1079 2424 t.
1106 2380 1147 2423 Π
1172 2383 1308 2434 467,5
1327 2378 1366 2422 R
1488 2383 1542 2422 21
1576 2376 1706 2422 Dem.
1734 2392 1821 2421 cor.
1898 2381 1913 2387 “’

133 2455 177 2496 p.
205 2445 304 2494 361,
315 2446 372 2484 24
479 2443 549 2485 '23
583 2441 640 2485 cf.
666 2441 746 2485 t.1
772 2445 870 2495 180,
883 2445 936 2484 19
955 2454 1021 2495 sq.

253 2564 278 2602 2
303 2558 468 2616 λόγους
492 2560 543 2604 δὲ
569 2560 675 2603 ἀντὶ
699 2559 855 2615 νόμων
881 2558 923 2600 V
947 2561 951 2613 Ι
979 2555 1107 2601 τοῦτ’
1136 2556 1301 2612 scripsi
1325 2570 1349 2599 θ
1377 2556 1635 2601 OAPVaV
1689 2561 1822 2599 τοῦτο

132 2619 275 2662 ῙΒΜ
302 2618 393 2663 edd
421 2621 426 2674 1
457 2619 525 2663 ἔνι
556 2618 723 2691 εοήέεἱ
757 2575 836 2662 μέν
867 2617 975 2660 libri
1008 2616 1098 2660 edd
1126 2619 1132 2671 Ι
1161 2616 1286 2674 αὑτῷ
1329 2616 1371 2659 V
1485 2619 1510 2658 3
1543 2613 1717 2670 ἡδονῆς
1748 2615 1817 2657 Β

130 2683 309 2733 τροφῆς
320 2677 465 2753 Bong
588 2682 610 2720 7
638 2691 745 2727 οσος
771 2677 809 2722 G
918 2680 944 2720 8
976 2678 1138 2731 λιμοῦὶ)
1166 2677 1170 2729 Ι
1199 2662 1450 2732 βαρύτερος
1472 2674 1613 2717 ῙΒΜ
1632 2672 1765 2728 Bong

135 2739 190 2777 10
208 2750 275 2791 sq.
309 2732 343 2779 ὦ
374 2736 444 2780 Re
494 2739 499 2791 Ι
550 2736 719 2794 ἔχρωσε
750 2737 784 2778 Ι
909 2739 962 2778 13
995 2741 1082 2778 νῦν
1114 2733 1238 2777 inser
1267 2733 1335 2776 Re
1397 2731 1651 2776 cancellavi
1713 2746 1819 2774 num

46 2840 49 2841 γ
130 2793 263 2839 τότεῖ
435 2801 488 2839 16
528 2795 867 2839 θανατούντων
906 2796 950 2838 A
991 2793 1072 2836 sed
1112 2809 1166 2848 γρ
1207 2791 1550 2848 δειματούντων
1589 2791 1636 2834 in
1676 2803 1821 2848 marg,

76 2879 78 2882 >
131 2853 273 2898 IBM
280 2854 324 2897 V
340 2853 474 2911 Bong
596 2859 648 2898 17
682 2852 830 2910 λόγων
855 2854 901 2897 P
922 2852 1003 2896 sed
1028 2869 1062 2895 ω
1087 2851 1136 2894 in
1160 2863 1236 2894 ras
1261 2851 1329 2893 m⁴
1449 2854 1502 2893 19
1526 2847 1824 2906 ποιουμένοις

131 2911 271 2955 ῙΒΜ
298 2912 433 2970 Bong
556 2917 612 2956 20
644 2911 884 2970 βλάβης-
898 2909 1196 2966 ποιουμένοις
1227 2923 1301 2954 om
1330 2910 1398 2965 V}
1426 2907 1824 2965 καθαιρουμένοις

130 2970 268 3015 IBM
299 2971 433 3029 Bong
552 2976 606 3015 21
641 2971 754 3027 φησὶ
786 2968 1095 3027 Δημοσθένης
1125 2969 1256 3026 Bong
