1992 3094
496 127 723 172 LIBANII
755 127 979 173 ORATIO
1013 128 1096 172 AD
1128 128 1383 173 ICARIUM
1755 130 1784 182 7

96 266 308 333 πενίαν,
347 265 553 327 εἰδότες
592 263 653 317 δὲ
692 263 766 327 ὡς
806 263 873 317 οὐ
904 264 1102 317 καινὸν
1131 265 1192 317 τὸ
1224 264 1628 334 πεπραγμένον,
1668 264 1786 334 ἐχα-

99 355 312 424 ρίζοντο
358 361 472 416 τοῖς
519 352 703 405 αὑτῶν
747 353 1026 415 παιδικοῖς
1078 354 1180 421 τὴν
1233 356 1532 422 παροινίαν
1578 356 1788 425 νωθείᾳ

98 450 165 513 σῇ
204 443 271 495 τὰ
307 443 380 511 μὴ
421 442 491 494 σὰ
520 441 927 511 περιάπτοντες,
968 441 1439 511 ἀναισχυντότατα
1471 442 1787 511 ἀνθρώπων

97 537 599 600 συκοφαντοῦντες,
653 528 744 583 καὶ
799 527 971 599 ᾕεσάν
1015 549 1072 583 τε
1122 532 1261 599 πρὸς
1311 538 1482 583 ταῦτα
1528 534 1788 600 λαβόντες

97 617 343 691 ἀπῄεσάν
380 638 437 672 τε
476 620 792 688 ληψόμενοι.
873 619 920 671 7.
973 620 1075 687 τὴν
1122 616 1183 671 δὲ
1223 618 1512 686 ἀσέλγειαν
1550 619 1784 673 τουτωνὶ
1834 640 1852 672 5

96 717 207 761 τῶν
244 713 544 777 μισθωτῶν
577 708 666 760 καὶ
699 710 801 776 τήν
833 727 893 776 γε
924 717 1036 760 τῶν
1067 707 1788 777 τούτουςμισθωσαμένων,

95 796 163 850 οὐ
210 797 314 866 γὰρ
368 797 622 865 ἠγνοεῖτό
669 816 731 865 γε
776 804 972 865 ταῦτα,
1028 797 1261 859 ἅπαντες
1307 793 1408 866 μὲν
1459 795 1689 864 ἐμίσουν
1736 798 1789 850 οἱ

96 886 371 954 λούμενοι,
413 887 575 953 δίκην
614 883 675 939 δὲ
713 883 841 955 παρ’
871 880 952 938 ὧν
992 884 1119 954 ἐξῆν
1170 885 1480 953 ἐλάμβανον
1520 883 1788 954 ἕλκοντες,

95 973 399 1043 ὠθοῦντες,
447 976 801 1043 πλήττοντες,
849 972 939 1027 καὶ
979 982 1144 1027 τοῦτο
1184 973 1355 1028 ἐποίει
1395 983 1506 1027 τῶν
1544 975 1610 1026 τὰ
1648 974 1788 1033 αὐτοὶΙ

96 1063 462 1131 φρονούντων
495 1065 697 1132 φυγήν.
767 1072 882 1126 πῶς
914 1059 1018 1116 οὗν
1049 1064 1271 1125 εἰκότως
1310 1061 1381 1115 ἂν
1413 1063 1611 1132 ἄχθοιο
1650 1063 1787 1132 πρὸς
1811 1085 1854 1117 ιο

94 1153 259 1205 πόλιν
310 1147 375 1221 ἧς
427 1152 489 1204 τὸ
543 1152 645 1221 μὲν
699 1161 875 1214 κακῶς
930 1159 1186 1222 φρονοῦν
1241 1151 1452 1220 ὀλίγον,
1507 1151 1568 1204 τὸ
1618 1148 1678 1204 δὲ
1726 1146 1788 1204 εὖ

92 1242 262 1306 πολύ;
326 1241 374 1295 8.
423 1241 490 1294 οὐ
530 1242 727 1294 τοίνυν
766 1237 899 1294 οὐδὲ
937 1241 1036 1293 τὸν
1073 1242 1326 1310 θόρυβον
1364 1242 1462 1293 τόν
1500 1259 1558 1293 τε
1596 1241 1788 1308 πρότε-

94 1347 197 1398 ρον
227 1331 324 1382 τόν
354 1350 412 1384 τε
445 1330 709 1399 δεύτερον
738 1337 835 1398 τῆς
865 1331 1074 1392 πόλεως
1107 1325 1248 1382 εἶναι
1280 1330 1381 1398 χρὴ
1414 1331 1650 1396 νομίσαι.
1722 1328 1788 1382 οὐ

95 1418 199 1488 γὰρ
241 1411 324 1480 οἷς
356 1427 613 1486 γυναῖκες
646 1418 736 1471 καὶ
769 1419 962 1481 παῖδες
997 1417 1002 1486 Ι
1037 1416 1127 1470 καὶ
1161 1418 1329 1470 οἰκίαι
1361 1416 1452 1470 καὶ
1483 1417 1669 1487 τέχναι
1699 1429 1741 1473 R
1763 1430 1878 1475 1196

92 1505 183 1559 καὶ
223 1507 256 1576 ἡ
297 1508 389 1559 διὰ
426 1508 640 1561 τούτων
678 1510 876 1576 τροφή,
917 1507 1018 1576 οὐχ
1059 1502 1215 1559 οὗτοι
1246 1510 1520 1576 πληροῦσι
1557 1507 1618 1560 τὸ
1650 1506 1783 1559 ’θέα-
1809 1528 1851 1561 15

93 1615 242 1665 τρον,
297 1596 436 1649 ἀλλὰ
489 1606 600 1650 τῶν
654 1597 756 1665 μὲν
811 1605 1162 1666 στρατιωτῶν
1216 1596 1268 1648 οἱ
1319 1596 1415 1658 τὰς
1465 1594 1642 1659 τάξεις
1692 1596 1788 1658 τὰς

95 1683 279 1737 αὐτῶν
328 1687 664 1754 λελοιπότες,
720 1695 833 1738 τῶν
879 1685 940 1739 δὲ
987 1685 1208 1737 δούλων
1255 1685 1306 1737 οἱ
1348 1685 1638 1738 δουλεύειν
1686 1684 1789 1737 οὐκ

97 1770 392 1842 ἀξιοῦντες,
433 1774 494 1827 τὸ
535 1771 597 1827 δὲ
638 1776 849 1842 λοιπόν,
902 1775 1062 1843 ὄχλος
1102 1771 1164 1826 ἐν
1202 1781 1265 1844 τῇ
1306 1780 1480 1842 σκηνῇ
1519 1780 1618 1826 τοῦ
1658 1774 1788 1840 βίου

95 1862 191 1924 τὰς
229 1861 452 1926 ἐλπίδας
491 1865 646 1932 ἔχων.
722 1864 774 1916 εἰ
811 1860 876 1915 δέ
911 1882 962 1915 τι
992 1863 1084 1915 καὶ
1119 1860 1353 1924 ἐπιεικὲς
1391 1860 1452 1914 ἐν
1481 1860 1628 1933 μέσῳ
1660 1862 1787 1914 τού-

95 1970 221 2019 των,
274 1951 382 2004 ὑπὸ
430 1961 542 2004 τῶν
588 1950 819 2014 ἐκείνοις
875 1951 1196 2005 δοκούντων
1250 1950 1477 2003 ὠθεῖται
1532 1951 1669 2020 πρὸς
1721 1950 1788 2003 τὰ
1814 1971 1856 2002 20

97 2038 234 2092 αὐτὰ
278 2039 368 2093 καὶ
409 2039 658 2094 ἐπαινεῖν
703 2059 761 2093 τε
801 2041 899 2093 τὸν
937 2041 1175 2110 ἄρχοντα
1227 2037 1426 2092 ἐθέλον
1473 2039 1785 2106 διεκωλύθη

95 2125 187 2180 καὶ
227 2129 456 2197 φεύγειν
493 2131 839 2197 βουλόμενον
884 2128 1310 2197 κατηναγκάσθη
1349 2126 1551 2194 μένειν.
1627 2127 1688 2179 τὸ
1730 2124 1790 2179 δὲ

98 2214 404 2283 ἀναγκάζον
442 2226 606 2271 τοῦτο
658 2217 839 2285 λέγειν
877 2236 934 2269 τε
975 2216 1008 2270 ἃ
1055 2218 1127 2285 μὴ
1168 2217 1252 2269 δεῖ
1291 2214 1382 2268 καὶ
1420 2216 1492 2284 μὴ
1534 2214 1716 2283 λέγειν
1756 2214 1788 2268 ἃ

218 2381 272 2420 10
318 2376 419 2432 ἤτοι
451 2378 651 2434 ἔφευγον
693 2377 736 2421 οἱ
768 2376 915 2421 ταυτα
949 2380 1246 2433 φρονοῦντες.
1313 2376 1414 2420 ἀντὶ
1458 2373 1788 2433 φευγόντων

97 2435 283 2492 ,φυγὴν
316 2437 458 2482 εἰπὼν
490 2445 679 2494 πρᾶγμα
714 2436 782 2479 1⁷²

219 2587 243 2626 2
264 2583 431 2628 ἀὐτῶν
463 2585 656 2629 ΙΡαΜο
680 2584 783 2627 Mor
821 2585 826 2638 Ι
870 2580 1079 2627 νωθείαν
1112 2582 1197 2627 Mo
1229 2583 1311 2626 sed
1343 2600 1371 2626 ν
1402 2595 1503 2626 eras
1685 2587 1711 2624 4
1742 2597 1790 2625 τε

101 2639 268 2698 scripsi
327 2659 378 2699 γε
401 2643 512 2687 libri
529 2644 620 2688 edd
742 2647 767 2686 6
794 2644 903 2686 auiae
926 2641 1120 2691 τούτους
1142 2655 1218 2684 ras
1235 2646 1351 2685 4-5
1376 2641 1455 2684 litt
1471 2642 1515 2684 A
1637 2644 1663 2683 8
1695 2642 1788 2684 λοι-

100 2699 376 2757 δορούμενοι
417 2703 455 2748 Ο
498 2703 580 2747 sed
617 2705 775 2756 λοιδορ
817 2714 842 2744 e
884 2703 908 2743 λ
947 2714 1051 2744 corr
1086 2714 1128 2754 s,
1170 2702 1243 2745 Pa
1276 2700 1358 2743 sed
1400 2717 1454 2757 γρ
1486 2699 1701 2756 λούμενοι
1739 2699 1788 2742 in

100 2771 234 2816 marg
255 2760 338 2814 m',
373 2762 457 2806 Mo
481 2761 584 2805 Mor
723 2765 775 2803 10
808 2759 925 2814 πρὸς
955 2759 1039 2815 τὴν
1070 2757 1207 2803 πόλιν
1240 2759 1401 2804 ΡαΜο
1426 2759 1517 2802 edd
1651 2763 1702 2801 11
1737 2755 1786 2801 δ’

101 2815 171 2860 Re
292 2824 345 2862 13
370 2820 454 2877 χρὴ
481 2847 536 2853 -
564 2826 619 2864 14
643 2820 789 2864 οἰκιαι
815 2832 891 2862 om
908 2818 1011 2861 Mor
1132 2823 1187 2861 14
1220 2815 1366 2862 οἰκίαι
1397 2817 1585 2873 reposui
1608 2829 1633 2861 e
1656 2817 1788 2860 libris

4 2899 27 2934 ’ς
161 2875 336 2922 οἰκέται
367 2879 434 2922 Re
556 2884 610 2922 21
644 2894 692 2923 τε
723 2877 899 2921 inserui
932 2890 956 2920 e
988 2876 1122 2920 libris
1185 2890 1260 2920 om
1286 2877 1377 2920 edd
1405 2880 1410 2932 Ι
1438 2874 1604 2921 ἐθέλον
1640 2876 1682 2919 V
1707 2876 1789 2918 sed

23 2976 25 2985 ,
103 2951 139 2977 ω
171 2948 310 2991 supra
342 2953 367 2981 ο
399 2938 469 2980 m²
531 2937 704 2983 ἐθέλων
737 2938 810 2981 Ρα
833 2935 935 2979 Mor
1055 2940 1109 2978 23
1143 2951 1190 2979 τε
1223 2950 1297 2979 om
1322 2936 1428 2992 ΡαΙ
1455 2934 1516 2991 μὴ
1549 2937 1610 2991 (2)
1643 2948 1718 2977 om
1754 2934 1796 2977 V
