1992 3094
127 620 145 652 5

165 109 274 161 200
646 107 873 152 LIBANII
907 107 1128 152 ORATIO
1162 107 1352 151 XXXIV

167 244 471 314 οἰχομένων
517 241 684 311 ἔργον
732 243 898 296 οὐδὲν
946 243 1016 295 ὀὲν
1062 249 1160 311 εἰη.
1239 245 1307 296 σὺ
1352 241 1400 295 δ’
1434 244 1480 295 εἰ
1527 243 1629 309 μὲν
1667 244 1855 312 αἰχμά-

168 337 339 396 λωτος
379 333 456 385 ὢν
495 331 700 400 ἐδέθην
738 332 847 384 ὑπὸ
888 335 1108 402 λῃστῶν
1156 330 1412 399 ἑλόντων,
1461 331 1562 384 οὐκ
1609 330 1678 384 ἂν
1723 330 1857 401 ᾐτιῶ

167 442 233 490 με
271 423 343 490 μὴ
382 422 449 474 τα
486 428 585 474 τοῦ
627 421 965 473 διδασκάλου
1004 428 1275 474 ποιοῦντα
1322 421 1461 488 πρὸς
1505 422 1635 483 τοὺς
1681 420 1857 489 νέους,

170 512 350 582 δεσμῷ
393 506 454 562 δὲ
493 509 757 578 ἐχόμενον
795 511 939 562 πολὺ
977 509 1307 581 πικροτέρςο,
1359 512 1670 579 προσθείην
1709 507 1758 562 δ’
1790 508 1860 562 ἂν

170 598 260 651 καὶ
309 597 660 669 ἰσχυροτέρῳ,
716 607 827 650 τῶν
881 597 1025 651 νέων
1074 597 1260 667 ἠξίους
1315 596 1716 666 ἐπιμελεῖσθαι,
1771 596 1862 650 καὶ

170 690 268 741 τὸν
308 688 477 741 αὐτὸν
516 693 796 740 κινεῖσθαι
835 687 938 756 μὲν
976 688 1047 756 μὴ
1088 685 1250 756 ἔχειν,
1302 687 1554 757 χορεύειν
1594 683 1654 739 δὲ
1695 687 1862 740 δύνα-

173 783 329 840 σθαι;
384 776 474 828 καὶ
521 786 635 838 πῶς
682 774 765 829 ἔνι
816 783 987 828 ταῦτα
1041 775 1329 844 γενέσθαι;
1389 775 1469 828 19.
1519 775 1656 828 ἀλλὰ
1703 789 1863 844 στρα-

171 867 365 932 τιώτης
412 862 512 933 μὲν
553 864 844 933 ἐπιθυμῶν
883 869 1202 933 συμπλοκῆς
1246 863 1338 917 καὶ
1377 865 1549 933 μάχης
1587 866 1733 935 νόσῳ
1774 881 1865 916 πε-

174 951 367 1021 δηθεὶς
405 951 667 1022 ἐξαίφνης
707 954 1059 1020 λυπούμενον
1098 952 1201 1023 ὁρᾷ
1240 955 1338 1006 τὸν
1375 955 1701 1022 στρατηγόν,
1741 950 1857 1005 ἀλλ’

109 1063 151 1095 10
177 1042 278 1095 οὐκ
319 1043 664 1110 αἰτιώμενον,
716 1040 835 1095 οὐδ’
876 1039 1028 1095 ἔστιν
1084 1040 1270 1104 οὐδεὶς
1323 1042 1497 1104 οὕτως
1551 1041 1868 1108 ἀνθρώπων

110 1506 152 1538 15

174 1132 398 1199 ἄτοπος,
454 1130 513 1193 ὃς
559 1130 628 1183 ἂν
676 1130 996 1198 ἀστρατείας
1044 1130 1233 1194 διώξαι
1279 1132 1377 1184 τὸν
1428 1139 1704 1184 τοιοῦτον·
1761 1129 1867 1199 ἐγὼ

177 1220 237 1272 δὲ
277 1219 382 1272 ἀπὸ
423 1227 520 1287 τῆς
559 1219 726 1288 αὐτῆς
774 1220 1014 1288 ἀνάγκης
1065 1219 1304 1273 ἐκλιπών
1342 1239 1393 1272 τι
1433 1229 1545 1272 τῶν
1584 1221 1869 1273 εἰωθότων

174 1310 279 1377 ἔχω
326 1309 426 1362 τὸν
473 1310 851 1378 γραφόμενον;
906 1309 994 1362 καὶ
1041 1310 1123 1371 τίς
1169 1312 1408 1376 νοσήσας
1453 1309 1617 1370 κακὸς
1663 1307 1869 1376 ἔδοξεν,

178 1397 261 1449 ὅτι
301 1399 622 1465 νενόσηκεν;
663 1397 864 1463 οὐδείς,
905 1399 1050 1466 πλὴν
1090 1399 1138 1450 εἰ
1176 1398 1237 1450 τὸ
1279 1399 1494 1466 νόσημα
1534 1398 1697 1460 αὐτὸς
1735 1396 1868 1466 ἐφύ-

176 1499 370 1538 τευσεν
409 1485 570 1557 αὑτω.
646 1488 994 1555 πολλαχόθεν
1042 1485 1090 1538 δ’
1122 1485 1192 1539 ἂν
1229 1484 1374 1539 τοῦτ’
1401 1476 1686 1558 ’ἀνθρώπω
1735 1500 1871 1555 συμΦ

177 1575 321 1643 βαίη.
398 1573 502 1628 κάν
539 1584 655 1637 τοῖς
700 1584 988 1643 γυμνικοῖς
1036 1575 1207 1643 ἀγῶσι
1255 1576 1517 1637 πολλάκις
1556 1573 1872 1643 ἑωράκαμεν

176 1664 552 1731 ἠσθενηκότας
596 1662 839 1731 ἀθλητὰς
886 1662 1006 1716 οὐδ’
1038 1663 1312 1716 ἀποδῦναι
1363 1662 1733 1731 δυνηθέντας,
1788 1655 1872 1725 οἷς

178 1752 326 1821 παρὰ
358 1751 582 1804 πάντων
619 1761 731 1804 τῶν
769 1757 988 1804 θεατῶν
1027 1755 1193 1819 ἔλεος,
1234 1752 1299 1805 οὐ
1338 1751 1554 1820 μέμψις,
1594 1749 1707 1804 αλλ’
1742 1750 1874 1804 οὐδ’

181 1838 587 1893 ἐπανελθοῦσιν
634 1841 822 1892 οἴκαδε
875 1841 1022 1907 παρὰ
1067 1849 1179 1893 τῶν
1226 1841 1463 1908 οἰκείων,
1520 1838 1636 1893 ἀλλ’
1675 1840 1873 1909 ἠτυχη-

303 2035 324 2072 1
360 2029 411 2074 δε
443 2030 511 2074 Re
674 2034 698 2071 2
733 2027 793 2073 ἀν
831 2030 892 2073 Re
921 2031 926 2088 Ι
956 2029 1099 2086 ἐδέθη
1131 2030 1233 2074 Mor
1259 2031 1265 2088 Ι
1293 2033 1468 2087 ληστῶν
1499 2031 1615 2074 ΙΜο
1637 2048 1648 2098 Ι
1678 2027 1874 2074 ἑλόντων

183 2102 258 2132 0111
282 2091 357 2133 Ρα
385 2091 390 2146 Ι
421 2089 531 2145 ἠτιῶ
564 2088 677 2142 Mor,
711 2105 765 2145 γρ
792 2088 904 2133 αἰτῶ
937 2089 985 2132 111
1010 2103 1144 2145 marg
1264 2094 1289 2132 3
1323 2105 1376 2145 με
1407 2090 1442 2132 Ι
1467 2089 1549 2133 sed
1581 2104 1602 2132 ε
1633 2089 1683 2132 in
1706 2103 1781 2132 ras
1805 2088 1875 2131 m⁸

243 2153 269 2190 4
276 2146 560 2221 ἀγχόμενον
593 2149 666 2191 Pa
788 2153 813 2191 5
848 2147 1147 2204 ἐπιλελῆσθαι
1184 2149 1305 2193 ΟΜο
1326 2149 1431 2222 Μοῑ
1554 2153 1576 2190 7
1611 2147 1680 2204 εἰη
1714 2147 1816 2191 Mor

187 2211 238 2249 11
275 2205 298 2250 ὃ
334 2207 418 2250 Mo
450 2209 497 2251 etz
528 2224 582 2264 γρ
615 2207 665 2249 in
688 2220 823 2264 marg
854 2207 955 2250 Mor
1039 2208 1100 2259 ὡς
1131 2208 1232 2251 Mor
1274 2212 1279 2262 Ι
1323 2225 1382 2251 αν
1414 2206 1588 2250 inserui
1620 2220 1644 2250 e
1678 2207 1720 2249 V
1799 2220 1873 2250 om

183 2265 354 2321 reliqui
385 2265 494 2309 libri
526 2266 617 2308 edd
667 2266 673 2324 Ι
723 2264 973 2320 ἀστρατίας
1004 2266 1046 2309 V
1224 2272 1276 2310 12
1310 2266 1401 2310 ὑπὸ
1435 2265 1579 2310 Cobet
1611 2265 1724 2310 (3011.
1746 2269 1829 2308 130
1840 2266 1869 2337 Ι

188 2324 387 2369 ἐκλιπὼν
420 2322 465 2368 τί
496 2325 625 2368 PMo
780 2329 834 2368 13
865 2332 958 2369 τῶν
990 2325 1299 2382 γραφομενων
1330 2327 1364 2368 Ι
1390 2326 1472 2369 sed
1503 2325 1552 2368 in
1581 2325 1663 2369 τὸν
1696 2322 1874 2381 γραφό-

186 2400 326 2440 μενον
359 2397 460 2427 corr
482 2383 552 2426 m3
594 2383 600 2441 Ι
643 2391 798 2435 κακῶς
821 2386 855 2428 Ι
898 2386 903 2441 Ι
949 2384 1119 2437 ἔδειξεν
1151 2387 1183 2428 Ι
1354 2390 1407 2428 15
1441 2385 1566 2435 αὐτῷ
1600 2386 1684 2428 Mo
1715 2383 1817 2426 Mor

188 2447 243 2485 16
276 2442 459 2497 ἑώρακα
491 2443 573 2498 μὲν
605 2442 707 2486 Mor
829 2448 882 2486 17
915 2443 1071 2488 &audiv
1065 2461 1156 2488 ναι
1187 2445 1302 2487 ΙΜο
1440 2447 1494 2486 18
1526 2459 1654 2497 παρα
1685 2442 1876 2486 πάντων

185 2509 277 2546 τῶν
308 2504 495 2546 θεατῶν
527 2503 572 2545 Ρ
602 2502 682 2545 sed
713 2509 805 2546 τῶν
836 2502 961 2546 inser
983 2502 1067 2556 m³‚
1098 2502 1166 2546 Re
1249 2502 1377 2557 παρὰ
1409 2501 1599 2546 πάντων
1631 2503 1675 2545 A
1707 2501 1789 2545 Sed
1820 2517 1874 2557 γρ

187 2559 315 2614 παρὰ
347 2559 538 2604 πάντων
571 2563 756 2605 θεατῶν
788 2561 837 2603 in
861 2575 1008 2618 marg,
1044 2562 1165 2606 CMo
1205 2561 1284 2605 sed
1318 2578 1371 2617 γρ
1404 2560 1533 2615 παρὰ
1565 2560 1753 2605 πάντων
1785 2567 1876 2604 τῶν

187 2623 372 2663 θεατῶν
434 2618 563 2674 παρὰ
601 2618 791 2663 πάντων
829 2623 1015 2664 θεατῶν
1049 2622 1153 2664 Pa]
1163 2621 1206 2664 V
1267 2621 1374 2674 περὶ
1405 2619 1594 2664 πάντων
1626 2627 1717 2663 τῶν
1747 2622 1876 2663 θεῶν

188 2685 277 2722 τῶν
310 2678 424 2731 Mor,
467 2679 591 2734 quod
624 2679 822 2722 correxit
853 2679 1057 2723 Koenius
1091 2680 1150 2722 ad
1184 2678 1320 2736 Greg.
1348 2677 1446 2723 Cor.
1472 2694 1517 2735 p.
1539 2683 1621 2722 139
1655 2678 1725 2722 ed.
1750 2677 1874 2733 Lips.

192 2742 326 2781 1811:
361 2741 575 2792 ,,θεατῶν
606 2738 795 2782 scribere
819 2739 975 2781 malim
1001 2752 1088 2794 pro
1118 2741 1246 2782 θεῶν
1269 2744 1375 2791 τῶν,
1407 2738 1526 2794 quod
1557 2739 1608 2780 in
1638 2736 1877 2790 θεωρούν-

189 2813 281 2839 των
316 2797 519 2840 mutabat
548 2811 681 2840 sensu
709 2798 879 2854 eyreyie
903 2801 1133 2852 perspecto
1159 2798 1407 2841 Piersonus
1433 2797 1570 2840 Veris.
1596 2797 1660 2838 II
1678 2800 1736 2839 10
1767 2794 1874 2852 [ΕΒ.

194 2856 326 2912 1752]
354 2870 401 2911 p.
427 2859 550 2899 258⁶⁶
583 2855 642 2898 ad
676 2869 813 2909 quem
846 2855 999 2899 locum
1029 2856 1216 2899 Bastius
1248 2854 1325 2900 1.1.
1361 2855 1621 2898 adnotavit:
1664 2857 1877 2908 ,,θεατῶν

195 2914 376 2958 Codices
406 2915 618 2958 Parisini
648 2915 946 2968 confirmanst‘
980 2915 1036 2957 de
1068 2929 1159 2969 quo
1193 2913 1249 2957 ef.
1282 2928 1326 2969 p.
1352 2918 1435 2957 188
1450 2928 1515 2969 sq.
1545 2914 1551 2971 Ι
1579 2913 1688 2958 οὐδὲ
1724 2913 1760 2957 Ο
