1992 3094
216 143 319 195 192
722 141 948 185 LIBANII
981 141 1204 186 ORATIO
1238 141 1429 186 XXXIV

213 298 325 345 νεν,
381 276 703 346 αἰσχυνθεὶς
749 276 819 330 ἂν
865 283 939 349 τῷ
988 279 1054 330 τὰ
1100 279 1234 330 ὄντα
1285 276 1576 346 ἀκηκοέναι
1629 276 1720 330 καὶ
1767 277 1893 345 παρ’

215 365 452 435 ἐμαυτοῦ
493 374 606 428 τοῖς
646 364 954 436 εἰρημένοις
994 366 1261 419 δεδόσθαι
1309 368 1410 434 τὴν
1450 366 1710 436 ἀφορμὴν
1747 367 1901 434 νομί-

214 470 312 518 σας
352 454 552 522 ἐσίγων
591 453 660 506 ἀν
701 455 802 508 οὐκ
842 452 982 523 ἔχων
1021 463 1346 524 κατηγορεῖν
1393 462 1492 508 τοῦ
1532 462 1902 524 κατηγοροῦν-

123 557 165 600 R
187 556 329 600 11267
370 563 460 606 τος
494 542 502 612 Ι
538 543 743 596 δίκαια·
783 551 890 596 νῦν
926 542 974 596 δ’
1008 543 1109 596 οὐκ
1150 540 1276 596 οἶδα
1309 542 1499 612 ἕτερόν
1527 563 1652 596 τινα
1684 542 1902 613 ἀνθρώ-

169 654 188 686 5
212 650 333 685 πων
395 632 568 694 οὕτως
629 632 867 695 ἀναιδῶς
930 631 1499 701 σεσυκοφαντημένον.
1587 631 1678 684 καὶ
1738 640 1900 685 τοῦτο

213 721 427 789 ἕτοιμος
467 722 743 774 δεικνύειν
791 721 893 773 οὐκ
943 720 1319 789 ἀγνοούμενος
1366 721 1467 790 μὲν
1506 721 1614 774 ὑπὸ
1654 730 1766 773 τῶν
1803 721 1902 789 τὴν

213 809 349 878 ε’μὴν
395 810 626 862 εἰδότων
676 810 811 878 πρὸς
856 811 918 863 τὸ
966 819 1161 863 πονεῖν
1210 809 1434 878 ἡδονήν,
1490 810 1685 871 δεδιὼς
1733 805 1791 861 δὲ
1830 811 1902 877 μή

213 918 295 960 τις
332 907 444 951 τῶν
483 898 585 950 οὐκ
626 897 1075 967 ἐξεπισταμένων,
1124 898 1274 960 ὅστις
1322 897 1425 966 ἐγὼ
1474 898 1610 968 πρὸς
1647 899 1777 960 τοὺς
1817 896 1902 950 ἐπὶ

213 992 287 1058 τῷ
321 987 685 1040 παιδεύεσθαι
719 988 989 1049 συνόντας
1019 986 1169 1056 ἡμῖν,
1210 985 1538 1057 ἐξαπατηθῇ.
1617 986 1755 1039 ὅθεν
1793 989 1902 1039 τοί-

149 1097 190 1129 10
215 1095 322 1127 νυν
360 1076 425 1127 τὰ
462 1076 588 1146 περὶ
626 1077 728 1144 τὴν
767 1075 902 1144 ε’μὴν
940 1075 1109 1146 ὕβριν
1148 1074 1410 1144 γενέσθαι
1452 1074 1684 1144 συνέβη,
1727 1078 1903 1138 καλῶς

214 1163 283 1216 ἂν
323 1166 437 1233 ἔχοι
479 1185 571 1232 μοι
613 1165 876 1218 διελθεῖν.

326 1253 372 1305 3.
422 1252 747 1322 Ἐποιήσατό
796 1274 878 1316 τις
923 1262 1035 1307 τῶν
1080 1251 1224 1307 νέων
1270 1252 1536 1316 ἐπίδειξιν
1584 1252 1770 1320 ἀγῶνα
1816 1250 1901 1305 ἐπὶ

213 1342 496 1411 προάγωνι
543 1343 783 1410 γεγονὼς
828 1339 930 1409 μὲν
975 1340 1067 1412 ἔτη
1114 1342 1521 1411 πεντεκαίδεκα,
1572 1345 1798 1394 πλεῖστα
1844 1337 1902 1393 δὲ

214 1429 356 1483 νέων
402 1429 463 1483 ἐν
511 1431 753 1502 ὀρφανίᾳ
807 1432 1153 1500 πεπονηκώς,
1206 1431 1427 1499 ἡδονῶν
1478 1427 1539 1483 δὲ
1590 1430 1656 1483 οὐ
1703 1432 1902 1498 καλῶν,

150 1540 191 1572 15
217 1524 366 1589 εἴπερ
398 1539 495 1587 τις,
534 1521 893 1590 κεκρατηκὼς,
933 1517 1073 1590 ἔχων
1105 1518 1183 1588 δέ,
1221 1525 1266 1572 εἰ
1299 1520 1579 1588 βούλοιτο,
1610 1520 1903 1589 προγόνων

217 1608 410 1676 ἀρετὰς
457 1607 638 1676 λέγειν
677 1611 738 1661 ἔν
776 1627 833 1660 τε
871 1608 1017 1672 τάξει
1064 1609 1400 1676 στρατιώτου
1446 1610 1710 1677 φανείσας
1748 1605 1809 1660 ἔν
1845 1624 1902 1660 τε

216 1696 545 1764 ἡγεμονίαις.
582 1696 837 1765 μέγιστος
861 1693 921 1749 δὲ
946 1704 1020 1769 τῷ
1041 1696 1146 1769 νέω
1171 1699 1371 1765 κόσμος
1394 1697 1427 1765 ἡ
1454 1697 1790 1766 σωφροσύνη
1814 1693 1901 1748 καὶ

216 1786 312 1847 τὰς
336 1794 447 1838 τῶν
471 1795 730 1855 πονηρῶν
754 1786 994 1853 γλώττας
1028 1787 1395 1854 διαφυγοῦσα.
1450 1786 1627 1857 τούτῳ
1661 1783 1709 1838 δ’
1730 1786 1799 1837 ἄν
1822 1804 1902 1847 τις

218 1872 400 1943 ἕτερος
431 1873 744 1943 προσέθηκε
783 1875 885 1943 τὴν
915 1875 1038 1942 περὶ
1070 1875 1164 1936 τὰς
1196 1873 1426 1943 ἀμοιβὰς
1458 1877 1782 1943 προθυμίαν
1813 1871 1901 1926 καὶ

151 1984 194 2015 20
219 1963 580 2031 δικαιοσύνην
603 1961 692 2015 καὶ
719 1963 791 2026 ὡς
814 1971 926 2015 πᾶν
950 1963 978 2016 ὃ
1003 1962 1234 2016 τελέσειε
1259 1963 1459 2032 μικρὸν
1483 1963 1628 2033 αὐτῷ
1646 1961 1900 2030 κέκριται.

338 2203 390 2240 21
438 2196 647 2255 τελέσειε]
692 2196 796 2251 ἤτοι
837 2196 1058 2255 κατέβαλε
1101 2197 1271 2253 μισθὸν
1314 2200 1375 2255 τῷ
1418 2195 1697 2254 διδασκάλῳ.
1766 2202 1901 2239 τοῦτο

218 2255 345 2310 παρὰ
377 2256 594 2300 Πλάτωνι
627 2253 796 2313 συχνόν
837 2255 904 2300 V²

341 2483 362 2519 1
395 2480 458 2535 τῷ
490 2477 654 2533 scripsi
686 2491 709 2520 e
744 2479 788 2521 V
813 2477 915 2521 coll.
942 2477 1201 2531 t.11422‚4
1268 2450 1351 2520 τὲυι
1375 2479 1421 2521 A
1488 2451 1541 2521 τίδ’
1564 2479 1596 2520 Ι
1651 2477 1702 2521 τὸ
1733 2473 1900 2532 reliqui

220 2535 329 2579 libri
361 2536 451 2580 edd
583 2541 607 2579 3
642 2537 826 2590 „malim
857 2537 1264 2593 &vunavnyopstffl
1297 2536 1363 2579 Re
1500 2541 1525 2579 5
1560 2549 1896 2590 σεσυκοφαντη-

220 2593 340 2651 μένω
375 2595 459 2638 Mo
581 2599 603 2637 7
638 2603 800 2639 πονεῖν
833 2596 875 2637 V
903 2596 983 2638 sed
1015 2613 1040 2638 ν
1073 2598 1133 2651 (1)
1168 2608 1222 2638 cx
1255 2612 1270 2638 ι
1304 2609 1404 2638 corr
1428 2594 1498 2637 m²
1525 2597 1530 2651 Ι
1559 2593 1609 2638 δὲ
1642 2609 1717 2638 om
1742 2594 1841 2636 Mor

222 2659 276 2697 10
314 2653 371 2697 τὰ
402 2655 437 2697 Ι
468 2654 549 2697 scd
581 2653 610 2696 ἃ
651 2668 866 2710 suprascr
887 2655 957 2696 m³
1006 2655 1011 2712 Ι
1062 2651 1228 2711 συνέβη
1268 2653 1490 2710 γενέσθαι
1525 2655 1720 2699 ΟΡαΜο
1743 2652 1843 2695 Mor

282 2718 333 2755 11
361 2713 507 2770 ἔχοιμι
525 2712 625 2755 Mor
747 2719 799 2755 13
832 2712 1131 2770 προάγωνιΑ
1157 2713 1238 2756 sed
1255 2716 1273 2725 ”
1300 2727 1440 2768 supra
1457 2731 1491 2756 ω
1518 2725 1619 2755 eras
1743 2716 1795 2755 14
1818 2725 1896 2754 πε-

219 2773 424 2827 ποιηκώς
457 2773 539 2816 Mo
565 2771 666 2815 Mor
847 2777 899 2815 15
939 2772 1229 2827 κεκρατηκὼς
1259 2773 1291 2814 Ι
1318 2772 1399 2814 scd
1430 2787 1571 2825 κεκρα
1603 2771 1653 2813 in
1676 2784 1750 2814 ras
1773 2769 1842 2812 m³

223 2835 275 2873 17
315 2829 523 2886 μέγιστος
555 2857 610 2862 -
645 2835 698 2873 18
740 2832 1036 2886 διαφυγοῦσα
1076 2831 1192 2874 citat
1223 2830 1383 2873 Macar
1413 2830 1492 2874 fol.
1519 2834 1574 2872 90
1756 2832 1807 2871 17
1846 2823 1896 2870 δὲ

221 2903 296 2931 om
319 2889 478 2932 Macar
600 2893 652 2933 18
684 2890 889 2946 γλώσσας
919 2889 1078 2932 Macar
1219 2893 1274 2932 20
1308 2887 1331 2933 ὃ
1366 2903 1441 2932 om
1465 2888 1567 2932 Mor
1593 2889 1599 2944 Ι
1626 2887 1897 2943 κεκράτηται

223 2949 307 2991 Mo
340 2949 420 2991 sed
452 2946 656 3001 κέκριται
689 2949 737 2991 in
762 2962 895 3004 marg
