1992 3094
495 109 724 153 LIBANII
755 107 979 153 ORATIO
1014 108 1092 152 DE
1125 106 1506 153 PATROCINIIS
1739 107 1845 159 411

153 247 288 316 πρὸς
328 242 418 312 ἐμὲ
458 243 777 314 μνησθέντα
818 245 1025 307 λύσεως
1063 242 1227 315 ᾤχετο
1276 243 1455 296 ἀπιὼν
1494 241 1747 312 ἑτέρωσε,
1796 243 1849 295 οἱ

155 333 203 388 δ’
244 334 331 387 ἐπὶ
371 335 432 387 τὸ
472 343 584 388 τῶν
619 337 842 386 πολλῶν
879 333 1176 400 πάλαισμα,
1216 334 1314 386 τὸν
1353 329 1510 385 οἷκον
1547 339 1647 384 τοῦ
1686 345 1847 399 στρα-

152 431 351 492 τηγοῦ,
402 421 492 476 καὶ
538 424 640 491 τὴν
683 421 940 476 ἐναντίαν
985 430 1101 484 τοῖς
1150 419 1157 492 Ι
1207 423 1439 484 δικαίοις
1480 420 1699 495 ἀσπίδα.
1733 432 1938 476 RH510

152 513 243 566 καὶ
297 510 491 579 κριθαὶ
546 512 636 564 καὶ
696 519 846 574 σῖτος
898 511 989 564 καὶ
1043 518 1235 579 νῆτται
1289 508 1380 563 καὶ
1444 511 1592 578 χιλὸς
1646 509 1848 571 ἵπποις.

157 601 238 654 14.
286 599 376 654 καὶ
410 600 438 654 ὁ
471 597 573 669 μὲν
603 598 936 669 προσέταξεν
967 597 1065 652 ἐᾶν
1095 602 1226 662 τοὺς
1258 600 1517 661 λιπόντας
1545 600 1646 667 τὴν
1677 598 1848 666 τάξιν,
1895 619 1916 651 5

154 690 182 744 ὁ
225 688 285 743 δὲ
323 689 609 758 ὑπήκουσέ
645 699 701 742 τε
739 688 829 742 καὶ
868 688 1148 758 ὑπέσχετο.
1218 687 1309 741 καὶ
1343 688 1371 742 ὁ
1405 687 1640 752 δικάζων
1679 687 1708 740 ὃ
1749 687 1849 754 μὲν

154 780 254 832 οὐκ
287 776 373 847 ἦν,
414 774 500 846 ἦν,
541 778 569 831 ὃ
605 777 654 831 δ’
684 774 772 846 ἧν,
813 778 913 831 οὐκ
946 775 1031 846 ἦν,
1072 777 1194 832 ἀντὶ
1228 779 1492 830 δικαστοῦ
1526 777 1848 845 συνήγορος.

152 874 454 938 τοιγαροῦν
502 860 682 920 εἷλκεν
726 867 835 920 ὑπὸ
883 868 984 935 τὴν
1030 875 1222 936 ψῆφον
1268 866 1408 935 ἡμᾶς
1449 864 1578 918 καθ’
1618 864 1850 932 ἑκάστην

152 955 362 1025 ἡμέραν
399 955 630 1025 πέμπων
669 957 840 1011 ἄλλον
879 954 960 1008 ἐπ’
1002 956 1172 1027 ἄλλῳ,
1221 956 1280 1008 τὸ
1327 956 1445 1022 ἤδη
1490 956 1849 1022 βουλόμενος,

153 1046 214 1098 τὸ
254 1048 434 1114 μήπω
475 1047 847 1113 μεμφόμενος,
896 1046 1154 1098 σπεύδων
1202 1043 1288 1097 ἐπὶ
1334 1045 1436 1112 τὴν
1483 1042 1696 1112 ἐχθρὰν
1734 1050 1850 1105 τοῖς
1875 1064 1917 1096 10

153 1140 310 1198 θεοῖς
347 1135 524 1203 χάριν.
593 1134 680 1187 καὶ
725 1133 900 1196 οὕτως
939 1129 1008 1201 ἦν
1049 1134 1215 1201 δῆλος
1252 1134 1313 1186 τὸ
1355 1134 1575 1186 δίκαιον
1612 1133 1848 1201 προησό-

153 1243 317 1292 μενος
356 1231 420 1294 τῇ
462 1223 665 1292 χάριτι,
715 1221 852 1275 ὥσθ’
895 1224 946 1276 οἱ
995 1225 1194 1285 νυκτὸς
1234 1220 1470 1285 ἐξιόντες
1509 1219 1634 1291 παρ’
1677 1221 1849 1273 αὐτοῦ

153 1322 265 1365 τῶν
303 1313 436 1381 ἡμῖν
475 1311 802 1380 ἐπιτηδείων
841 1305 924 1374 οἷς
964 1311 1402 1380 συντυγχάνοιεν
1439 1308 1634 1377 ἔλεγον
1671 1311 1850 1379 κεκρί-

157 1407 292 1454 σθαι
332 1421 426 1470 μοι
464 1403 567 1470 τὴν
606 1403 768 1470 δίκην
806 1402 897 1455 καὶ
944 1401 1005 1454 τὸ
1046 1401 1244 1470 κράτος
1284 1402 1511 1452 ἔσεσθαι
1549 1409 1662 1452 τῶν
1702 1398 1848 1451 ἀντι-

155 1491 338 1543 δίκων.
427 1490 508 1542 15.
565 1491 656 1543 καὶ
704 1491 777 1552 ὡς
822 1489 984 1543 τοῦθ’
1031 1490 1206 1552 οὕτως
1253 1486 1422 1558 εἶχεν,
1477 1486 1703 1557 ἐδείχθη
1754 1495 1850 1556 τῆς
1875 1509 1916 1541 15

154 1577 427 1647 ἐπιούσης.
492 1580 545 1632 οἱ
577 1576 680 1647 μὲν
711 1580 816 1648 γὰρ
849 1577 975 1647 μεθ’
1006 1579 1162 1647 ἡμῶν
1187 1580 1342 1640 ὄντες
1367 1577 1592 1646 ῥήτορες
1623 1578 1850 1645 ἤκουον,

155 1667 237 1720 ὅτι
265 1665 271 1738 Ι
301 1668 385 1720 δεῖ
416 1676 631 1721 σιωπᾶν
664 1666 725 1721 ἐν
758 1667 1009 1737 ἀφθονίᾳ
1041 1677 1152 1719 τῶν
1190 1669 1450 1736 ἰσχυρῶν,
1488 1676 1600 1719 τῶν
1639 1663 1700 1719 δὲ
1731 1677 1935 1721 RH511

155 1757 263 1808 σὺν
309 1755 540 1819 ἐκείνοις
580 1753 749 1810 οὐδὲν
795 1752 865 1823 ἧν
905 1755 1138 1818 ἀσθενὲς
1185 1753 1247 1808 ἐν
1294 1763 1472 1818 σκιαῖς
1510 1764 1626 1818 τοῖς
1665 1756 1849 1808 ἅπασι.

153 1853 248 1913 τῆς
287 1848 480 1914 ψήφου
529 1846 591 1898 δὲ
636 1847 889 1913 τεθείσης
929 1845 1054 1897 οἵαν
1093 1844 1154 1896 τὸ
1203 1845 1406 1911 κράνος
1443 1843 1536 1897 καὶ
1583 1843 1611 1896 ὁ
1659 1842 1849 1914 θώραξ

153 1934 384 2002 ἤθελεν,
423 1934 594 1987 αὑτὸν
633 1932 863 1987 ἐδίωκεν
902 1933 932 1986 ὁ
973 1931 1371 2001 ἐψηφισμένος,
1412 1933 1479 1986 οὐ
1520 1933 1623 2001 γαρ
1666 1938 1750 1985 εἰά
1787 1934 1848 1986 τὸ
1875 1954 1917 1985 20

155 2024 411 2085 συνειδὸς
438 2023 678 2093 ἠρεμεῖν,
710 2021 799 2074 καὶ
826 2023 970 2090 πρὸς
1000 2023 1132 2084 τοὺς
1164 2023 1436 2084 εἰσιόντας
1468 2021 1636 2074 οὐδὲν
1667 2023 1850 2075 αἰτιω-

154 2110 357 2178 μένους
397 2112 551 2180 ὤμνυ
592 2111 801 2173 πάντας
833 2111 1034 2180 ὅρκους
1073 2107 1105 2178 ἦ
1145 2111 1254 2178 μὴν
1292 2109 1475 2179 ὀρθὴν
1511 2117 1849 2179 πεποιῆσθαι

275 2299 300 2337 2
332 2294 497 2338 Aesch.
526 2293 645 2338 Ctes,
672 2299 696 2347 ξ
723 2298 807 2337 205
840 2309 883 2349 p.
912 2297 1048 2347 83,19
1174 2297 1228 2336 10
1261 2293 1367 2336 Hes.
1395 2308 1501 2350 opp.
1529 2298 1612 2337 249
1631 2309 1698 2349 sq.

278 2470 299 2508 1
335 2464 400 2514 εἰς
430 2465 506 2508 IB
557 2467 562 2521 Ι
613 2463 658 2508 οἳ
690 2465 736 2508 Α
798 2462 850 2507 οῖ’
875 2463 1031 2508 ΡΒΜ
1163 2468 1188 2506 2
1222 2463 1272 2507 δὲ
1304 2463 1373 2507 Re
1510 2469 1534 2506 5
1568 2463 1849 2520 προσέταξεν

156 2523 239 2568 ἐᾶν
271 2524 340 2567 Re
431 2522 682 2578 προσέταξε
713 2540 802 2566 καν
833 2522 942 2565 libri
975 2521 1066 2566 Got
1247 2527 1272 2566 6
1305 2523 1385 2565 καὶ
1418 2522 1441 2565 ὁ
1461 2549 1515 2555 -
1537 2527 1560 2565 7
1595 2522 1851 2580 συνήγορος

156 2582 274 2626 citat
304 2582 420 2626 Plan
452 2582 537 2627 1.1
663 2587 684 2625 7
719 2577 776 2637 ἦν
809 2583 870 2638 (2)
897 2595 971 2625 om
996 2583 1030 2625 I
1050 2583 1055 2638 Ι
1083 2581 1188 2625 ἀντὶ
1214 2583 1260 2626 Ρ
1284 2581 1391 2625 sed
1428 2595 1529 2625 eras
1652 2588 1677 2626 8
1703 2586 1849 2626 καθε-

156 2685 330 2742 κάστην
353 2686 388 2729 Ι
497 2689 551 2728 10
577 2684 756 2742 ἔχθραν
782 2685 827 2728 Β
944 2689 996 2727 12
1022 2682 1266 2740 προιόντες
1293 2685 1330 2730 C
1443 2690 1495 2728 13
1522 2684 1849 2744 ἐντυγχάνοιεν

157 2743 303 2789 Cobet
328 2743 439 2789 Coll.
460 2748 544 2788 293
578 2746 629 2787 aiz
653 2743 766 2800 cf.p
772 2749 899 2799 2.·27,
912 2749 935 2788 7
979 2743 986 2802 Ι
1029 2741 1275 2798 κεκρίσθαι
1301 2745 1347 2787 Ρ
1374 2743 1500 2788 sed‘
1533 2745 1582 2787 in
1613 2758 1687 2788 ras
1719 2745 1790 2787 m²

157 2801 406 2878 κεκρῖσθαί
423 2804 467 2846 A
561 2807 614 2846 16
641 2801 828 2858 ἤκουον,
855 2819 926 2846 οτι
950 2806 1024 2847 δεῖ
1037 2805 1083 2847 Ρ
1104 2803 1186 2846 sed
1211 2802 1326 2857 ἤκου
1352 2801 1448 2847 et
1424 2819 1494 2847 οτι
1510 2806 1586 2848 δεῖ
1606 2804 1656 2846 in
1679 2818 1755 2846 ras
1779 2803 1850 2847 m'

219 2867 274 2907 18
306 2858 384 2920 ἦν]
419 2880 479 2906 αν
513 2862 604 2906 Got
779 2866 832 2905 19
866 2860 972 2905 οιαν
1005 2875 1060 2904 ex
1092 2859 1137 2906 οἷ
1168 2878 1228 2905 αν
1261 2876 1363 2906 corr
1393 2863 1439 2906 A
1530 2862 1574 2907 οἱ
1606 2861 1666 2906 ἂν
1699 2862 1790 2907 Got

158 2925 214 2964 20
246 2921 391 2966 αὑτὸν
422 2921 490 2965 Re
553 2921 696 2965 αὐτὸν
727 2920 838 2964 libri
871 2920 961 2965 Got
1003 2923 1008 2977 Ι
1052 2920 1076 2964 ὁ
1110 2934 1185 2964 om
1216 2922 1251 2964 I
