<?xml version="1.0" encoding="UTF-8"?>
<!DOCTYPE html PUBLIC "-//W3C//DTD XHTML 1.0 Transitional//EN"
    "http://www.w3.org/TR/xhtml1/DTD/xhtml1-transitional.dtd">
<html xmlns="http://www.w3.org/1999/xhtml" xml:lang="en" lang="en">
 <head>
  <title>
</title>
<meta http-equiv="Content-Type" content="text/html;charset=utf-8" />
  <meta name='ocr-system' content='tesseract 3.04.00' />
  <meta name='ocr-capabilities' content='ocr_page ocr_carea ocr_par ocr_line ocrx_word'/>
</head>
<body>
  <div class='ocr_page' id='page_1' title='image "./operarecensuitri03libauoft_0475.png"; bbox 0 0 1992 3094; ppageno 0'>
   <div class='ocr_carea' id='block_1_1' title="bbox 42 2792 77 3094">
    <p class='ocr_par' dir='ltr' id='par_1_1' title="bbox 42 2792 77 3094">
     <span class='ocr_line' id='line_1_1' title="bbox 42 2792 77 3094; textangle 90"><span class='ocrx_word' id='word_1_1' title='bbox 42 2792 77 3094; x_wconf 39' lang='grc' dir='ltr'><strong><em>*κω-τ’</em></strong></span> 
     </span>
    </p>
   </div>
   <div class='ocr_carea' id='block_1_2' title="bbox 487 136 1838 191">
    <p class='ocr_par' dir='ltr' id='par_1_2' title="bbox 487 136 1838 191">
     <span class='ocr_line' id='line_1_2' title="bbox 487 136 1838 191; baseline 0.008 -11"><span class='ocrx_word' id='word_1_2' title='bbox 487 136 674 181; x_wconf 85' lang='lat' dir='ltr'>LIBAN</span> <span class='ocrx_word' id='word_1_3' title='bbox 675 136 717 181; x_wconf 91' lang='lat'><strong><em>11</em></strong></span> <span class='ocrx_word' id='word_1_4' title='bbox 748 136 972 182; x_wconf 84' lang='lat' dir='ltr'><strong>ORATIO</strong></span> <span class='ocrx_word' id='word_1_5' title='bbox 1004 138 1085 182; x_wconf 87' lang='lat' dir='ltr'><strong><em>DE</em></strong></span> <span class='ocrx_word' id='word_1_6' title='bbox 1116 138 1496 184; x_wconf 86' lang='lat' dir='ltr'><strong>PATROCINIIS</strong></span> <span class='ocrx_word' id='word_1_7' title='bbox 1728 139 1838 191; x_wconf 83' lang='lat'><strong><em>405</em></strong></span> 
     </span>
    </p>
   </div>
   <div class='ocr_carea' id='block_1_3' title="bbox 146 269 1933 2294">
    <p class='ocr_par' dir='ltr' id='par_1_3' title="bbox 146 269 1905 1054">
     <span class='ocr_line' id='line_1_3' title="bbox 147 269 1838 341; baseline 0.001 -16"><span class='ocrx_word' id='word_1_8' title='bbox 147 275 609 341; x_wconf 82' lang='grc' dir='ltr'><strong><em>χαλεπανοῦντας,</em></strong></span> <span class='ocrx_word' id='word_1_9' title='bbox 649 269 805 327; x_wconf 87' lang='grc' dir='ltr'><strong><em>οὗτοι</em></strong></span> <span class='ocrx_word' id='word_1_10' title='bbox 845 273 910 327; x_wconf 90' lang='grc' dir='ltr'><strong><em>δέ</em></strong></span> <span class='ocrx_word' id='word_1_11' title='bbox 946 275 1089 327; x_wconf 88' lang='grc' dir='ltr'><strong><em>εἰσιν</em></strong></span> <span class='ocrx_word' id='word_1_12' title='bbox 1128 276 1182 328; x_wconf 76' lang='grc' dir='ltr'><strong><em>οἱ</em></strong></span> <span class='ocrx_word' id='word_1_13' title='bbox 1219 285 1334 338; x_wconf 81' lang='grc' dir='ltr'><strong><em>τοῖς</em></strong></span> <span class='ocrx_word' id='word_1_14' title='bbox 1372 284 1485 327; x_wconf 88' lang='grc' dir='ltr'><strong><em>τῶν</em></strong></span> <span class='ocrx_word' id='word_1_15' title='bbox 1524 275 1708 328; x_wconf 76' lang='grc' dir='ltr'><strong><em>ἄλλων</em></strong></span> <span class='ocrx_word' id='word_1_16' title='bbox 1746 294 1838 326; x_wconf 91' lang='grc' dir='ltr'><strong><em>κα-</em></strong></span> 
     </span>
     <span class='ocr_line' id='line_1_4' title="bbox 147 359 1839 432; baseline 0.001 -19"><span class='ocrx_word' id='word_1_17' title='bbox 147 369 265 423; x_wconf 88' lang='grc' dir='ltr'><strong><em>κοῖς</em></strong></span> <span class='ocrx_word' id='word_1_18' title='bbox 296 362 366 414; x_wconf 78' lang='grc' dir='ltr'><strong><em>τὰ</em></strong></span> <span class='ocrx_word' id='word_1_19' title='bbox 394 361 579 415; x_wconf 88' lang='grc' dir='ltr'><strong><em>αὑτῶν</em></strong></span> <span class='ocrx_word' id='word_1_20' title='bbox 610 363 770 429; x_wconf 80' lang='grc' dir='ltr'><em>μείζω</em></span> <span class='ocrx_word' id='word_1_21' title='bbox 802 370 1109 430; x_wconf 79' lang='grc' dir='ltr'><strong><em>ποιοῦντες,</em></strong></span> <span class='ocrx_word' id='word_1_22' title='bbox 1146 359 1288 431; x_wconf 85' lang='grc' dir='ltr'><strong><em>οῖδα,</em></strong></span> <span class='ocrx_word' id='word_1_23' title='bbox 1320 366 1567 432; x_wconf 84' lang='grc' dir='ltr'><strong><em>βασιλεῦ,</em></strong></span> <span class='ocrx_word' id='word_1_24' title='bbox 1599 363 1839 424; x_wconf 88' lang='grc' dir='ltr'><strong><em>πολλούς</em></strong></span> 
     </span>
     <span class='ocr_line' id='line_1_5' title="bbox 146 447 1840 520; baseline 0.001 -18"><span class='ocrx_word' id='word_1_25' title='bbox 146 469 205 502; x_wconf 91' lang='grc' dir='ltr'><strong><em>τε</em></strong></span> <span class='ocrx_word' id='word_1_26' title='bbox 244 451 406 512; x_wconf 81' lang='grc' dir='ltr'><strong><em>ὄντας</em></strong></span> <span class='ocrx_word' id='word_1_27' title='bbox 445 449 536 502; x_wconf 82' lang='grc' dir='ltr'><strong><em>καὶ</em></strong></span> <span class='ocrx_word' id='word_1_28' title='bbox 576 451 817 517; x_wconf 88' lang='grc' dir='ltr'><strong><em>δύναμιν</em></strong></span> <span class='ocrx_word' id='word_1_29' title='bbox 857 453 1098 519; x_wconf 77' lang='grc' dir='ltr'><strong><em>ἔχοντας,</em></strong></span> <span class='ocrx_word' id='word_1_30' title='bbox 1139 451 1244 520; x_wconf 79' lang='grc' dir='ltr'><strong><em>ἐγὼ</em></strong></span> <span class='ocrx_word' id='word_1_31' title='bbox 1286 449 1346 504; x_wconf 74' lang='grc' dir='ltr'><strong><em>δὲ</em></strong></span> <span class='ocrx_word' id='word_1_32' title='bbox 1386 451 1700 520; x_wconf 81' lang='grc' dir='ltr'><strong><em>ὀργιεῖσθαι</em></strong></span> <span class='ocrx_word' id='word_1_33' title='bbox 1739 447 1840 519; x_wconf 73' lang='grc' dir='ltr'><strong><em>μὲν</em></strong></span> 
     </span>
     <span class='ocr_line' id='line_1_6' title="bbox 148 533 1838 609; baseline 0.001 -19"><span class='ocrx_word' id='word_1_34' title='bbox 148 538 351 601; x_wconf 86' lang='grc' dir='ltr'><strong><em>αὐτοὺς</em></strong></span> <span class='ocrx_word' id='word_1_35' title='bbox 388 537 480 591; x_wconf 88' lang='grc' dir='ltr'><strong><em>καὶ</em></strong></span> <span class='ocrx_word' id='word_1_36' title='bbox 522 541 773 607; x_wconf 83' lang='grc' dir='ltr'><em>ζητήσειν</em></span> <span class='ocrx_word' id='word_1_37' title='bbox 810 538 935 609; x_wconf 91' lang='grc' dir='ltr'><strong><em>παρ’</em></strong></span> <span class='ocrx_word' id='word_1_38' title='bbox 976 539 1111 608; x_wconf 84' lang='grc' dir='ltr'><strong><em>ἐμοῦ</em></strong></span> <span class='ocrx_word' id='word_1_39' title='bbox 1149 541 1417 609; x_wconf 76' lang='grc' dir='ltr'><em>τιμωρίαν</em></span> <span class='ocrx_word' id='word_1_40' title='bbox 1457 533 1630 606; x_wconf 77' lang='grc' dir='ltr'><strong><em>οἶμαι,</em></strong></span> <span class='ocrx_word' id='word_1_41' title='bbox 1678 541 1838 608; x_wconf 83' lang='grc' dir='ltr'><strong><em>λήψε-</em></strong></span> 
     </span>
     <span class='ocr_line' id='line_1_7' title="bbox 147 627 1905 702; baseline 0.001 -23"><span class='ocrx_word' id='word_1_42' title='bbox 147 632 282 680; x_wconf 97' lang='grc' dir='ltr'><strong><em>σθαι</em></strong></span> <span class='ocrx_word' id='word_1_43' title='bbox 330 628 392 680; x_wconf 80' lang='grc' dir='ltr'><strong><em>δὲ</em></strong></span> <span class='ocrx_word' id='word_1_44' title='bbox 447 627 713 702; x_wconf 86' lang='grc' dir='ltr'><strong><em>οὐδέποτε</em></strong></span> <span class='ocrx_word' id='word_1_45' title='bbox 759 635 854 696; x_wconf 84' lang='grc' dir='ltr'><strong><em>τῆς</em></strong></span> <span class='ocrx_word' id='word_1_46' title='bbox 901 636 998 697; x_wconf 86' lang='grc' dir='ltr'><strong><em>σῆς</em></strong></span> <span class='ocrx_word' id='word_1_47' title='bbox 1044 632 1286 698; x_wconf 82' lang='grc' dir='ltr'><strong><em>κεφαλῆς</em></strong></span> <span class='ocrx_word' id='word_1_48' title='bbox 1340 628 1647 698; x_wconf 82' lang='grc' dir='ltr'><strong><em>σωζομένης</em></strong></span> <span class='ocrx_word' id='word_1_49' title='bbox 1693 628 1839 694; x_wconf 83' lang='grc' dir='ltr'><strong><em>παρὰ</em></strong></span> <span class='ocrx_word' id='word_1_50' title='bbox 1886 649 1905 681; x_wconf 73' lang='lat'>5</span> 
     </span>
     <span class='ocr_line' id='line_1_8' title="bbox 146 717 1838 787; baseline 0 -19"><span class='ocrx_word' id='word_1_51' title='bbox 146 724 257 769; x_wconf 91' lang='grc' dir='ltr'><strong><em>τῶν</em></strong></span> <span class='ocrx_word' id='word_1_52' title='bbox 309 717 409 769; x_wconf 94' lang='grc' dir='ltr'><strong><em>τὸν</em></strong></span> <span class='ocrx_word' id='word_1_53' title='bbox 464 718 568 769; x_wconf 90' lang='grc' dir='ltr'><strong><em>σὸν</em></strong></span> <span class='ocrx_word' id='word_1_54' title='bbox 625 718 753 785; x_wconf 90' lang='grc' dir='ltr'><strong><em>βίον</em></strong></span> <span class='ocrx_word' id='word_1_55' title='bbox 805 719 1237 787; x_wconf 84' lang='grc' dir='ltr'><strong><em>τεθαυμακότων</em></strong></span> <span class='ocrx_word' id='word_1_56' title='bbox 1290 723 1456 771; x_wconf 88' lang='grc' dir='ltr'><strong><em>θεῶν.</em></strong></span> <span class='ocrx_word' id='word_1_57' title='bbox 1547 718 1674 769; x_wconf 83' lang='grc' dir='ltr'><strong><em>οὔτε</em></strong></span> <span class='ocrx_word' id='word_1_58' title='bbox 1735 717 1838 786; x_wconf 81' lang='grc' dir='ltr'><strong><em>γὰρ</em></strong></span> 
     </span>
     <span class='ocr_line' id='line_1_9' title="bbox 148 803 1840 875; baseline 0.001 -19"><span class='ocrx_word' id='word_1_59' title='bbox 148 803 438 873; x_wconf 83' lang='grc' dir='ltr'><strong><em>ἐθελήσειν</em></strong></span> <span class='ocrx_word' id='word_1_60' title='bbox 478 819 539 857; x_wconf 92' lang='grc' dir='ltr'><strong><em>σε</em></strong></span> <span class='ocrx_word' id='word_1_61' title='bbox 581 806 892 873; x_wconf 89' lang='grc' dir='ltr'><strong><em>προδοῦναι</em></strong></span> <span class='ocrx_word' id='word_1_62' title='bbox 939 806 1039 859; x_wconf 92' lang='grc' dir='ltr'><strong><em>τὸν</em></strong></span> <span class='ocrx_word' id='word_1_63' title='bbox 1078 807 1402 875; x_wconf 90' lang='grc' dir='ltr'><strong><em>σύμβουλον</em></strong></span> <span class='ocrx_word' id='word_1_64' title='bbox 1440 806 1567 859; x_wconf 82' lang='grc' dir='ltr'><strong><em>οὔτε</em></strong></span> <span class='ocrx_word' id='word_1_65' title='bbox 1606 809 1840 874; x_wconf 86' lang='grc' dir='ltr'><strong><em>βοηθεῖν</em></strong></span> 
     </span>
     <span class='ocr_line' id='line_1_10' title="bbox 146 891 1841 963; baseline 0.001 -18"><span class='ocrx_word' id='word_1_66' title='bbox 146 894 492 962; x_wconf 86' lang='grc' dir='ltr'><strong><em>πειρώμενον</em></strong></span> <span class='ocrx_word' id='word_1_67' title='bbox 524 894 627 946; x_wconf 88' lang='grc' dir='ltr'><strong><em>οὐκ</em></strong></span> <span class='ocrx_word' id='word_1_68' title='bbox 660 894 927 962; x_wconf 81' lang='grc' dir='ltr'><strong><em>ἀρκέσειν.</em></strong></span> <span class='ocrx_word' id='word_1_69' title='bbox 989 897 1045 948; x_wconf 89' lang='grc' dir='ltr'><strong><em>τί</em></strong></span> <span class='ocrx_word' id='word_1_70' title='bbox 1074 891 1180 948; x_wconf 84' lang='grc' dir='ltr'><strong><em>οὖν</em></strong></span> <span class='ocrx_word' id='word_1_71' title='bbox 1208 896 1294 948; x_wconf 91' lang='grc' dir='ltr'><strong><em>δεῖ</em></strong></span> <span class='ocrx_word' id='word_1_72' title='bbox 1325 903 1538 948; x_wconf 86' lang='grc' dir='ltr'><strong><em>σιωπᾶν</em></strong></span> <span class='ocrx_word' id='word_1_73' title='bbox 1561 894 1841 963; x_wconf 83' lang='grc' dir='ltr'><strong><em>τηνάλλως</em></strong></span> 
     </span>
     <span class='ocr_line' id='line_1_11' title="bbox 148 981 1218 1054; baseline 0.002 -20"><span class='ocrx_word' id='word_1_74' title='bbox 148 983 503 1051; x_wconf 88' lang='grc' dir='ltr'><strong><em>φοβούμενον</em></strong></span> <span class='ocrx_word' id='word_1_75' title='bbox 542 981 604 1036; x_wconf 82' lang='grc' dir='ltr'><strong><em>ἐν</em></strong></span> <span class='ocrx_word' id='word_1_76' title='bbox 642 982 915 1054; x_wconf 76' lang='grc' dir='ltr'><strong><em>ἀσφαλείᾳ</em></strong></span> <span class='ocrx_word' id='word_1_77' title='bbox 954 985 1218 1054; x_wconf 71' lang='grc' dir='ltr'><strong><em>τοσαύτης</em></strong></span> 
     </span>
    </p>

    <p class='ocr_par' dir='ltr' id='par_1_4' title="bbox 146 1067 1929 1584">
     <span class='ocr_line' id='line_1_12' title="bbox 261 1067 1910 1146; baseline 0.001 -23"><span class='ocrx_word' id='word_1_78' title='bbox 261 1071 307 1123; x_wconf 86' lang='grc'><strong><em>3.</em></strong></span> <span class='ocrx_word' id='word_1_79' title='bbox 370 1067 456 1123; x_wconf 83' lang='grc' dir='ltr'><strong><em>Εὖ</em></strong></span> <span class='ocrx_word' id='word_1_80' title='bbox 503 1072 762 1146; x_wconf 87' lang='grc' dir='ltr'><strong><em>πράττειν</em></strong></span> <span class='ocrx_word' id='word_1_81' title='bbox 807 1069 910 1139; x_wconf 74' lang='grc' dir='ltr'><strong><em>μὲν</em></strong></span> <span class='ocrx_word' id='word_1_82' title='bbox 957 1069 1062 1125; x_wconf 86' lang='grc' dir='ltr'><strong><em>οὖν</em></strong></span> <span class='ocrx_word' id='word_1_83' title='bbox 1108 1075 1414 1141; x_wconf 84' lang='grc' dir='ltr'><strong><em>βουλοίμην</em></strong></span> <span class='ocrx_word' id='word_1_84' title='bbox 1460 1071 1531 1125; x_wconf 73' lang='grc' dir='ltr'><strong><em>ἂν</em></strong></span> <span class='ocrx_word' id='word_1_85' title='bbox 1576 1070 1667 1124; x_wconf 86' lang='grc' dir='ltr'><strong><em>καὶ</em></strong></span> <span class='ocrx_word' id='word_1_86' title='bbox 1713 1073 1842 1134; x_wconf 89' lang='grc' dir='ltr'><strong><em>τοὺς</em></strong></span> <span class='ocrx_word' id='word_1_87' title='bbox 1866 1092 1910 1124; x_wconf 86' lang='grc' dir='ltr'><strong><em>ιο</em></strong></span> 
     </span>
     <span class='ocr_line' id='line_1_13' title="bbox 146 1161 1844 1230; baseline 0.001 -18"><span class='ocrx_word' id='word_1_88' title='bbox 146 1169 260 1212; x_wconf 92' lang='grc' dir='ltr'><strong><em>τῶν</em></strong></span> <span class='ocrx_word' id='word_1_89' title='bbox 306 1161 453 1213; x_wconf 83' lang='grc' dir='ltr'><strong><em>ὅλων</em></strong></span> <span class='ocrx_word' id='word_1_90' title='bbox 500 1161 770 1229; x_wconf 80' lang='grc' dir='ltr'><strong><em>ἄρχοντας</em></strong></span> <span class='ocrx_word' id='word_1_91' title='bbox 818 1161 1110 1230; x_wconf 80' lang='grc' dir='ltr'><strong><em>δυνάμεων</em></strong></span> <span class='ocrx_word' id='word_1_92' title='bbox 1157 1161 1248 1214; x_wconf 80' lang='grc' dir='ltr'><strong><em>καὶ</em></strong></span> <span class='ocrx_word' id='word_1_93' title='bbox 1297 1163 1428 1224; x_wconf 89' lang='grc' dir='ltr'><strong><em>τοὺς</em></strong></span> <span class='ocrx_word' id='word_1_94' title='bbox 1472 1161 1580 1213; x_wconf 88' lang='grc' dir='ltr'><strong><em>ὑπὸ</em></strong></span> <span class='ocrx_word' id='word_1_95' title='bbox 1626 1161 1844 1223; x_wconf 86' lang='grc' dir='ltr'><strong><em>τούτοις</em></strong></span> 
     </span>
     <span class='ocr_line' id='line_1_14' title="bbox 148 1248 1843 1320; baseline 0 -19"><span class='ocrx_word' id='word_1_96' title='bbox 148 1258 332 1318; x_wconf 92' lang='grc' dir='ltr'><strong><em>μερῶν</em></strong></span> <span class='ocrx_word' id='word_1_97' title='bbox 384 1249 476 1302; x_wconf 79' lang='grc' dir='ltr'><strong><em>καὶ</em></strong></span> <span class='ocrx_word' id='word_1_98' title='bbox 536 1252 632 1317; x_wconf 80' lang='grc' dir='ltr'><strong><em>ζῆν</em></strong></span> <span class='ocrx_word' id='word_1_99' title='bbox 685 1248 747 1302; x_wconf 85' lang='grc' dir='ltr'><strong><em>ἐν</em></strong></span> <span class='ocrx_word' id='word_1_100' title='bbox 803 1251 1047 1320; x_wconf 77' lang='grc' dir='ltr'><strong><em>εὐθυμία</em></strong></span> <span class='ocrx_word' id='word_1_101' title='bbox 1099 1248 1191 1303; x_wconf 82' lang='grc' dir='ltr'><strong><em>καὶ</em></strong></span> <span class='ocrx_word' id='word_1_102' title='bbox 1253 1251 1485 1312; x_wconf 88' lang='grc' dir='ltr'><strong><em>τούτους</em></strong></span> <span class='ocrx_word' id='word_1_103' title='bbox 1538 1249 1843 1317; x_wconf 74' lang='grc' dir='ltr'><strong><em>κάκείνους,</em></strong></span> 
     </span>
     <span class='ocr_line' id='line_1_15' title="bbox 149 1337 1929 1408; baseline 0.002 -18"><span class='ocrx_word' id='word_1_104' title='bbox 149 1338 217 1391; x_wconf 86' lang='grc' dir='ltr'><strong><em>οὐ</em></strong></span> <span class='ocrx_word' id='word_1_105' title='bbox 264 1339 373 1407; x_wconf 86' lang='grc' dir='ltr'><strong><em>μὴν</em></strong></span> <span class='ocrx_word' id='word_1_106' title='bbox 422 1337 429 1408; x_wconf 85' lang='grc' dir='ltr'>Ι</span> <span class='ocrx_word' id='word_1_107' title='bbox 480 1339 607 1391; x_wconf 76' lang='grc' dir='ltr'><strong><em>οὔτε</em></strong></span> <span class='ocrx_word' id='word_1_108' title='bbox 653 1339 793 1391; x_wconf 82' lang='grc' dir='ltr'><strong><em>κακὰ</em></strong></span> <span class='ocrx_word' id='word_1_109' title='bbox 837 1340 1153 1406; x_wconf 78' lang='grc' dir='ltr'><strong><em>κερδαίνειν</em></strong></span> <span class='ocrx_word' id='word_1_110' title='bbox 1200 1337 1315 1392; x_wconf 76' lang='grc' dir='ltr'><strong><em>οὔτ’</em></strong></span> <span class='ocrx_word' id='word_1_111' title='bbox 1362 1339 1550 1401; x_wconf 79' lang='grc' dir='ltr'><strong><em>ἄλλοις</em></strong></span> <span class='ocrx_word' id='word_1_112' title='bbox 1595 1346 1695 1391; x_wconf 89' lang='grc' dir='ltr'><strong><em>τοῦ</em></strong></span> <span class='ocrx_word' id='word_1_113' title='bbox 1728 1349 1929 1393; x_wconf 81' lang='lat' dir='ltr'>RH501</span> 
     </span>
     <span class='ocr_line' id='line_1_16' title="bbox 147 1420 1843 1497; baseline 0 -18"><span class='ocrx_word' id='word_1_114' title='bbox 147 1426 327 1479; x_wconf 90' lang='grc' dir='ltr'><strong><em>πάντα</em></strong></span> <span class='ocrx_word' id='word_1_115' title='bbox 371 1431 580 1494; x_wconf 84' lang='grc' dir='ltr'><strong><em>τολμᾶν</em></strong></span> <span class='ocrx_word' id='word_1_116' title='bbox 628 1428 840 1490; x_wconf 87' lang='grc' dir='ltr'><strong><em>αἰτίους</em></strong></span> <span class='ocrx_word' id='word_1_117' title='bbox 886 1424 1042 1481; x_wconf 83' lang='grc' dir='ltr'><strong><em>εἶναι.</em></strong></span> <span class='ocrx_word' id='word_1_118' title='bbox 1120 1420 1210 1481; x_wconf 85' lang='grc' dir='ltr'><strong><em>οἷα</em></strong></span> <span class='ocrx_word' id='word_1_119' title='bbox 1256 1428 1434 1480; x_wconf 78' lang='grc' dir='ltr'><strong><em>πολλὰ</em></strong></span> <span class='ocrx_word' id='word_1_120' title='bbox 1481 1428 1676 1497; x_wconf 85' lang='grc' dir='ltr'><strong><em>δρᾶται</em></strong></span> <span class='ocrx_word' id='word_1_121' title='bbox 1721 1433 1843 1479; x_wconf 88' lang='grc' dir='ltr'><strong><em>νῦν.</em></strong></span> 
     </span>
     <span class='ocr_line' id='line_1_17' title="bbox 152 1516 1911 1584; baseline 0 -16"><span class='ocrx_word' id='word_1_122' title='bbox 152 1516 320 1568; x_wconf 75' lang='grc' dir='ltr'><strong><em>ἄκουε</em></strong></span> <span class='ocrx_word' id='word_1_123' title='bbox 359 1517 446 1584; x_wconf 83' lang='grc' dir='ltr'><strong><em>δή,</em></strong></span> <span class='ocrx_word' id='word_1_124' title='bbox 484 1517 732 1583; x_wconf 81' lang='grc' dir='ltr'><strong><em>βασιλεῦ,</em></strong></span> <span class='ocrx_word' id='word_1_125' title='bbox 771 1517 861 1568; x_wconf 81' lang='grc' dir='ltr'><strong><em>καὶ</em></strong></span> <span class='ocrx_word' id='word_1_126' title='bbox 903 1516 1186 1570; x_wconf 90' lang='grc' dir='ltr'><strong><em>διδάσκου.</em></strong></span> <span class='ocrx_word' id='word_1_127' title='bbox 1869 1535 1911 1568; x_wconf 84' lang='lat'><strong><em>15</em></strong></span> 
     </span>
    </p>

    <p class='ocr_par' dir='ltr' id='par_1_5' title="bbox 151 1602 1933 2294">
     <span class='ocr_line' id='line_1_18' title="bbox 260 1602 1844 1673; baseline 0 -17"><span class='ocrx_word' id='word_1_128' title='bbox 260 1605 310 1656; x_wconf 91' lang='lat'><strong><em>4.</em></strong></span> <span class='ocrx_word' id='word_1_129' title='bbox 366 1605 494 1657; x_wconf 83' lang='grc' dir='ltr'><strong><em>Εἰσὶ</em></strong></span> <span class='ocrx_word' id='word_1_130' title='bbox 543 1614 719 1673; x_wconf 83' lang='grc' dir='ltr'><strong><em>κῶμαι</em></strong></span> <span class='ocrx_word' id='word_1_131' title='bbox 764 1605 995 1673; x_wconf 80' lang='grc' dir='ltr'><strong><em>μεγάλαι</em></strong></span> <span class='ocrx_word' id='word_1_132' title='bbox 1042 1608 1264 1658; x_wconf 83' lang='grc' dir='ltr'><strong><em>πολλῶν</em></strong></span> <span class='ocrx_word' id='word_1_133' title='bbox 1312 1602 1507 1672; x_wconf 79' lang='grc' dir='ltr'><strong><em>ἑκάστη</em></strong></span> <span class='ocrx_word' id='word_1_134' title='bbox 1549 1605 1844 1656; x_wconf 88' lang='grc' dir='ltr'><strong><em>δεσποτῶν.</em></strong></span> 
     </span>
     <span class='ocr_line' id='line_1_19' title="bbox 152 1687 1844 1762; baseline 0 -18"><span class='ocrx_word' id='word_1_135' title='bbox 152 1687 311 1745; x_wconf 88' lang='grc' dir='ltr'><strong><em>αὗται</em></strong></span> <span class='ocrx_word' id='word_1_136' title='bbox 351 1693 800 1762; x_wconf 77' lang='grc' dir='ltr'><strong><em>καταφεύγουσιν</em></strong></span> <span class='ocrx_word' id='word_1_137' title='bbox 840 1691 928 1746; x_wconf 85' lang='grc' dir='ltr'><strong><em>ἐπὶ</em></strong></span> <span class='ocrx_word' id='word_1_138' title='bbox 967 1695 1096 1756; x_wconf 89' lang='grc' dir='ltr'><strong><em>τοὺς</em></strong></span> <span class='ocrx_word' id='word_1_139' title='bbox 1130 1691 1463 1761; x_wconf 80' lang='grc' dir='ltr'><strong><em>ἱδρυμένους</em></strong></span> <span class='ocrx_word' id='word_1_140' title='bbox 1495 1694 1844 1762; x_wconf 71' lang='grc' dir='ltr'><strong><em>στρατιώτας,</em></strong></span> 
     </span>
     <span class='ocr_line' id='line_1_20' title="bbox 152 1778 1845 1850; baseline -0.001 -16"><span class='ocrx_word' id='word_1_141' title='bbox 152 1781 252 1850; x_wconf 88' lang='grc' dir='ltr'><strong><em>οὐχ</em></strong></span> <span class='ocrx_word' id='word_1_142' title='bbox 285 1781 379 1833; x_wconf 84' lang='grc' dir='ltr'><strong><em>ἵνα</em></strong></span> <span class='ocrx_word' id='word_1_143' title='bbox 408 1782 481 1850; x_wconf 82' lang='grc' dir='ltr'><strong><em>μὴ</em></strong></span> <span class='ocrx_word' id='word_1_144' title='bbox 520 1782 746 1834; x_wconf 89' lang='grc' dir='ltr'><strong><em>πάθωσι</em></strong></span> <span class='ocrx_word' id='word_1_145' title='bbox 783 1790 980 1849; x_wconf 84' lang='grc' dir='ltr'><strong><em>κακῶς,</em></strong></span> <span class='ocrx_word' id='word_1_146' title='bbox 1020 1779 1139 1834; x_wconf 85' lang='grc' dir='ltr'><strong><em>ἀλλ’</em></strong></span> <span class='ocrx_word' id='word_1_147' title='bbox 1168 1782 1261 1834; x_wconf 84' lang='grc' dir='ltr'><strong><em>ἵνα</em></strong></span> <span class='ocrx_word' id='word_1_148' title='bbox 1299 1778 1460 1850; x_wconf 80' lang='grc' dir='ltr'><strong><em>ἔχωσι</em></strong></span> <span class='ocrx_word' id='word_1_149' title='bbox 1491 1789 1686 1833; x_wconf 87' lang='grc' dir='ltr'><strong><em>ποιεῖν.</em></strong></span> <span class='ocrx_word' id='word_1_150' title='bbox 1754 1780 1845 1833; x_wconf 85' lang='grc' dir='ltr'><strong><em>καὶ</em></strong></span> 
     </span>
     <span class='ocr_line' id='line_1_21' title="bbox 151 1865 1933 1939; baseline 0.002 -17"><span class='ocrx_word' id='word_1_151' title='bbox 151 1869 181 1922; x_wconf 89' lang='grc' dir='ltr'>ὁ</span> <span class='ocrx_word' id='word_1_152' title='bbox 212 1870 417 1938; x_wconf 90' lang='grc' dir='ltr'><strong><em>μισθὸς</em></strong></span> <span class='ocrx_word' id='word_1_153' title='bbox 449 1868 543 1938; x_wconf 83' lang='grc' dir='ltr'><strong><em>ἀφ’</em></strong></span> <span class='ocrx_word' id='word_1_154' title='bbox 574 1865 654 1922; x_wconf 81' lang='grc' dir='ltr'><strong><em>ὧν</em></strong></span> <span class='ocrx_word' id='word_1_155' title='bbox 687 1871 920 1923; x_wconf 88' lang='grc' dir='ltr'><strong><em>δίδωσιν</em></strong></span> <span class='ocrx_word' id='word_1_156' title='bbox 950 1870 983 1938; x_wconf 81' lang='grc' dir='ltr'><em>ἡ</em></span> <span class='ocrx_word' id='word_1_157' title='bbox 1017 1878 1104 1939; x_wconf 80' lang='grc' dir='ltr'><strong><em>γῆ,</em></strong></span> <span class='ocrx_word' id='word_1_158' title='bbox 1135 1867 1304 1938; x_wconf 83' lang='grc' dir='ltr'><strong><em>πυροὶ</em></strong></span> <span class='ocrx_word' id='word_1_159' title='bbox 1337 1867 1425 1921; x_wconf 90' lang='grc' dir='ltr'><strong><em>καὶ</em></strong></span> <span class='ocrx_word' id='word_1_160' title='bbox 1462 1873 1468 1934; x_wconf 89' lang='grc' dir='ltr'>Ι</span> <span class='ocrx_word' id='word_1_161' title='bbox 1503 1867 1697 1936; x_wconf 86' lang='grc' dir='ltr'><strong><em>κριθαὶ</em></strong></span> <span class='ocrx_word' id='word_1_162' title='bbox 1727 1880 1933 1924; x_wconf 82' lang='lat' dir='ltr'>RH502</span> 
     </span>
     <span class='ocr_line' id='line_1_22' title="bbox 151 1956 1913 2028; baseline -0.001 -18"><span class='ocrx_word' id='word_1_163' title='bbox 151 1956 242 2010; x_wconf 85' lang='grc' dir='ltr'><strong><em>καὶ</em></strong></span> <span class='ocrx_word' id='word_1_164' title='bbox 289 1959 356 2010; x_wconf 88' lang='grc' dir='ltr'><strong><em>τὰ</em></strong></span> <span class='ocrx_word' id='word_1_165' title='bbox 402 1957 508 2011; x_wconf 85' lang='grc' dir='ltr'><strong><em>ἀπὸ</em></strong></span> <span class='ocrx_word' id='word_1_166' title='bbox 555 1968 667 2012; x_wconf 88' lang='grc' dir='ltr'><strong><em>τῶν</em></strong></span> <span class='ocrx_word' id='word_1_167' title='bbox 715 1958 967 2028; x_wconf 89' lang='grc' dir='ltr'><strong><em>δένδρων</em></strong></span> <span class='ocrx_word' id='word_1_168' title='bbox 1011 1958 1044 2027; x_wconf 82' lang='grc' dir='ltr'>ἢ</span> <span class='ocrx_word' id='word_1_169' title='bbox 1092 1959 1295 2027; x_wconf 86' lang='grc' dir='ltr'><strong><em>χρυσὸς</em></strong></span> <span class='ocrx_word' id='word_1_170' title='bbox 1340 1956 1372 2025; x_wconf 77' lang='grc' dir='ltr'>ἢ</span> <span class='ocrx_word' id='word_1_171' title='bbox 1421 1958 1654 2026; x_wconf 88' lang='grc' dir='ltr'><strong><em>χρυσίου</em></strong></span> <span class='ocrx_word' id='word_1_172' title='bbox 1703 1959 1844 2026; x_wconf 90' lang='grc' dir='ltr'><strong><em>τιμή.</em></strong></span> <span class='ocrx_word' id='word_1_173' title='bbox 1869 1978 1913 2010; x_wconf 73' lang='lat'><strong><em>20</em></strong></span> 
     </span>
     <span class='ocr_line' id='line_1_23' title="bbox 152 2046 1848 2117; baseline -0.001 -18"><span class='ocrx_word' id='word_1_174' title='bbox 152 2046 593 2117; x_wconf 86' lang='grc' dir='ltr'><strong><em>προβεβλημένοι</em></strong></span> <span class='ocrx_word' id='word_1_175' title='bbox 632 2050 826 2100; x_wconf 85' lang='grc' dir='ltr'><strong><em>τοίνυν</em></strong></span> <span class='ocrx_word' id='word_1_176' title='bbox 865 2049 960 2110; x_wconf 82' lang='grc' dir='ltr'><strong><em>τὰς</em></strong></span> <span class='ocrx_word' id='word_1_177' title='bbox 991 2048 1205 2100; x_wconf 90' lang='grc' dir='ltr'><strong><em>τούτων</em></strong></span> <span class='ocrx_word' id='word_1_178' title='bbox 1243 2055 1426 2116; x_wconf 87' lang='grc' dir='ltr'><strong><em>χεῖρας</em></strong></span> <span class='ocrx_word' id='word_1_179' title='bbox 1458 2047 1511 2098; x_wconf 79' lang='lat' dir='ltr'><strong><em>oz</em></strong></span> <span class='ocrx_word' id='word_1_180' title='bbox 1551 2046 1848 2108; x_wconf 89' lang='grc' dir='ltr'><strong><em>δεδωκότες</em></strong></span> 
     </span>
     <span class='ocr_line' id='line_1_24' title="bbox 155 2132 1847 2204; baseline -0.001 -16"><span class='ocrx_word' id='word_1_181' title='bbox 155 2134 421 2204; x_wconf 85' lang='grc' dir='ltr'><strong><em>ἐώνηνται</em></strong></span> <span class='ocrx_word' id='word_1_182' title='bbox 460 2137 560 2204; x_wconf 83' lang='grc' dir='ltr'><strong><em>τὴν</em></strong></span> <span class='ocrx_word' id='word_1_183' title='bbox 601 2137 678 2199; x_wconf 86' lang='grc' dir='ltr'><strong><em>εἰς</em></strong></span> <span class='ocrx_word' id='word_1_184' title='bbox 710 2137 923 2189; x_wconf 78' lang='grc' dir='ltr'><strong><em>ἅπαντα</em></strong></span> <span class='ocrx_word' id='word_1_185' title='bbox 954 2134 1223 2199; x_wconf 83' lang='grc' dir='ltr'><strong><em>ἐξουσίαν.</em></strong></span> <span class='ocrx_word' id='word_1_186' title='bbox 1293 2135 1384 2188; x_wconf 87' lang='grc' dir='ltr'><strong><em>καὶ</em></strong></span> <span class='ocrx_word' id='word_1_187' title='bbox 1422 2141 1531 2187; x_wconf 89' lang='grc' dir='ltr'><strong><em>νῦν</em></strong></span> <span class='ocrx_word' id='word_1_188' title='bbox 1567 2132 1670 2203; x_wconf 74' lang='grc' dir='ltr'><strong><em>μὲν</em></strong></span> <span class='ocrx_word' id='word_1_189' title='bbox 1707 2135 1847 2187; x_wconf 81' lang='grc' dir='ltr'><strong><em>κακὰ</em></strong></span> 
     </span>
     <span class='ocr_line' id='line_1_25' title="bbox 153 2222 1846 2294; baseline -0.001 -18"><span class='ocrx_word' id='word_1_190' title='bbox 153 2222 242 2277; x_wconf 87' lang='grc' dir='ltr'><strong><em>καὶ</em></strong></span> <span class='ocrx_word' id='word_1_191' title='bbox 289 2225 578 2294; x_wconf 81' lang='grc' dir='ltr'><strong><em>πράγματα</em></strong></span> <span class='ocrx_word' id='word_1_192' title='bbox 625 2224 925 2293; x_wconf 85' lang='grc' dir='ltr'><strong><em>παρέχουσι</em></strong></span> <span class='ocrx_word' id='word_1_193' title='bbox 973 2233 1087 2287; x_wconf 90' lang='grc' dir='ltr'><strong><em>τοῖς</em></strong></span> <span class='ocrx_word' id='word_1_194' title='bbox 1134 2224 1358 2293; x_wconf 89' lang='grc' dir='ltr'><strong><em>ὁμόροις</em></strong></span> <span class='ocrx_word' id='word_1_195' title='bbox 1396 2230 1502 2291; x_wconf 82' lang='grc' dir='ltr'><strong><em>γῆν</em></strong></span> <span class='ocrx_word' id='word_1_196' title='bbox 1548 2223 1846 2291; x_wconf 83' lang='grc' dir='ltr'><strong><em>ἀποτεμνό-</em></strong></span> 
     </span>
    </p>
   </div>
   <div class='ocr_carea' id='block_1_4' title="bbox 139 2312 1906 2386">
    <p class='ocr_par' dir='ltr' id='par_1_6' title="bbox 139 2312 1906 2386">
     <span class='ocr_line' id='line_1_26' title="bbox 139 2312 1906 2386; baseline -0.002 -20"><span class='ocrx_word' id='word_1_197' title='bbox 139 2332 335 2380; x_wconf 82' lang='grc' dir='ltr'><strong><em>μενοι,</em></strong></span> <span class='ocrx_word' id='word_1_198' title='bbox 383 2312 589 2381; x_wconf 89' lang='grc' dir='ltr'><strong><em>δένδρα</em></strong></span> <span class='ocrx_word' id='word_1_199' title='bbox 628 2313 941 2380; x_wconf 84' lang='grc' dir='ltr'><strong><em>τέμνοντες,</em></strong></span> <span class='ocrx_word' id='word_1_200' title='bbox 990 2313 1344 2380; x_wconf 84' lang='grc' dir='ltr'><strong><em>ἁρπάζοντες,</em></strong></span> <span class='ocrx_word' id='word_1_201' title='bbox 1384 2312 1647 2379; x_wconf 77' lang='grc' dir='ltr'><strong><em>θύοντες,</em></strong></span> <span class='ocrx_word' id='word_1_202' title='bbox 1685 2331 1846 2364; x_wconf 88' lang='grc' dir='ltr'><strong><em>κατα-</em></strong></span> <span class='ocrx_word' id='word_1_203' title='bbox 1902 2383 1906 2386; x_wconf 6' lang='grc' dir='ltr'>ἡ</span> 
     </span>
    </p>
   </div>
   <div class='ocr_carea' id='block_1_5' title="bbox 154 2417 509 2423">
    <p class='ocr_par' dir='ltr' id='par_1_7' title="bbox 154 2417 509 2423">
     <span class='ocr_line' id='line_1_27' title="bbox 154 2417 509 2423; baseline 0 0"><span class='ocrx_word' id='word_1_204' title='bbox 154 2417 509 2423; x_wconf 95' lang='lat' dir='ltr'><strong><em> </em></strong></span> 
     </span>
    </p>
   </div>
   <div class='ocr_carea' id='block_1_6' title="bbox 157 2457 1786 2573">
    <p class='ocr_par' dir='ltr' id='par_1_8' title="bbox 157 2457 1786 2573">
     <span class='ocr_line' id='line_1_28' title="bbox 275 2457 1786 2514; baseline -0.001 -13"><span class='ocrx_word' id='word_1_205' title='bbox 275 2462 300 2501; x_wconf 85' lang='grc'>8</span> <span class='ocrx_word' id='word_1_206' title='bbox 335 2457 391 2502; x_wconf 84' lang='lat' dir='ltr'><strong><em>cf.</em></strong></span> <span class='ocrx_word' id='word_1_207' title='bbox 417 2473 462 2514; x_wconf 86' lang='lat' dir='ltr'><strong><em>p.</em></strong></span> <span class='ocrx_word' id='word_1_208' title='bbox 483 2463 641 2512; x_wconf 81' lang='lat'>428,9;</span> <span class='ocrx_word' id='word_1_209' title='bbox 666 2458 976 2514; x_wconf 77' lang='lat' dir='ltr'><strong>t.H173‚1R;</strong></span> <span class='ocrx_word' id='word_1_210' title='bbox 1002 2458 1227 2511; x_wconf 76' lang='lat' dir='ltr'>t.1141,4</span> <span class='ocrx_word' id='word_1_211' title='bbox 1362 2462 1416 2501; x_wconf 85' lang='lat'><strong><em>13</em></strong></span> <span class='ocrx_word' id='word_1_212' title='bbox 1448 2457 1555 2501; x_wconf 80' lang='lat' dir='ltr'><strong>Hes.</strong></span> <span class='ocrx_word' id='word_1_213' title='bbox 1575 2471 1681 2513; x_wconf 89' lang='lat' dir='ltr'><strong>opp.</strong></span> <span class='ocrx_word' id='word_1_214' title='bbox 1701 2460 1786 2500; x_wconf 81' lang='lat'><strong><em>352</em></strong></span> 
     </span>
     <span class='ocr_line' id='line_1_29' title="bbox 157 2517 671 2573; baseline 0.004 -14"><span class='ocrx_word' id='word_1_215' title='bbox 157 2521 210 2559; x_wconf 82' lang='lat'><strong><em>21</em></strong></span> <span class='ocrx_word' id='word_1_216' title='bbox 245 2517 302 2560; x_wconf 85' lang='lat' dir='ltr'><strong><em>cf.</em></strong></span> <span class='ocrx_word' id='word_1_217' title='bbox 328 2519 361 2560; x_wconf 74' lang='lat' dir='ltr'><strong><em>t.</em></strong></span> <span class='ocrx_word' id='word_1_218' title='bbox 386 2517 450 2560; x_wconf 90' lang='grc' dir='ltr'><strong><em>ΠΙ</em></strong></span> <span class='ocrx_word' id='word_1_219' title='bbox 476 2522 611 2573; x_wconf 82' lang='lat'>79‚16</span> <span class='ocrx_word' id='word_1_220' title='bbox 629 2517 671 2561; x_wconf 80' lang='lat' dir='ltr'>R</span> 
     </span>
    </p>
   </div>
   <div class='ocr_carea' id='block_1_7' title="bbox 155 2609 510 2614">
    <p class='ocr_par' dir='ltr' id='par_1_9' title="bbox 155 2609 510 2614">
     <span class='ocr_line' id='line_1_30' title="bbox 155 2609 510 2614; baseline 0 0"><span class='ocrx_word' id='word_1_221' title='bbox 155 2609 510 2614; x_wconf 95' lang='lat' dir='ltr'><strong><em> </em></strong></span> 
     </span>
    </p>
   </div>
   <div class='ocr_carea' id='block_1_8' title="bbox 158 2646 1850 2988">
    <p class='ocr_par' dir='ltr' id='par_1_10' title="bbox 158 2646 1850 2988">
     <span class='ocr_line' id='line_1_31' title="bbox 276 2646 1784 2725; baseline -0.001 -33"><span class='ocrx_word' id='word_1_222' title='bbox 276 2654 301 2692; x_wconf 83' lang='lat'><strong>2</strong></span> <span class='ocrx_word' id='word_1_223' title='bbox 327 2650 533 2694; x_wconf 76' lang='grc' dir='ltr'><strong><em>αὐτῶνΙ</em></strong></span> <span class='ocrx_word' id='word_1_224' title='bbox 639 2655 666 2694; x_wconf 85' lang='grc'><strong>6</strong></span> <span class='ocrx_word' id='word_1_225' title='bbox 690 2650 772 2694; x_wconf 85' lang='grc' dir='ltr'><strong><em>τὸν</em></strong></span> <span class='ocrx_word' id='word_1_226' title='bbox 797 2663 874 2694; x_wconf 88' lang='lat' dir='ltr'><strong><em>om</em></strong></span> <span class='ocrx_word' id='word_1_227' title='bbox 897 2648 955 2725; x_wconf 57' lang='lat' dir='ltr'><strong><em>Il</em></strong></span> <span class='ocrx_word' id='word_1_228' title='bbox 971 2648 1179 2694; x_wconf 80' lang='grc' dir='ltr'><strong><em>οὔτε-8</em></strong></span> <span class='ocrx_word' id='word_1_229' title='bbox 1204 2647 1416 2704; x_wconf 82' lang='grc' dir='ltr'><strong><em>ἀρκέσειν</em></strong></span> <span class='ocrx_word' id='word_1_230' title='bbox 1441 2648 1558 2692; x_wconf 75' lang='lat' dir='ltr'><strong>citat</strong></span> <span class='ocrx_word' id='word_1_231' title='bbox 1572 2647 1690 2691; x_wconf 83' lang='lat' dir='ltr'><strong>Plan</strong></span> <span class='ocrx_word' id='word_1_232' title='bbox 1706 2647 1736 2691; x_wconf 91' lang='lat' dir='ltr'><strong><em>l.</em></strong></span> <span class='ocrx_word' id='word_1_233' title='bbox 1755 2646 1784 2690; x_wconf 92' lang='lat' dir='ltr'><strong><em>l.</em></strong></span> 
     </span>
     <span class='ocr_line' id='line_1_32' title="bbox 159 2704 1847 2764; baseline 0 -14"><span class='ocrx_word' id='word_1_234' title='bbox 159 2711 183 2750; x_wconf 82' lang='lat'><strong>7</strong></span> <span class='ocrx_word' id='word_1_235' title='bbox 215 2707 432 2763; x_wconf 84' lang='grc' dir='ltr'><strong><em>θελήσειν</em></strong></span> <span class='ocrx_word' id='word_1_236' title='bbox 464 2708 583 2753; x_wconf 76' lang='lat' dir='ltr'><strong>Plan</strong></span> <span class='ocrx_word' id='word_1_237' title='bbox 768 2713 796 2753; x_wconf 89' lang='grc'>8</span> <span class='ocrx_word' id='word_1_238' title='bbox 827 2706 872 2753; x_wconf 82' lang='grc' dir='ltr'><strong><em>τί</em></strong></span> <span class='ocrx_word' id='word_1_239' title='bbox 902 2724 988 2752; x_wconf 89' lang='grc' dir='ltr'><strong><em>ουν</em></strong></span> <span class='ocrx_word' id='word_1_240' title='bbox 1019 2710 1092 2752; x_wconf 89' lang='grc' dir='ltr'><strong><em>δεῖ</em></strong></span> <span class='ocrx_word' id='word_1_241' title='bbox 1115 2735 1168 2740; x_wconf 90' lang='grc'><strong>-</strong></span> <span class='ocrx_word' id='word_1_242' title='bbox 1198 2713 1222 2751; x_wconf 85' lang='grc'>9</span> <span class='ocrx_word' id='word_1_243' title='bbox 1254 2707 1495 2764; x_wconf 82' lang='grc' dir='ltr'><strong><em>τοσαύτηι;</em></strong></span> <span class='ocrx_word' id='word_1_244' title='bbox 1527 2709 1572 2752; x_wconf 81' lang='grc' dir='ltr'><strong><em>Α</em></strong></span> <span class='ocrx_word' id='word_1_245' title='bbox 1603 2706 1684 2751; x_wconf 79' lang='lat' dir='ltr'><strong><em>sed</em></strong></span> <span class='ocrx_word' id='word_1_246' title='bbox 1717 2723 1770 2764; x_wconf 79' lang='grc' dir='ltr'><strong><em>γρ</em></strong></span> <span class='ocrx_word' id='word_1_247' title='bbox 1802 2704 1847 2750; x_wconf 84' lang='grc' dir='ltr'><strong><em>τί</em></strong></span> 
     </span>
     <span class='ocr_line' id='line_1_33' title="bbox 160 2763 1849 2823; baseline -0.001 -13"><span class='ocrx_word' id='word_1_248' title='bbox 160 2763 243 2810; x_wconf 80' lang='grc' dir='ltr'><strong><em>οὖν</em></strong></span> <span class='ocrx_word' id='word_1_249' title='bbox 276 2768 331 2811; x_wconf 84' lang='grc' dir='ltr'><strong><em>οὐ</em></strong></span> <span class='ocrx_word' id='word_1_250' title='bbox 363 2770 437 2812; x_wconf 77' lang='grc' dir='ltr'><strong><em>δεῖ</em></strong></span> <span class='ocrx_word' id='word_1_251' title='bbox 463 2794 522 2800; x_wconf 89' lang='grc'>-</span> <span class='ocrx_word' id='word_1_252' title='bbox 553 2767 771 2823; x_wconf 83' lang='grc' dir='ltr'><strong><em>τοσαύτηι</em></strong></span> <span class='ocrx_word' id='word_1_253' title='bbox 803 2767 852 2810; x_wconf 87' lang='lat' dir='ltr'><strong><em>in</em></strong></span> <span class='ocrx_word' id='word_1_254' title='bbox 884 2781 1017 2823; x_wconf 82' lang='lat' dir='ltr'><strong>marg</strong></span> <span class='ocrx_word' id='word_1_255' title='bbox 1074 2770 1080 2823; x_wconf 86' lang='grc' dir='ltr'>Ι</span> <span class='ocrx_word' id='word_1_256' title='bbox 1135 2766 1344 2823; x_wconf 83' lang='grc' dir='ltr'><strong><em>τηνάλως</em></strong></span> <span class='ocrx_word' id='word_1_257' title='bbox 1378 2766 1438 2811; x_wconf 85' lang='grc' dir='ltr'><strong><em>ΟΙ</em></strong></span> <span class='ocrx_word' id='word_1_258' title='bbox 1654 2770 1705 2809; x_wconf 90' lang='grc'><strong><em>11</em></strong></span> <span class='ocrx_word' id='word_1_259' title='bbox 1740 2765 1849 2815; x_wconf 80' lang='grc' dir='ltr'><strong><em>τοὺς</em></strong></span> 
     </span>
     <span class='ocr_line' id='line_1_34' title="bbox 158 2822 1850 2882; baseline -0.001 -14"><span class='ocrx_word' id='word_1_260' title='bbox 158 2832 249 2869; x_wconf 81' lang='grc' dir='ltr'><strong><em>τῶν</em></strong></span> <span class='ocrx_word' id='word_1_261' title='bbox 280 2826 372 2871; x_wconf 83' lang='grc' dir='ltr'><strong><em>ὑπὸ</em></strong></span> <span class='ocrx_word' id='word_1_262' title='bbox 406 2828 470 2872; x_wconf 86' lang='grc' dir='ltr'><strong>Μ</strong></span> <span class='ocrx_word' id='word_1_263' title='bbox 495 2828 544 2871; x_wconf 73' lang='lat' dir='ltr'><strong><em>et</em></strong></span> <span class='ocrx_word' id='word_1_264' title='bbox 575 2826 779 2870; x_wconf 74' lang='lat' dir='ltr'><strong>Sintenis</strong></span> <span class='ocrx_word' id='word_1_265' title='bbox 812 2827 862 2870; x_wconf 75' lang='lat' dir='ltr'><strong><em>at</em></strong></span> <span class='ocrx_word' id='word_1_266' title='bbox 893 2826 951 2870; x_wconf 86' lang='lat' dir='ltr'><strong><em>ef.</em></strong></span> <span class='ocrx_word' id='word_1_267' title='bbox 983 2841 1029 2882; x_wconf 86' lang='lat' dir='ltr'><strong><em>p.</em></strong></span> <span class='ocrx_word' id='word_1_268' title='bbox 1054 2830 1199 2881; x_wconf 81' lang='lat'>428‚4</span> <span class='ocrx_word' id='word_1_269' title='bbox 1384 2829 1437 2869; x_wconf 86' lang='lat'><strong><em>15</em></strong></span> <span class='ocrx_word' id='word_1_270' title='bbox 1469 2823 1530 2879; x_wconf 83' lang='grc' dir='ltr'><strong><em>δή</em></strong></span> <span class='ocrx_word' id='word_1_271' title='bbox 1560 2824 1726 2881; x_wconf 77' lang='lat' dir='ltr'>scripsi</span> <span class='ocrx_word' id='word_1_272' title='bbox 1794 2822 1850 2868; x_wconf 79' lang='grc' dir='ltr'><strong><em>δέ</em></strong></span> 
     </span>
     <span class='ocr_line' id='line_1_35' title="bbox 158 2880 1787 2941; baseline 0 -15"><span class='ocrx_word' id='word_1_273' title='bbox 158 2882 268 2927; x_wconf 91' lang='lat' dir='ltr'>libri</span> <span class='ocrx_word' id='word_1_274' title='bbox 299 2885 390 2928; x_wconf 80' lang='lat' dir='ltr'><strong><em>edd</em></strong></span> <span class='ocrx_word' id='word_1_275' title='bbox 541 2890 597 2929; x_wconf 82' lang='lat'><strong><em>20</em></strong></span> <span class='ocrx_word' id='word_1_276' title='bbox 628 2892 721 2930; x_wconf 80' lang='grc' dir='ltr'><strong><em>τῶν</em></strong></span> <span class='ocrx_word' id='word_1_277' title='bbox 752 2885 924 2929; x_wconf 83' lang='lat' dir='ltr'>inserui</span> <span class='ocrx_word' id='word_1_278' title='bbox 959 2899 983 2929; x_wconf 86' lang='lat' dir='ltr'>e</span> <span class='ocrx_word' id='word_1_279' title='bbox 1013 2885 1148 2928; x_wconf 76' lang='lat' dir='ltr'>libris</span> <span class='ocrx_word' id='word_1_280' title='bbox 1209 2899 1285 2928; x_wconf 92' lang='lat' dir='ltr'><strong><em>om</em></strong></span> <span class='ocrx_word' id='word_1_281' title='bbox 1317 2884 1409 2928; x_wconf 84' lang='lat' dir='ltr'><strong><em>edd</em></strong></span> <span class='ocrx_word' id='word_1_282' title='bbox 1450 2885 1457 2940; x_wconf 86' lang='grc'>1</span> <span class='ocrx_word' id='word_1_283' title='bbox 1498 2880 1688 2941; x_wconf 83' lang='grc' dir='ltr'><strong><em>χρυσίον</em></strong></span> <span class='ocrx_word' id='word_1_284' title='bbox 1718 2883 1787 2926; x_wconf 82' lang='lat' dir='ltr'><strong><em>Re</em></strong></span> 
     </span>
     <span class='ocr_line' id='line_1_36' title="bbox 160 2942 515 2988; baseline 0.006 -2"><span class='ocrx_word' id='word_1_285' title='bbox 160 2947 216 2986; x_wconf 82' lang='lat'><strong><em>22</em></strong></span> <span class='ocrx_word' id='word_1_286' title='bbox 249 2942 438 2988; x_wconf 80' lang='grc' dir='ltr'><strong><em>ἅπασαν</em></strong></span> <span class='ocrx_word' id='word_1_287' title='bbox 470 2944 515 2987; x_wconf 89' lang='grc' dir='ltr'><strong><em>Β</em></strong></span> 
     </span>
    </p>
   </div>
  </div>
 </body>
</html>
