1992 3094
354 108 582 152 LIBANII
612 107 1074 179 CONSOLATORIA
1105 109 1188 153 AD
1220 109 1583 154 ANTIOCHUM
1713 110 1822 163 265

243 251 290 297 5.
332 248 887 298 Cheltenhamensis
917 251 1095 298 10618
1122 250 1207 298 fol.
1226 252 1294 299 70
1327 265 1450 299 saec.
1476 245 1822 314 XVHsXVIII

130 339 160 372 a
183 322 439 372 Leonardo
464 322 647 371 Adami
670 338 695 371 e
719 322 951 371 Palatino
976 324 1263 386 descriptus.
1316 324 1441 372 Vide
1465 326 1499 371 t.
1518 324 1541 371 Ι
1565 341 1611 387 p.
1634 325 1737 372 282
1750 340 1821 386 sq.

130 396 338 460 Inspexi.

243 472 288 519 6.
335 469 614 518 Vaticanus
654 470 913 519 Urbinas
963 488 1041 535 gr.
1086 473 1188 519 126
1248 466 1342 539 (=
1382 466 1450 538 U)
1507 488 1635 520 anno
1680 473 1820 520 1316

130 547 358 594 exaratus
397 544 482 593 fol.
511 545 655 592 233'.
718 544 846 592 Vide
876 545 955 592 t.I
979 562 1025 606 p.
1050 547 1153 593 216
1167 561 1239 608 sq.
1272 549 1322 594 et
1355 547 1475 596 236.
1554 545 1768 594 Contuli.

205 627 208 632 '
244 621 288 667 7.
313 618 654 667 Marcianus
680 619 926 681 append.
944 618 1055 666 XCI
1075 622 1106 667 2
1134 613 1576 686 (=1)saec.X1V
1596 621 1679 668 fol.
1702 622 1821 668 251.

131 693 256 742 Vide
288 695 324 741 t.
349 692 375 740 Ι
404 709 451 754 p.
479 695 583 740 217
597 708 666 754 sq.
746 691 962 741 Contuli.

242 767 288 815 8.
328 766 814 815 Vindobonensis
853 767 996 828 phil.
1030 784 1108 831 gr.
1140 767 1305 816 XCIII
1345 761 1440 833 (=
1466 761 1534 834 V)
1576 783 1701 817 saec.
1726 768 1819 815 XII

129 841 213 890 fol.
241 843 361 889 221.
437 840 564 888 Vide
602 842 637 888 t.
662 840 687 888 Ι
722 858 769 903 p.
797 842 864 889 35
880 855 951 903 sq.
985 844 1035 889 et
1069 843 1188 890 236.
1267 841 1479 892 Contuli.

242 917 287 963 9.
327 914 644 963 Parisinus
686 913 888 978 Suppl.
924 916 1027 963 656
1071 931 1194 964 saec.
1227 915 1320 963 XV
1358 916 1443 964 fol.
1474 917 1617 964 163¹&
1695 915 1823 964 Vide

239 1062 451 1112 Lacunis
476 1063 811 1125 compluribus
835 1064 1177 1112 communibus
1204 1058 1273 1129 (p.
1291 1065 1411 1125 268,
1426 1066 1493 1112 10
1518 1067 1569 1112 et
1594 1058 1822 1131 276,17)

130 1153 297 1186 omnes
348 1137 539 1186 codices
591 1130 654 1186 ad
701 1138 909 1186 eundem
956 1139 1279 1200 archetypum
1329 1138 1489 1187 redire
1534 1139 1703 1201 palam
1751 1139 1823 1187 fit.

131 1210 431 1274 Superstites
462 1211 514 1258 in
547 1211 669 1261 duas
701 1212 960 1261 discedunt
989 1212 1222 1273 familias,
1258 1228 1470 1275 quarum
1502 1213 1660 1261 altera
1691 1212 1820 1260 codi-

130 1284 268 1334 cibus
308 1286 356 1334 V
389 1286 439 1333 et
476 1284 728 1346 Parisino,
770 1288 908 1348 prior
944 1287 1150 1349 reliquis
1190 1286 1482 1335 continetur.
1561 1286 1823 1335 Rationem

130 1375 254 1422 quae
307 1360 437 1407 inter
483 1360 703 1423 singulos
750 1360 1033 1421 intercedit,
1089 1377 1113 1408 e
1161 1363 1420 1409 stemmate
1466 1378 1514 1423 p.
1551 1361 1654 1408 189
1706 1377 1821 1424 pro-

129 1434 289 1496 posito
328 1432 497 1482 disceS.
575 1433 741 1482 Unum
783 1435 910 1484 addo
959 1435 1008 1483 U
1040 1437 1172 1483 inter
1208 1435 1256 1482 P
1291 1437 1341 1482 et
1378 1435 1416 1482 I
1440 1437 1606 1482 tenere
1644 1435 1821 1483 locum.

131 1506 624 1556 Gheltenhamensem
656 1510 707 1557 et
736 1508 1017 1558 Parisinum
1051 1509 1112 1556 ab
1144 1511 1391 1571 apparatu
1423 1510 1594 1557 critico
1626 1509 1824 1568 exclusi,

130 1583 187 1630 ut
225 1597 437 1645 quorum
474 1584 612 1644 prior
650 1598 676 1630 e
713 1583 770 1643 P,
819 1583 945 1631 alter
983 1599 1008 1631 e
1052 1584 1095 1631 V
1137 1583 1217 1631 vel
1262 1583 1407 1632 huius
1451 1582 1705 1631 simillimo
1744 1598 1822 1631 co-

132 1654 238 1705 dice
277 1656 709 1720 neglegentissime
749 1657 1025 1720 descriptus
1064 1657 1142 1706 sit.

241 1729 377 1778 Duos
415 1730 549 1779 locos
597 1746 654 1778 ex
694 1733 917 1780 oratione
963 1733 1206 1794 inscripta
1250 1729 1373 1795 πρὸς
1413 1730 1656 1795 Ἀντίοχον
1702 1728 1825 1779 κατὰ
1891 1785 1894 1791 ,

135 1802 429 1867 Μιξιδήμου
467 1804 696 1853 laudavit
732 1804 1032 1853 Macarius
1073 1804 1606 1867 Chrysocephalus.
1619 1798 1661 1871 l)

243 1875 417 1927 Oratio
447 1880 663 1940 primum
698 1894 757 1927 ex
786 1880 825 1926 I
850 1879 1017 1927 codice
1049 1895 1079 1927 a
1110 1879 1152 1926 B
1162 1895 1190 1927 0
1204 1895 1236 1926 n
1247 1878 1303 1943 gi
1315 1894 1384 1926 ov
1394 1893 1423 1925 a
1433 1895 1462 1925 n
1474 1880 1571 1926 nio
1600 1878 1823 1927 Venetiis

132 1966 260 2000 anno
311 1955 338 1999 1
349 1953 454 2000 754
504 1970 551 2015 p.
587 1954 760 2001 239-
774 1955 877 2001 249
928 1953 1064 2001 edita
1109 1956 1196 2002 est.
1209 1946 1250 2019 2)
1330 1951 1480 2000 Cuius
1526 1953 1652 2001 vitia
1698 1952 1820 2000 divi-

130 2026 292 2074 nando
346 2027 544 2075 sanavit
595 2028 755 2075 multa
800 2027 845 2074 R
854 2042 879 2074 e
889 2027 938 2075 is
948 2027 1008 2075 ki
1018 2043 1053 2074 u
1063 2042 1085 2075 s
1130 2026 1631 2075 Animadversionum
1683 2026 1822 2075 volu-

130 2101 261 2147 mine
309 2101 483 2162 quinto
529 2117 576 2162 p.
617 2102 906 2149 580—-583
918 2139 930 2162 ‚
984 2101 1130 2163 plura
1177 2116 1268 2163 ope
1315 2099 1497 2149 codicis
1542 2101 1824 2164 Augustani

130 2173 180 2220 in
222 2172 436 2222 editione
474 2177 510 2222 t.
534 2175 586 2223 Π
616 2192 663 2236 p.
691 2176 943 2223 353—36
952 2176 981 2222 3
1020 2190 1170 2237 quam
1208 2190 1333 2222 uxor
1370 2175 1522 2236 prelis
1562 2175 1822 2222 commisit.

133 2246 191 2294 In
229 2247 357 2295 hanc
396 2249 546 2296 etiam
585 2265 700 2310 pars
740 2251 967 2297 notarum
1009 2248 1508 2296 Animadversionum
1547 2249 1761 2296 transiit.

242 2321 407 2370 Pauca
447 2325 766 2371 correxerunt
805 2322 1075 2372 Sintenis
1117 2324 1265 2385 atque
1306 2321 1342 2370 O
1353 2321 1574 2371 obetus.

251 2463 295 2577 ἐξ
328 2461 789 2566 ggdibfaspbiigtinus
818 2524 865 2565 et
888 2521 1088 2565 Urbinas
1114 2522 1171 2566 de
1202 2521 1371 2566 lacuna
1401 2522 1450 2564 in
1475 2521 1564 2564 fine
1597 2521 1822 2565 orationis

133 2581 194 2635 (p.
221 2583 321 2634 276,
342 2583 412 2636 17)
445 2582 657 2625 exstante
697 2581 796 2624 eius
834 2581 883 2625 in
916 2596 1051 2624 usum
1084 2594 1112 2624 a
1144 2580 1339 2625 Nicolao
1372 2580 1532 2624 Rubeo
1566 2580 1640 2635 (cf.
1666 2595 1708 2636 p.
1737 2584 1820 2623 249

133 2639 182 2681 et
212 2641 314 2694 253)
344 2639 545 2696 inspecti
578 2643 697 2683 sunt.
