1992 3094
132 545 153 575 4

177 121 284 174 298
708 119 936 162 LIBANII
968 117 1191 162 ORATIO
1223 118 1325 162 XLI

177 259 331 318 ὄντες
377 249 526 325 εἶχον
573 253 625 318 ἐξ
674 254 842 322 αὐτῆς
888 261 982 322 τῆς
1029 255 1284 322 νεότητος
1338 254 1441 322 τὴν
1494 255 1734 324 τροφήν,
1790 256 1871 317 εἰς

178 346 381 413 ἄνδρας
437 344 498 396 δὲ
550 345 775 412 ἥκοντες
830 341 1186 411 ἐπιλιπούσης
1249 342 1450 405 αὐτοὺς
1511 341 1721 412 ἐκείνης
1773 347 1870 411 τῆς

177 433 428 501 ἀφορμῆς
483 433 560 495 εἰς
612 433 713 500 τὴν
767 431 873 484 ἀπὸ
931 438 1031 484 τοῦ
1084 432 1215 501 τῇδε
1269 431 1513 502 θεάτρου
1559 430 1871 500 βλέψαντες

178 522 508 584 ἀναστάντες
554 522 794 590 ἔδραμον
843 524 937 589 ζῆν
983 516 1085 589 μὲν
1135 512 1414 592 ἐν’άργία
1458 521 1815 588 βουλόμενοι,
1859 517 1864 591 Ι

87 622 189 666 RH
207 627 291 666 382
326 613 419 678 ζῆν
466 606 527 662 δὲ
574 609 838 662 ἐντεῦθεν
884 611 1062 678 μόνον
1110 609 1426 675 δυνάμενοι.
1505 610 1552 662 7.
1606 617 1723 671 τοῖς
1768 605 1870 678 μὲν

111 1075 152 1106 10

110 1519 151 1550 15

109 1959 152 1990 20

178 701 279 767 γὰρ
331 700 516 765 μίμοις
567 699 619 751 οἱ
669 697 771 765 μέν
820 717 967 760 τινες
1017 705 1162 766 σφᾶς
1217 697 1421 760 αὐτοὺς
1476 696 1702 767 ἔδοσαν,
1757 707 1870 751 τῶν

177 787 460 856 ὀρχηστῶν
515 787 576 840 δὲ
623 788 683 839 τὸ
729 786 900 839 πλέον
945 785 1247 854 γεγένηται.
1324 786 1415 839 καὶ
1463 782 1624 849 οὗτός
1672 801 1869 855 σφισιν

176 874 204 927 ὁ
236 877 356 942 βίος
387 874 617 938 ἐκείνοις
648 875 959 945 ὑπηρετεῖν,
1000 875 1231 937 ἐκείνοις
1260 875 1581 943 ὑπακούειν,
1622 874 1869 938 ἐκείνους

176 965 471 1030 θωπεύειν,
512 962 756 1027 ἐκείνους
787 964 1141 1033 θεραπεύειν,
1179 963 1426 1026 ἐκείνους
1455 972 1701 1032 κοσμεῖν,
1734 963 1868 1017 ε’κεί-

176 1073 289 1105 νων
343 1051 698 1121 ἐξηρτῆσθαι,
760 1050 934 1122 μηδὲν
986 1052 1176 1122 ἕτερον
1230 1055 1363 1121 μήτε
1422 1053 1684 1123 πράττειν
1735 1054 1868 1122 μήτε

177 1139 394 1194 εἰδέναι.
464 1143 518 1195 οἱ
558 1139 617 1195 δὲ
657 1141 861 1204 αὐτοὺς
900 1140 1300 1210 διατρέφουσιν
1333 1141 1580 1213 ἀργυρίῳ
1620 1148 1728 1195 νῦν
1764 1140 1869 1209 μὲν

175 1232 407 1298 πλείονι,
445 1238 552 1283 νῦν
591 1227 651 1283 δὲ
691 1229 961 1284 ἐλάττονι·
1009 1229 1259 1283 ἐλάττονι
1298 1229 1424 1300 μέν,
1464 1229 1627 1284 ὁπότε
1669 1230 1868 1300 ἡσυχά-

178 1321 345 1386 ζοιεν,
395 1322 609 1372 πλειόνι
661 1318 745 1388 δέ,
790 1319 962 1373 ὁπότε
1011 1319 1284 1389 ὀρχοῖντο.
1362 1327 1474 1372 πᾶν
1525 1316 1585 1372 δὲ
1636 1319 1868 1389 αἰσχρὸν

177 1407 363 1469 αὐτοῖς
412 1406 612 1476 ὁμοίως
663 1410 724 1461 ἔν
773 1428 831 1461 τε
883 1407 1107 1478 ἡμέραις
1157 1405 1220 1461 ἔν
1269 1428 1326 1461 τε
1379 1406 1506 1471 νυξὶ
1555 1409 1866 1478 πράττεται,

178 1494 279 1548 κάν
327 1504 446 1559 ταῖς
494 1497 826 1565 ὑπερβολαῖς
875 1507 988 1550 τῶν
1037 1499 1282 1567 αἰσχρῶν
1332 1498 1545 1550 τούτων
1595 1497 1782 1559 αὐτοῖς
1835 1497 1866 1566 ἡ

177 1587 478 1653 φιλοτιμία,
519 1585 591 1648 ὡς
624 1586 692 1654 δὴ
723 1588 843 1639 τότε
878 1586 1111 1653 μάλιστα
1142 1586 1242 1655 τὴν
1274 1585 1458 1639 αὑτῶν
1490 1584 1644 1649 τάξιν
1681 1588 1867 1654 βεβαι-

178 1673 416 1741 ούντων,
463 1673 596 1726 ὅταν
635 1673 668 1726 ἃ
705 1671 843 1742 μηδὲ
887 1674 1118 1727 ἀκοῦσαι
1157 1683 1273 1738 τοῖς
1312 1682 1705 1743 σωφρονοῦσιν
1744 1674 1867 1728 ἆνε-

177 1762 323 1829 κτόν,
363 1769 533 1814 ταῦτα
565 1763 753 1826 αὐτοῖς
785 1763 987 1834 ῥᾳδίως
1020 1764 1334 1833 πράττηται.
1413 1764 1460 1815 8.
1502 1763 1865 1832 ἀναβαίνουσι

176 1852 369 1902 τοίνυν
407 1852 485 1912 είς
522 1852 583 1904 τὸ
622 1851 865 1920 θέατρον
905 1852 1005 1921 οὐχ
1046 1853 1120 1915 ὡς
1157 1861 1272 1915 τοῖς
1311 1851 1690 1921 δεικνυμένοις
1730 1851 1861 1918 σύμ-

176 1956 375 2006 μετρον
428 1938 811 2003 ἀποδώσοντες
867 1942 965 2009 τὴν
1017 1943 1181 2010 βοήν,
1245 1939 1363 1994 ἀλλ’
1402 1941 1475 2003 ὡς
1530 1942 1677 1994 ἅπαν
1731 1940 1866 1993 ὅσον

176 2027 364 2094 ἔχουσι
409 2029 542 2096 βοῆς
588 2029 946 2098 εἰσοίσοντες,
1000 2029 1128 2083 ὥστ’
1167 2030 1269 2083 οὐκ
1324 2031 1394 2082 ἄν
1443 2048 1525 2092 τις
1572 2029 1757 2082 αὐτῶν
1801 2046 1864 2096 γε

175 2123 285 2168 τῶν
316 2115 659 2184 γιγνομένων
691 2117 862 2186 ἀπών,
902 2118 1122 2172 ἀκούων
1155 2116 1215 2172 δὲ
1253 2129 1366 2172 τῶν
1404 2121 1556 2186 βοῶν
1594 2120 1707 2187 ἔχοι
1747 2118 1865 2170 δια-

175 2212 357 2271 κρῖναι
404 2204 499 2266 τάς
544 2225 600 2257 τε
647 2205 907 2273 ἀμείνους
943 2208 1039 2271 τάς
1075 2227 1133 2261 τε
1173 2209 1392 2278 χείρους
1430 2216 1541 2260 τῶν
1581 2205 1864 2276 ὀρχήσεων

176 2290 390 2362 ἡμέρας.
451 2292 499 2345 9.
540 2291 692 2347 οὗτοι
729 2298 924 2349 τοίνυν
956 2295 1060 2350 εἰσὶ
1096 2293 1198 2366 μὲν
1237 2297 1306 2350 οὐ
1345 2299 1568 2358 πλείους
1605 2294 1639 2363 ἢ
1678 2314 1862 2362 τετρα-

298 2472 316 2510 1
353 2466 409 2510 cf.
436 2483 480 2524 p.
500 2473 633 2523 257‚1
655 2484 720 2525 sq.
845 2475 900 2513 24
933 2470 990 2514 ef.
1016 2473 1048 2514 t.
1073 2471 1116 2514 II
1139 2475 1276 2526 473‚9
1295 2471 1335 2513 R

295 2634 318 2671 3
359 2636 440 2672 τοῦ
479 2630 603 2673 inser
642 2630 698 2673 Ι2
734 2635 738 2678 Ι
773 2634 883 2688 τῇδε
922 2633 967 2675 Ρ
1003 2631 1084 2676 sed
1122 2649 1146 2675 τ
1184 2633 1234 2675 in
1272 2646 1347 2675 ras
1386 2631 1456 2675 m²
1524 2645 1601 2675 om
1638 2631 1772 2687 Bong

177 2692 200 2729 7
234 2687 446 2743 γεγένητο
471 2688 605 2745 Bong
719 2695 772 2733 13
806 2690 1018 2747 ὀρχοῖντο
1050 2704 1106 2734 ex
1134 2691 1351 2749 ἄρχοιντο
1376 2705 1477 2735 corr
1502 2690 1568 2736 V²
1592 2692 1640 2735 et
1663 2690 1768 2734 coni
1791 2689 1859 2734 Re

175 2748 222 2789 et
254 2746 452 2791 Cobetus
483 2747 614 2791 Misc.
643 2753 725 2791 142
803 2749 1019 2806 ἄρχοιντο
1051 2749 1160 2792 libri
1193 2750 1284 2794 edd
1352 2749 1595 2806 κράζοιντο
1626 2748 1858 2803 Mandat,

175 2804 268 2847 Ioh.
297 2804 452 2861 Chrys.
483 2806 590 2849 115³
712 2813 764 2850 15
798 2809 1001 2866 αἰσχρῶν
1026 2810 1072 2853 Ρ
1092 2809 1173 2852 sed
1205 2826 1232 2853 ν
1263 2810 1312 2852 in
1343 2823 1419 2852 ras
1452 2808 1521 2851 ω’
1643 2812 1694 2851 17
1722 2807 1782 2863 μὴ
1807 2807 1858 2851 δὲ

176 2865 298 2907 API
304 2865 343 2906 V
461 2869 513 2907 21
549 2863 654 2908 ὥστ’
683 2866 869 2922 reposui
902 2880 925 2909 e
957 2867 1090 2910 libris
1153 2866 1264 2911 ὥστε
1289 2868 1381 2910 edd
1407 2870 1414 2925 1
1441 2867 1509 2925 γε]
1538 2867 1722 2922 „malim
1745 2866 1859 2923 μὲν“

174 2921 242 2965 Re
363 2928 417 2965 22
451 2922 707 2980 γινομένων
733 2926 775 2968 V
891 2930 946 2968 24
978 2922 1105 2969 οὗτοι
1139 2927 1184 2969 Ρ
1212 2927 1293 2970 sed
1325 2943 1396 2970 τοι
1430 2927 1524 2969 add
1554 2925 1624 2969 m'

1942 0 1992 207 ³}-

1972 235 1989 251 nt

1982 261 1992 283 3¹

1980 430 1992 450 ἱ.
