1992 3094
222 760 331 809 Iam
371 758 433 808 ad
471 762 675 808 tertium
713 762 945 810 volumen
982 778 1062 810 me
1092 764 1339 811 converto.
1410 761 1484 808 De
1516 777 1613 823 quo
1644 776 1804 824 pauca

113 837 230 883 sunt
267 850 393 897 quae
435 834 710 896 praefanda
746 835 1022 883 videantur.
1111 835 1342 885 Continet
1381 837 1630 883 orationes
1677 850 1802 897 quae

112 924 189 958 res
221 923 486 969 sacrorum,
510 908 819 971 oppidorum,
844 926 1092 973 agrorum,
1116 910 1514 975 magistratuum,
1539 911 1802 970 curiarum,

113 983 392 1032 scholarum
422 985 658 1031 tractant.
728 983 855 1031 Sunt
892 984 1009 1032 illae
1041 984 1241 1046 quidem
1272 985 1418 1046 parvi
1449 982 1679 1043 ambitus,
1719 982 1803 1031 sed

113 1058 420 1121 argumentis
459 1057 780 1124 gravissimae
823 1059 873 1106 et
920 1059 982 1106 ad
1030 1074 1207 1107 aevum
1246 1058 1644 1106 Theodosianum
1692 1072 1802 1121 cog-

112 1131 410 1180 noscendum
449 1133 630 1179 summi
666 1134 830 1194 pretii.
908 1131 1003 1188 Qui
1043 1148 1124 1180 eas
1163 1133 1449 1196 perlegerit,
1497 1133 1658 1179 facere
1704 1146 1803 1179 non

111 1207 297 1267 poterit
336 1206 455 1267 quin
495 1221 525 1253 a
563 1205 936 1255 Wilamovitzio
975 1207 1028 1254 in
1068 1206 1295 1255 omnibus
1333 1205 1536 1254 Libanii
1574 1205 1804 1268 operibus

114 1281 278 1328 omnia
316 1279 520 1341 pulvere
559 1280 758 1329 charteo
799 1280 991 1342 obruta,
1030 1283 1195 1329 omnia
1225 1282 1395 1329 fucata
1434 1294 1537 1328 esse
1579 1281 1804 1328 censente

114 1353 386 1402 dissentiat.

226 1427 352 1475 Sunt
391 1443 508 1476 sane
546 1428 696 1490 paulo
737 1428 1040 1477 difficiliores
1078 1430 1283 1491 reliquis
1322 1444 1482 1490 neque
1513 1427 1685 1475 multis
1725 1442 1804 1474 ae-

113 1503 217 1550 tate
249 1504 445 1550 vetusta
477 1502 759 1551 arriserunt.
821 1503 1011 1551 Parvus
1043 1503 1199 1567 igitur
1227 1517 1458 1551 numerus
1492 1501 1806 1561 scholiorum,

113 1591 295 1638 parvus
335 1576 560 1624 codicum
600 1577 776 1638 quibus
817 1579 1134 1626 continentur
1171 1580 1221 1626 et
1250 1592 1366 1639 pars
1401 1592 1571 1624 eorum
1608 1577 1805 1623 tantum

114 1651 293 1712 prioris
324 1650 547 1699 familiae
580 1653 666 1699 est.
737 1649 845 1707 Qua
875 1667 928 1699 re
961 1652 1196 1713 quoniam
1226 1652 1414 1699 factum
1446 1653 1521 1698 est
1557 1653 1615 1697 ut
1653 1650 1805 1696 etiam

115 1724 422 1786 corruptelae
469 1725 827 1787 frequentiores
875 1725 996 1786 sint,
1043 1725 1379 1774 emendationi
1418 1723 1632 1785 amplior
1669 1723 1805 1770 locus

115 1797 260 1846 datus
292 1802 378 1847 est.
452 1797 544 1846 Cui
573 1815 693 1846 num
722 1799 874 1861 probe
908 1815 1110 1861 operam
1148 1799 1381 1860 dederim,
1419 1813 1568 1860 penes
1609 1796 1805 1845 criticos

114 1871 352 1920 iudicium
391 1875 509 1921 esto.
585 1872 713 1921 Item
757 1874 923 1935 plures
971 1874 1312 1922 commentarii
1349 1874 1510 1921 instar
1546 1872 1681 1919 locos
1721 1870 1804 1918 ad-

116 1961 303 2008 scripsi

226 2019 469 2068 Addenda
500 2024 548 2068 et
580 2021 870 2084 corrigenda
900 2023 1115 2084 paginae
1147 2022 1372 2084 sequenti
1394 2019 1596 2069 tradidi.
1652 2017 1804 2075 Quar-

115 2099 222 2141 tum
260 2094 490 2143 volumen
531 2095 667 2143 cuius
706 2096 867 2156 prima
906 2095 1030 2143 folia
1066 2096 1201 2158 typis
1239 2095 1476 2143 mandata
1514 2096 1650 2154 sunt,
1698 2108 1804 2140 ora-

115 2170 275 2216 tiones
314 2168 378 2215 ad
415 2168 564 2216 finem
600 2169 847 2230 perducet.

117 2241 513 2363 Moffzribebam
566 2242 900 2291 Vratislaviae
968 2242 1204 2292 Kalendis
1264 2241 1626 2291 Novembribus
1689 2238 1807 2288 anni

1060 2398 1396 2455 Richardus
1432 2398 1732 2453 Foerster.

212 3022 409 3056 Lmnnns
433 3023 491 3055 ed.
511 3023 751 3056 Fosi-nter.
797 3024 867 3056 111.
1514 3026 1539 3058 Θ
