1992 3094
542 107 771 153 LIBANII
802 108 1027 155 ORATIO
1060 111 1140 155 DE
1172 112 1409 158 VINCTIS
1712 114 1818 168 357

238 248 285 295 5.
332 246 665 296 Vaticanus
704 248 963 299 Urbinas
1003 269 1081 315 gr.
1118 254 1220 300 126
1265 246 1358 320 (=
1391 247 1459 319 U)
1509 269 1639 302 anno
1676 256 1815 302 1316

124 322 355 370 exaratus
394 321 479 369 fol.
515 322 661 370 338&
746 323 865 372 Vide
903 327 940 373 t.
971 324 996 372 Ι
1034 342 1081 387 p.
1117 327 1221 375 216
1240 341 1310 389 sq.
1390 326 1602 375 Contuli.

238 396 283 444 6.
339 395 714 445 Marcianus
769 399 1034 461 append.
1089 399 1200 448 XCI
1241 402 1271 447 2
1315 394 1409 467 (=
1441 395 1490 467 Ι)
1546 401 1818 450 saec.XIV

122 470 208 518 fol.
238 470 357 517 179.
432 468 562 517 Vide
599 471 635 519 t.
660 470 686 517 I
715 488 763 532 p.
791 473 979 534 217sq.
1057 472 1269 522 Contuli.

238 545 283 591 7.
323 542 691 592 Barberinus
723 544 775 592 Π
799 548 865 594 41
903 539 997 614 (=
1019 541 1086 615 B)
1120 563 1243 596 saec.
1269 548 1360 595 XV
1391 549 1476 597 fol.
1504 550 1624 597 233.
1696 548 1817 597 Vide

122 621 159 665 t.
192 617 217 665 Ι
255 634 304 679 p.
330 618 399 665 24
415 632 485 679 sq.
564 616 779 667 Contuli.

236 692 284 738 8.
329 691 774 754 Neapolitanus
809 693 860 741 H
885 694 925 741 E
957 697 1020 742 17
1057 689 1150 762 (=
1183 690 1255 762 N)
1288 711 1412 744 saec.
1436 695 1553 743 XIV
1584 697 1668 745 fol.
1698 697 1816 743 144.

122 764 250 813 Vide
290 767 327 813 t.
358 765 383 812 I
422 782 468 827 p.
497 767 600 814 211
620 782 692 828 sq.
726 770 776 815 et
808 769 929 816 392.

237 841 283 887 9.
334 839 698 889 Vaticanus
746 858 827 905 gr.
863 843 928 890 81
981 837 1075 909 (=
1115 837 1216 909 Va)
1269 859 1392 892 saec.
1432 844 1523 890 XV
1571 844 1654 891 fol.
1697 846 1816 892 202.

15 967 25 975 ,
122 911 253 961 Vide
292 915 328 961 t.
360 913 385 960 I
416 931 464 976 p.
492 916 596 963 209
612 930 685 976 sq.
762 916 975 979 Inspexi.

238 989 320 1036 10.
359 987 846 1039 Vindobonensis
885 990 1028 1052 phil.
1062 1008 1140 1055 gr.
1166 990 1328 1039 XCIII
1359 985 1452 1058 (=
1471 986 1539 1057 V)
1573 1006 1697 1039 saec.
1722 990 1818 1038 XII

122 1061 207 1110 fol.
236 1062 356 1110 246.
434 1062 562 1112 Vide
592 1065 627 1111 t.
661 1064 686 1111 I
724 1081 771 1126 p.
800 1065 866 1112 35
884 1080 955 1126 sq.
1035 1064 1246 1113 Contuli.

233 1135 338 1184 Hos
407 1136 597 1185 codices
650 1138 731 1186 *ad
800 1155 954 1186 unum
1020 1139 1179 1187 redire
1250 1140 1573 1201 archetypum
1638 1138 1819 1186 lacuna

123 1210 344 1258 omnium
391 1213 662 1260 communis
717 1229 764 1274 p.
800 1214 922 1274 370,
943 1214 1008 1261 17
1066 1214 1220 1261 docet.
1305 1213 1400 1261 Hic
1447 1228 1643 1274 quoque
1691 1212 1817 1260 duae

123 1283 500 1347 distinguuntur
561 1286 782 1335 familiae
847 1302 1055 1348 quarum
1118 1288 1276 1335 altera
1337 1287 1502 1335 codice
1558 1286 1619 1346 V,
1680 1286 1819 1348 prior

121 1358 327 1420 reliquis
375 1358 623 1409 codicibus
672 1362 964 1409 continetur.
1052 1361 1151 1418 Qui
1200 1376 1299 1423 qua
1347 1360 1539 1408 ratione
1589 1362 1721 1408 inter
1766 1374 1817 1408 se

123 1433 374 1480 coniuncti
419 1434 542 1495 sint,
590 1437 798 1483 stemma
837 1452 883 1497 p.
918 1437 986 1484 45
1002 1429 1044 1501 1)
1090 1435 1396 1497 propositum
1437 1434 1674 1494 ostendit,
1719 1433 1817 1481 nisi

39 1562 45 1574 .
124 1507 257 1569 quod
306 1505 762 1557 Cheltenhamensis
810 1509 967 1570 deest,
1025 1510 1075 1558 U
1116 1524 1228 1557 vero
1284 1508 1502 1557 eiusdem
1554 1509 1815 1570 prosapiae

124 1582 200 1628 est
238 1582 386 1643 atque
425 1581 534 1629 BN
540 1583 627 1631 Va.

239 1654 401 1702 Unum
431 1656 595 1705 locum
623 1657 919 1705 Macarius
954 1649 1527 1721 Chrysoeephalus2)
1561 1656 1815 1717 excerpsit.

236 1726 409 1777 Oratio
442 1730 657 1792 primum
682 1747 739 1779 ex
764 1732 1049 1795 apographo
1075 1729 1255 1779 codicis
1279 1722 1614 1795 Augustani⁸)
1639 1743 1816 1790 parum

26 1856 28 1859 .
123 1801 388 1868 diligenter
412 1804 474 1852 ab
499 1804 748 1869 Ehingero
771 1806 904 1854 facto
930 1821 959 1853 a
983 1805 1161 1854 Iacobo
1188 1802 1555 1853 Gothofredo
1581 1796 1676 1869 (=
1695 1795 1814 1867 Got)

124 1873 357 1926 Coloniae
404 1877 732 1943 Allobrogum
778 1895 907 1927 anno
958 1880 1095 1927 1631
1147 1878 1335 1941 publici
1386 1878 1508 1925 iuris
1562 1877 1696 1924 facta
1743 1877 1818 1923 est

122 1949 176 1997 in
229 1950 444 2000 editione
498 1969 624 2015 quae
678 1953 883 2001 titulum
944 1952 1113 2001 habet:
1174 1952 1379 2000 Libanii
1430 1950 1681 2011 Sophistae
1730 1963 1816 1997 seu

123 2027 329 2074 oratoris
366 2023 656 2075 Antiocheni
701 2029 941 2076 orationes
987 2030 1193 2086 quatuor
1237 2040 1368 2073 mmo
1396 2026 1617 2085 primum
1663 2023 1817 2071 editae

123 2112 156 2145 a
193 2099 370 2148 Iacobo
413 2099 718 2162 Gothofreda
805 2101 990 2162 Quibus
1028 2104 1229 2161 propter
1275 2099 1547 2160 aryumenti
1591 2097 1816 2145 similitu-

31 2215 34 2221 ,
123 2171 285 2221 dinem
323 2173 555 2224 adizmcta
595 2179 664 2224 est
700 2176 870 2235 qwinta
906 2176 1009 2222 iam
1047 2178 1190 2222 antea
1233 2175 1381 2228 edita,
1425 2172 1651 2221 Coloniae
1682 2168 1816 2217 Allo-

28 2292 41 2299 ..
123 2244 324 2307 broyum
361 2249 436 2296 M.
469 2248 764 2298 DCXXXI
799 2266 846 2311 p.
882 2250 1097 2297 50—72
1146 2248 1304 2295 forma
1344 2245 1542 2308 quidem
1581 2243 1817 2292 mendosa

37 2371 45 2382 .‚
124 2322 176 2368 et
213 2335 325 2368 cum
355 2322 577 2371 versione
617 2323 775 2371 latina
813 2322 946 2370 haud
980 2337 1093 2370 raro
1133 2322 1261 2369 falsa
1300 2320 1384 2368 sed
1423 2335 1532 2367 cum
1573 2332 1815 2366 commen-

40 2403 45 2457 j
121 2394 253 2442 tario
293 2394 578 2444 doctissimo
619 2396 967 2458 comprehenso
1007 2390 1192 2444 ‘Notis'
1232 2411 1278 2456 p.
1308 2385 1592 2458 17—24.⁴)
1663 2389 1818 2439 Cuius
1895 2384 1909 2391 ”

245 2567 286 2622 1)
320 2563 386 2609 Cf.
413 2581 456 2623 p.
477 2570 576 2610 251.

244 2626 289 2681 2)
321 2624 388 2669 cf.
412 2626 445 2668 t.
471 2625 493 2668 1
522 2640 568 2681 p.
588 2630 687 2670 351.

243 2685 287 2740 3)
320 2681 387 2728 cf.
412 2686 447 2728 t.
471 2684 493 2727 I
522 2699 567 2741 p.
588 2688 643 2728 19
676 2685 724 2729 et
755 2697 896 2740 supra
926 2699 971 2740 p.
991 2686 1061 2726 84.
1770 2737 1780 2746 ·

47 2787 50 2790 .
242 2744 286 2799 4)
318 2742 541 2799 Repetita
587 2745 659 2787 est
702 2743 772 2787 ita
817 2745 871 2786 ut
919 2742 1096 2786 ‘notae'
1146 2741 1294 2785 textui
1343 2739 1582 2784 subiectae
1627 2738 1722 2782 sint
1767 2752 1816 2781 ιιι

41 2836 52 2857 ,
124 2798 283 2845 Iacobi
323 2801 594 2856 Gothofredi
631 2802 841 2858 operibus
877 2802 1091 2845 iuridicis
1127 2800 1383 2845 minoribus
1408 2797 1638 2866 ‘Lugduni
1665 2796 1818 2863 ‚Bata-

39 2863 51 2906 Ψ·
126 2871 285 2902 vorum
317 2873 439 2905 anno
473 2865 587 2905 1733
619 2861 744 2905 foras
777 2860 902 2904 datis
933 2876 977 2917 p.
997 2863 1244 2903 398—414.
1299 2858 1529 2914 Equidem
1561 2855 1817 2900 editionem

34 2911 58 3006 Ξ
122 2916 382 2975 principem
415 2919 624 2964 adhibui.

40 3007 62 3094 ἶ
