1992 3094
467 118 695 163 LIBANII
729 118 953 163 ORATIO
986 119 1104 163 PRO
1138 120 1397 164 TEMPLIS
1711 121 1782 173 83

90 261 294 309 missum
345 275 401 307 eo
452 260 706 307 contineri.
786 259 927 316 Quod
979 259 1111 321 apud
1148 259 1409 308 Morellum
1459 276 1687 308 mancum
1733 264 1782 309 et

90 331 337 396 ἀκέφαλον
375 333 562 380 factum
602 348 704 381 esse
746 335 796 380 et
833 333 954 381 haec
985 335 1095 395 ipsa
1126 349 1203 382 res
1242 350 1353 382 eum
1386 335 1447 382 ab
1480 335 1666 383 edendo
1701 335 1780 383 de·

90 409 321 457 terruisse
360 406 569 455 videtur.
627 405 699 454 Cf.
731 409 765 454 t.
790 406 842 453 Π
871 423 919 468 p.
947 408 1052 455 234
1086 410 1136 455 et
1169 409 1290 456 537.

205 482 286 529 15.
333 480 663 528 Vaticanus
719 497 804 544 gr.
841 482 981 529 2269
1039 482 1326 530 chartaceus
1380 483 1568 530 formae
1617 483 1728 531 folii
1785 493 1869 534 136

89 555 431 604 miscellaneus
471 555 692 603 continet
731 570 882 602 manu
921 555 1104 603 saeculi
1128 555 1300 603 XVIII
1337 556 1633 604 nitidissime
1670 573 1780 606 exa-

88 633 250 678 ratam
303 629 436 677 foliis
489 629 628 676 1--8
682 628 957 677 orationem
1011 645 1239 694 graecam
1291 630 1582 692 inscriptam
1636 629 1780 696 πρὸς

89 702 187 752 τὸν
218 699 464 767 βασιλέα
495 699 638 767 ὑπὲρ
664 709 778 750 τῶν
809 702 1007 767 ἱερῶν,
1039 703 1173 751 foliis
1200 705 1378 751 9-19
1405 704 1560 752 latine
1585 720 1781 753 versam

89 777 356 840 praemisso
390 772 752 840 eArgumento’‚
785 776 919 825 foliis
946 778 1163 825 20—33
1206 773 1383 826 ‘Notas
1414 778 1467 825 in
1492 776 1780 826 Orationem

88 851 299 911 Libanii,
330 851 426 898 Pro
455 850 676 912 Templis
710 850 982 899 Gentilium
1014 867 1113 899 non
1145 847 1518 912 exscindendis'‚
1550 852 1682 900 foliis
1710 854 1778 900 34

89 928 138 973 et
163 927 229 973 35
267 921 680 973 ‘Constitutiones
711 925 952 987 quasdam
978 923 1272 986 Constantii,
1299 925 1597 987 Constantis,
1623 927 1780 974 Theo-

89 999 213 1047 dosii
251 999 314 1046 M.
342 999 400 1046 de
434 998 697 1048 Sacrificiis
739 1002 788 1047 et
821 999 1038 1061 Templis
1078 1000 1143 1047 ad
1181 999 1489 1047 intellectum
1528 999 1780 1050 Orationis

87 1068 425 1121 Libanianae'.
515 1072 650 1129 Quae
706 1075 873 1120 omnia
926 1089 1077 1121 manu
1131 1074 1426 1138 calligraphi
1479 1075 1560 1122 vel
1611 1076 1779 1136 potius

89 1147 507 1210 calligraphorum
537 1175 610 1180 —
641 1163 759 1194 nam
796 1149 848 1194 in
887 1147 1022 1195 foliis
1058 1149 1271 1196 17—19
1314 1148 1416 1196 alia
1452 1163 1628 1196 manus
1667 1164 1779 1197 con-

89 1221 298 1283 spicitur
322 1223 471 1283 atque
495 1223 548 1268 in
571 1222 777 1283 reliquis
801 1249 874 1255 —
899 1224 1101 1270 exarata
1133 1238 1190 1269 ex
1222 1222 1438 1270 editione
1468 1221 1566 1271 Iac.
1593 1221 1779 1270 Gotho·

87 1295 211 1342 fredi
262 1294 534 1344 Genevensi
588 1297 706 1342 anni
758 1297 899 1344 1634
937 1313 985 1358 p.
1015 1296 1192 1343 1—63
1235 1295 1298 1343 ad
1336 1296 1541 1344 verbum
1579 1298 1780 1359 sumpta

86 1371 367 1432 passimque
407 1386 436 1417 a
477 1364 927 1431 Giacomellol),
966 1371 1104 1417 cuius
1143 1369 1445 1418 Adversaria
1483 1371 1574 1418 hoc
1613 1369 1779 1418 codice

88 1444 421 1504 continentur,
470 1446 687 1492 correcta
731 1447 782 1492 et
820 1445 1051 1507 suppleta
1089 1447 1218 1492 sunt.
1294 1444 1343 1492 Is
1394 1447 1448 1491 ut
1490 1444 1676 1492 Graeca
1725 1446 1779 1492 in

89 1512 275 1566 ‘Notis’
325 1519 505 1566 omissa
559 1533 710 1565 manu
765 1533 854 1566 sua
912 1518 1183 1580 supplevit,
1238 1520 1312 1566 ita
1366 1518 1499 1566 foliis
1549 1519 1614 1566 36
1629 1512 1671 1584 2)
1729 1520 1779 1566 et

87 1592 403 1654 sequentibus
428 1607 583 1653 usque
612 1592 675 1639 ad
702 1593 768 1640 41
797 1607 912 1640 suas
935 1592 1092 1654 ipsius
1117 1592 1484 1640 observationes
1518 1592 1776 1641 commisit.

200 1667 281 1714 16.
314 1666 648 1715 Vaticanus
687 1667 789 1714 lat.
819 1667 958 1715 9539
1002 1667 1288 1714 chartaceus
1320 1667 1507 1714 formae
1540 1669 1748 1728 quartae
1782 1675 1864 1718 137

87 1741 307 1788 continet
336 1740 467 1788 inter
498 1735 840 1789 ‘Miscellanea
867 1755 1045 1802 yraeca
1078 1744 1121 1787 et
1149 1735 1325 1788 latina'
1365 1756 1516 1788 manu
1553 1740 1778 1804 Angeli

206 1867 247 1923 1)
280 1866 389 1909 Fuit
419 1865 499 1910 ille
524 1866 728 1910 Michael
751 1866 960 1924 Angelus
986 1866 1277 1918 Giacomelli,
1311 1866 1561 1910 canonicus
1587 1865 1629 1910 S.
1649 1866 1778 1910 Petri

87 1925 502 1982 „grecantissim0‚
553 1924 668 1982 μέγα
715 1925 931 1984 καύχημα
977 1927 1058 1970 καὶ
1103 1927 1401 1982 καλλώπισμα
1448 1925 1572 1970 dello
1620 1925 1777 1969 studio

86 1987 250 2040 greco“
283 1984 429 2040 (Iusti,
455 1983 815 2029 Winckelmann
841 1985 883 2028 Π
910 1990 949 2039 1,
968 1987 1056 2042 88),
1097 1985 1179 2040 qui
1219 1997 1409 2042 operam
1450 1998 1579 2028 suam
1620 1984 1670 2028 in
1702 1984 1779 2027 Li-

85 2042 215 2087 banii
246 2043 536 2087 orationibus
568 2057 594 2088 e
626 2044 866 2088 codicibus
889 2043 1132 2088 Vaticanis
1165 2045 1213 2088 et
1243 2043 1512 2088 Barberinis
1543 2043 1593 2086 in
1622 2042 1779 2088 lucem

85 2103 410 2157 protrahendis
436 2117 538 2146 cum
565 2102 1038 2147 Winckelmanno
1064 2103 1331 2147 consociare
1355 2102 1554 2146 volebat.
1604 2101 1777 2146 Scribit

86 2161 209 2205 enim
239 2162 316 2206 hic
348 2162 424 2206 die
457 2166 525 2205 29.
551 2163 724 2206 mensis
756 2163 963 2206 Ianuarii
996 2167 1108 2206 1757
1150 2163 1210 2205 ad
1242 2162 1461 2206 comitem
1493 2161 1551 2206 de
1582 2162 1777 2206 Buenau

86 2219 378 2275 (Winckelm.
414 2236 519 2278 opp.
552 2224 586 2266 t.
612 2222 654 2264 X
693 2222 763 2266 ed.
798 2221 977 2278 Ioseph.
1004 2221 1209 2265 Eiselein
1243 2225 1357 2266 1825
1396 2236 1441 2277 p.
1470 2222 1592 2277 175):
1637 2222 1778 2276 „Wir

83 2280 229 2324 haben
260 2281 383 2325 beide
415 2282 553 2335 Lust,
594 2281 670 2326 des
701 2281 897 2326 Libanii
938 2282 1051 2326 noch
1080 2281 1206 2325 nicht
1235 2281 1610 2338 herausyeyebene
1645 2280 1775 2325 Gric-

85 2339 253 2384 chische
285 2340 443 2385 Reden
480 2353 567 2384 aus
605 2352 751 2384 zween
785 2341 1141 2396 Manuskripte‘n
1174 2339 1252 2384 der
1286 2340 1636 2385 Vatika‘nische‘n
1677 2340 1777 2383 und

85 2398 468 2443 Barberinischen
492 2399 749 2444 Bibliothek
775 2413 859 2444 ans
883 2400 1018 2443 Licht
1040 2413 1099 2443 zu
1121 2399 1289 2443 stelle‘n.
1346 2399 1445 2442 Der
1468 2399 1659 2443 Praelat
1682 2399 1777 2442 will

84 2457 177 2501 sich
206 2472 299 2501 ‘nur
328 2459 460 2502 einen
490 2458 667 2502 kleinen
697 2459 826 2503 Theil
855 2459 1006 2502 daven
1037 2459 1224 2502 nehmen
1255 2458 1354 2501 und
1383 2458 1474 2502 mir
1503 2458 1588 2502 das
1618 2457 1777 2515 vibriye

85 2515 273 2560 lassen.“
336 2515 402 2560 Cf.
444 2516 696 2573 epistulam
735 2517 797 2561 ad
831 2516 1087 2560 Frankium
1125 2516 1187 2560 ib.
1221 2532 1266 2574 p.
1295 2521 1400 2561 191:
1442 2517 1560 2572 „Rei
1590 2517 1776 2573 Leswny

86 2573 164 2618 der
194 2577 332 2620 Alten
362 2577 470 2620 aber
500 2577 643 2621 merke
673 2577 745 2621 ich
775 2577 975 2634 zuqleich
1005 2590 1083 2630 cm,
1115 2590 1209 2620 was
1240 2577 1314 2620 die
1345 2575 1543 2632 Sprache
1573 2575 1775 2632 angustiat,

0 2654 1 2684 ᾗ
83 2646 160 2676 um
191 2635 308 2678 mich
338 2636 400 2678 im
431 2635 582 2680 Stand
610 2649 671 2680 zu
699 2642 860 2689 setzen,
891 2636 999 2679 viele
1030 2635 1144 2679 noch
1174 2635 1479 2692 unyedruckte
1511 2634 1668 2678 Reden
1700 2634 1776 2677 des

85 2692 314 2737 Libanius
351 2708 437 2738 aus
474 2694 554 2738 der
595 2695 819 2739 Vaticana
858 2694 957 2737 und
988 2695 1250 2738 Barberina
1289 2695 1371 2738 mit
1409 2695 1578 2738 meiner
1616 2693 1774 2738 Ueber-

83 2756 266 2810 setzuny
289 2767 375 2797 ans
390 2754 526 2797 Licht
548 2766 606 2797 zu
628 2754 826 2798 stellen.“
875 2752 941 2796 Cf.
967 2753 1111 2796 etiam
1137 2752 1365 2808 epistulas
1391 2753 1452 2795 ad
1476 2751 1774 2796 Waltherum

38 2819 39 2823 ’
84 2807 145 2852 ib.
171 2824 214 2866 p.
236 2815 342 2866 1733
377 2812 437 2854 ad
474 2811 749 2856 Berendsem
780 2827 825 2868 p.
851 2816 956 2865 1833
990 2811 1106 2855 Iusti
1137 2811 1215 2855 1.1.
1241 2811 1341 2867 112,
1361 2816 1460 2855 342.

202 2871 245 2926 2)
297 2869 350 2913 In
398 2870 607 2928 margine
660 2870 765 2914 folii
797 2875 852 2915 36
907 2884 1050 2914 manu
1102 2870 1359 2914 recentiore
1407 2870 1631 2927 scriptum
1680 2871 1771 2913 est:

24 2943 38 2967 ·.·
88 2924 314 2973 Osservaz.
347 2943 483 2985 sopra
516 2929 719 2975 Libanio
751 2930 802 2973 di
832 2943 968 2975 mano
1001 2930 1050 2973 di
1081 2930 1153 2973 M.
1183 2929 1462 2975 Giacomelli.

1447 3002 1504 3046 6*
