1992 3094
115 1030 155 1059 10

117 1469 156 1500 15

171 81 279 133 486
738 78 966 122 LIBANH
997 76 1221 122 ORATIO
1255 77 1289 120 L

175 218 380 283 φαίνου
435 215 732 283 κηδόμενος
786 214 858 282 μὴ
911 222 1022 266 τῶν
1067 214 1281 266 πόλεων
1327 214 1528 281 μόνον,
1583 211 1720 265 ἀλλὰ
1765 211 1857 265 καὶ

174 313 282 357 τῶν
315 303 515 372 ἀγρῶν,
547 306 756 371 μᾶλλον
789 299 848 354 δὲ
879 311 991 354 τῶν
1022 301 1208 372 ἀγρῶν
1239 301 1272 370 ἢ
1303 310 1415 353 τῶν
1437 302 1651 354 πόλεων
1674 300 1860 354 πλέον.

176 391 373 444 ἐκεῖνοι
413 393 515 458 γὰρ
556 392 767 443 τούτων
806 390 834 443 ὁ
874 390 1145 458 θεμέλιος.
1223 389 1309 441 34.
1363 391 1454 442 καὶ
1493 391 1629 459 φαίη
1668 409 1750 452 τις
1788 388 1862 444 ἂν

176 480 261 533 ἐπὶ
307 490 417 533 τῶν
464 479 648 548 ἀγρῶν
695 478 978 545 ἑστηκέναι
1024 480 1118 541 τὰς
1163 480 1350 540 πόλεις
1389 478 1678 541 κάκείνους
1717 472 1859 532 εἶναι

177 570 411 638 κρηπῖδα
433 569 670 634 ταύταις,
703 565 831 636 παρ’
861 563 940 620 ὧν
963 571 1147 636 πυροί,
1179 569 1390 636 κριθαί,
1414 568 1659 636 βότρυες,
1691 561 1859 634 οἶνος,

176 655 384 723 ἔλαιον,
430 657 607 725 τροφὴ
654 657 756 725 μὲν
794 656 1140 725 ἀνθρώποις,
1187 658 1366 726 τροφὴ
1415 652 1477 708 δὲ
1519 665 1633 720 τοῖς
1673 657 1865 718 ἄλλοις

178 746 344 809 ζώοις.
422 746 469 797 εἰ
517 742 576 797 δὲ
619 746 690 813 μὴ
729 747 854 812 βόες
893 740 1034 812 ἦσαν
1073 743 1194 813 μηδ’
1238 745 1476 814 ἄροτρον
1515 742 1652 813 μηδὲ
1700 744 1860 813 σπέρ-

177 855 314 901 ματα
367 830 502 902 μηδὲ
551 835 698 903 φυτὰ
750 834 888 902 μηδὲ
941 833 1131 901 ἀγέλαι
1185 835 1570 902 βοσκημάτων,
1626 831 1747 886 οὐδ’
1792 832 1866 885 ἂν

179 922 431 989 ἐγένοντο
485 923 585 990 τὴν
646 922 819 991 ἀρχὴν
871 924 1069 985 πόλεις.
1164 923 1254 975 καὶ
1308 925 1598 991 γενόμεναι
1653 920 1714 976 δὲ
1767 929 1866 990 τῆς

181 1011 406 1064 ἐκείνων
453 1010 768 1081 ἐξήρτηνται
815 1012 1003 1080 τύχης,
1058 1009 1148 1064 καὶ
1203 1012 1264 1064 τὸ
1320 1007 1382 1064 εὖ
1429 1031 1486 1064 τε
1531 1010 1622 1064 καὶ
1677 1020 1868 1081 χεῖρον

179 1101 436 1168 πράττειν
475 1100 663 1162 αὐταῖς
703 1099 919 1152 ἐκεῖθεν
957 1098 1087 1153 ἔστι.
1165 1099 1251 1153 35.
1305 1098 1397 1153 καὶ
1436 1102 1536 1169 τὴν
1574 1099 1866 1169 παροῦσαν

179 1189 382 1256 ταύτην
421 1188 679 1256 ἀκαιρίαν
716 1190 816 1257 τὴν
854 1190 1050 1258 κοινὴν
1082 1189 1109 1242 ὁ
1142 1192 1343 1243 κείνων
1380 1192 1539 1253 τόκος
1577 1188 1868 1258 ἀδικηθεὶς

180 1275 337 1330 ἔτεκε.
414 1276 504 1329 καὶ
550 1285 658 1331 νῦν
706 1276 766 1329 ἐν
813 1278 995 1346 εὐχαῖς
1042 1278 1103 1330 αἱ
1143 1281 1330 1341 πόλεις
1376 1280 1579 1332 ἅπασαι
1626 1277 1870 1345 μείζονές

181 1386 235 1418 τε
290 1367 376 1418 καὶ
433 1365 714 1428 ἐλάττονες
768 1367 1014 1434 εὐμενῶν
1071 1369 1173 1436 τὴν
1214 1375 1332 1435 ,γῆν
1385 1367 1694 1420 ἀπολαῦσαι
1754 1377 1871 1420 τῶν

176 1452 366 1521 Ὡρῶν.
457 1455 526 1522 ἣν
587 1455 871 1524 δεομένην
916 1466 1027 1510 τῶν
1084 1455 1470 1525 ἐργασομένων
1526 1462 1706 1524 ἴσμεν,
1769 1455 1871 1519 οὓς

183 1544 422 1605 ἅπαντας
483 1551 580 1596 τοῦ
643 1547 855 1597 Κελεοῦ
916 1546 1165 1614 μαθητὰς
1227 1547 1327 1615 χρὴ
1399 1549 1643 1612 νομίζειν
1711 1540 1865 1599 εἶναι.

184 1631 331 1694 ὅστις
385 1627 489 1684 οὖν
541 1641 655 1695 τοῖς
709 1632 935 1687 ἐκείνων
989 1639 1214 1701 πολεμεῖ
1267 1637 1608 1703 πράγμασιν,
1671 1633 1732 1687 ἐν
1785 1627 1871 1697 οἷς

185 1715 324 1772 εἶναι
363 1723 652 1787 συμβαίνει
691 1721 782 1774 καὶ
821 1725 951 1785 τοὺς
990 1725 1172 1791 ὄνους,
1213 1720 1374 1786 οὗτος
1412 1731 1476 1793 τῇ
1518 1731 1586 1793 γῇ
1626 1728 1867 1790 πολεμεῖ,

186 1808 332 1871 ὅστις
380 1806 438 1861 δὲ
486 1818 549 1878 τῇ
597 1818 691 1880 γῇ,
739 1807 902 1874 οὗτος
947 1813 1037 1865 καὶ
1084 1822 1202 1875 ταῖς
1247 1817 1438 1866 πόλεσι
1483 1814 1597 1879 καί,
1643 1813 1712 1880 νὴ
1757 1812 1871 1864 Δία

122 1910 138 1940 2
186 1916 270 1964 γε,
317 1898 406 1950 καὶ
445 1907 559 1960 τοῖς
598 1899 862 1953 πλέουσιν
902 1901 1110 1969 αὐτοῖς,
1152 1900 1267 1954 ἐπεὶ
1307 1901 1580 1964 κάκείνοις
1627 1901 1712 1953 δεῖ
1758 1908 1873 1953 τῶν

186 1986 332 2054 παρὰ
377 1987 585 2054 ταύτης.
671 1986 761 2040 καὶ
813 1990 916 2058 γὰρ
970 1991 1021 2041 εί
1068 1990 1129 2042 τὸ
1179 1992 1347 2043 πλείω
1395 1991 1461 2042 τὰ
1508 1991 1643 2043 ὄντα
1688 1997 1873 2042 ποιεῖν

188 2072 290 2125 ἀπὸ
335 2082 428 2142 τῆς
466 2076 739 2144 θαλάττης
777 2078 988 2145 αὐτοῖς,
1037 2076 1151 2131 ἀλλ’
1193 2079 1326 2132 αὐτό
1372 2098 1434 2147 γε
1480 2079 1540 2132 τὸ
1589 2079 1872 2131 δύνασθαι

191 2164 282 2229 ζῆν
321 2162 424 2215 ἀπὸ
466 2171 558 2231 τῆς
598 2172 708 2232 γῆς.

310 2328 362 2365 16
395 2323 526 2366 Hom.
553 2324 596 2367 h.
620 2324 669 2367 in
694 2324 790 2368 Cer.
811 2329 866 2368 96
877 2340 941 2381 sq.
1007 2326 1063 2370 cf.
1091 2327 1228 2372 Raub
1260 2328 1339 2372 der
1371 2327 1577 2382 Per-seph.
1603 2341 1647 2382 p.
1668 2330 1721 2369 12

308 2475 333 2513 3
367 2471 534 2515 ἐκεῖνοι
559 2497 612 2504 -
641 2477 692 2515 11
728 2470 849 2516 ἐστίν
883 2473 999 2516 citat
1026 2474 1185 2517 Macar
1206 2474 1235 2518 l.
1262 2474 1291 2517 l.
1355 2474 1524 2519 ἐκεῖνοι
1555 2473 1642 2530 γὰρ
1674 2472 1872 2529 τούτων]

192 2531 325 2587 ἀγροὶ
356 2538 447 2575 τῶν
478 2530 655 2575 πόλεων
686 2531 846 2575 Macar
895 2535 900 2587 1
949 2530 1018 2582 τίς
1048 2533 1209 2576 Macar
1388 2538 1415 2575 4
1446 2540 1537 2576 τῶν
1569 2534 1614 2576 Ρ
1643 2532 1725 2575 scd.
1756 2539 1790 2575 ῶ
1822 2531 1872 2574 in

193 2602 265 2632 ras
290 2590 358 2631 m⁵
417 2597 508 2634 τῶν
531 2591 709 2694 ἀγρῶνέ.
729 2590 904 2634 τούτων
928 2591 1088 2635 Macar
1199 2597 1224 2635 5
1249 2589 1455 2648 κρηπίδα
1483 2591 1548 2636 ΟΙ
1570 2591 1729 2635 Macar
1753 2589 1867 2648 edd]

194 2646 379 2705 βότρυες
410 2649 573 2704 scripsi
653 2650 681 2707 β
710 2666 818 2702 τους
846 2665 894 2693 τε
925 2649 1035 2693 libri
1066 2651 1157 2694 edd
1189 2651 1270 2694 sed
1304 2667 1379 2705 „vs
1410 2651 1566 2695 malim
1596 2650 1773 2694 abesse“
1805 2649 1875 2692 Re

254 2706 417 2764 βότρυς
447 2707 605 2751 Macar
724 2713 747 2750 7
783 2707 972 2766 βότρυες
1002 2709 1161 2753 Macar
1208 2710 1214 2767 Ι
1267 2710 1328 2766 μὴ
1361 2707 1407 2754 δ’
1444 2711 1491 2753 ei:
1521 2709 1582 2765 μὴ
1614 2707 1666 2753 δὲ
1696 2708 1820 2752 ΑΡΙ

195 2769 220 2807 9
252 2766 483 2823 τηναρχὴν
514 2768 547 2809 Ι
701 2771 753 2809 10
785 2783 831 2811 τε
862 2767 961 2835 καὶ]
995 2766 1023 2823 ἢ
1055 2768 1215 2812 Macar
1373 2774 1424 2811 11
1457 2767 1678 2822 πράττειν
1711 2768 1876 2816 αὐταῖς

197 2824 357 2879 scripsi
419 2826 582 2876 αὐταῖς
604 2824 821 2879 πράττειν
846 2825 954 2869 libri
981 2827 1071 2869 edd
1187 2833 1240 2870 13
1267 2827 1417 2871 ἔτεκεν
1441 2828 1535 2871 AP
1653 2830 1707 2869 15
1725 2823 1875 2880 Ὡρῶν

197 2882 358 2938 scripsi
421 2883 550 2938 ὡρῶν
582 2883 690 2926 libri
723 2884 811 2926 edd
934 2890 989 2927 22
1022 2886 1181 2935 αὐτοῖς
1211 2886 1256 2929 Ρ
1284 2886 1366 2928 sed
1397 2902 1468 2935 οις
1496 2885 1545 2928 in
1576 2899 1652 2928 ras
1683 2884 1752 2927 m²

1985 1295 1992 1303 .
1987 1260 1992 1271 -
1970 1229 1974 1238 ·
1981 1210 1992 1216 ,
1943 356 1992 1196 -ιωυκέπ-ΜΜᾋ

1960 217 1979 342 πὶἑὶΰὶθη
1975 185 1979 187 .
1968 137 1973 148 ⁷

1988 313 1992 376 1
