1992 3094
190 91 299 142 244
531 103 538 110 ·
676 89 904 132 LIBANH
936 88 1159 133 ORATIO
1192 89 1404 133 XXXVII

190 214 449 293 ἐννοῆσαι
491 223 770 293 δυσσεβές,
810 221 945 292 ἕδρα
983 222 1075 277 καὶ
1114 224 1184 292 ἣν
1223 221 1438 293 ἔσπειρε
1471 225 1711 293 (ταύτην
1751 224 1876 278 ἀπέ-

189 315 425 382 κτεινε>;
457 312 547 367 καὶ
574 314 865 383 φαρμάκου
899 310 1001 379 μὲν
1030 311 1197 381 ἔργον
1222 312 1249 365 ὁ
1277 313 1537 380 θάνατος,
1570 315 1787 382 ἔλεγχος
1819 311 1877 366 δὲ

190 402 439 471 κειμένης
460 402 665 470 οὐδείςς
689 404 866 454 καίτοι
893 401 994 470 οὐχ
1019 396 1096 464 εἷς
1121 400 1183 454 ἐν
1199 404 1500 469 βασιλείοις
1527 403 1727 470 ἰατρός,
1752 401 1881 454 ἀλλ’

101 503 308 547 RII321
351 491 434 543 ὅτι
470 489 476 560 Ι
510 494 770 543 πλεῖστοι.
839 489 990 543 ὥσθ’
1021 483 1098 553 εἷς
1147 487 1248 559 μὲν
1294 491 1394 543 τὸν
1440 491 1648 558 μισθὸν
1695 491 1880 558 λαβὼν

147 602 166 634 5

129 1046 171 1076 10

130 1488 170 1519 15

193 583 460 648 ἔκρυπτεν
506 578 575 631 ἂν
621 580 682 631 τὸ
731 580 887 647 ἄγος,
939 580 991 632 οἱ
1039 577 1098 631 δ’
1123 580 1279 631 ἄλλοι
1330 580 1530 641 πάντες
1579 577 1649 630 ἀν
1689 578 1879 646 ἐβόων.

1964 389 1984 478 ἐ

197 668 276 720 10.
333 668 720 730 Κωνστάντιος
770 664 830 720 δὲ
886 666 1013 721 οὔτ’
1043 667 1114 720 ἂν
1159 669 1432 736 ἠγνόησεν
1479 666 1605 719 οὔτ’
1635 666 1706 720 ἂν
1751 666 1881 735 ἡσύ-

193 771 374 824 χασεν,
427 755 553 808 ἀλλ’
584 756 656 818 ὡς
704 755 795 808 ἐπ’
827 756 1038 826 ἀδελφῇ
1078 776 1135 809 τε
1174 755 1264 808 καὶ
1305 757 1549 825 βασιλίδι
1595 757 1773 809 πάντα
1811 755 1881 808 ἀν

194 847 366 898 ἔσεισε
406 843 497 897 καὶ
529 853 700 897 ταῦτα
739 844 991 913 ἀφορμῆς
1021 846 1282 914 δεόμενος
1321 846 1399 907 εἰς
1436 846 1497 897 τὸ
1532 845 1630 897 τὸν
1662 846 1882 914 ἄνθρω-
1968 836 1975 884 ἕ

193 952 299 986 πον
339 932 646 1002 ἀφελέσθαι
677 934 737 986 τὸ
773 942 1066 1002 σκῆπτρον.
1121 933 1374 1002 μετέμελε
1405 935 1510 1002 γὰρ
1545 934 1690 1005 αὐτῷ
1724 953 1880 1002 μετα·
1966 940 1978 956 ·“

198 1023 351 1075 δόντι
390 1030 485 1091 τῆς
523 1021 716 1091 ἀρχῆς,
757 1022 857 1092 οὐχ
897 1022 970 1084 ὡς
1009 1022 1228 1091 εὑρόντι
1267 1025 1453 1089 κακόν,
1498 1020 1614 1074 ἀλλ’
1649 1023 1721 1084 ὡς
1759 1021 1881 1074 ἑαυ-
1967 1019 1975 1034 ”

193 1118 292 1163 τοῦ
342 1113 611 1179 βελτίονα.
688 1109 779 1163 καὶ
826 1107 967 1180 ἦσαν
1007 1112 1064 1164 οἱ
1098 1112 1277 1164 πάντα
1317 1110 1659 1175 ἐξετάσοντές
1697 1130 1754 1163 τε
1791 1109 1881 1163 καὶ
1962 1117 1969 1169 ,ἶ

197 1200 553 1267 μηνύσοντες,
587 1202 646 1252 οἳ
672 1199 761 1252 καὶ
795 1207 1277 1267 συκοφαντοῦντες
1309 1200 1630 1268 εὔφραινον.
1690 1199 1770 1251 11.
1803 1194 1882 1252 ὧν

194 1297 409 1355 πρῶτος
452 1286 740 1353 Ἐλπίδιος,
781 1288 848 1341 ὃν
887 1286 1002 1341 οὔτ’
1036 1287 1105 1340 ἂν
1143 1286 1346 1341 ἔλαθεν
1376 1288 1625 1358 ὕπαρχον
1657 1307 1717 1356 γε
1750 1290 1883 1341 ὄντα

194 1383 417 1445 πρᾶγμα
451 1384 720 1429 τοσοῦτον
761 1375 874 1429 οὔτ’
908 1376 977 1430 ἂν
1018 1375 1272 1446 ἐσίγησεν
1305 1378 1636 1444 αἰσθόμενος
1668 1376 1883 1446 μέλλων

196 1484 255 1531 γε
304 1464 588 1534 εὐεργέτης
632 1463 862 1518 ἔσεσθαι
909 1464 1189 1532 βασιλέως.
1267 1467 1313 1518 εἰ
1361 1462 1462 1534 μὲν
1509 1461 1612 1519 οὖν
1658 1467 1882 1534 ἔφρασε,
1958 1455 1966 1491 T

197 1552 397 1616 δεῖξον·
462 1554 509 1606 εἰ
558 1552 604 1605 δ’
638 1554 739 1606 οὐκ
802 1547 968 1620 εἶπεν,
1032 1551 1150 1606 οὐδ’
1189 1552 1510 1621 ἐπέπρακτο,
1573 1553 1690 1606 ἀλλ’
1729 1553 1757 1607 ὁ
1819 1555 1880 1607 τὸ

198 1642 567 1710 στρατόπεδον
622 1640 706 1709 ἐφ’
740 1642 913 1694 αὑτὸν
966 1645 1192 1704 πολλοῖς
1245 1643 1333 1694 καὶ
1385 1642 1641 1710 μεγάλοις
1696 1642 1882 1710 ἀδική-
1958 1628 1962 1661 ⁵

318 1850 371 1890 10
403 1846 460 1890 cf.
485 1846 578 1889 t.11
602 1850 827 1900 275563q.
953 1850 1005 1888 13
1039 1846 1095 1890 cf.
1123 1861 1193 1902 ep.
1216 1851 1329 1889 1463
1358 1847 1363 1904 Ι
1393 1846 1543 1889 Amm.
1563 1845 1668 1888 XXI
1693 1851 1732 1900 6,
1753 1852 1777 1889 9

317 2044 340 2081 1
374 2037 433 2094 ἣν
467 2039 663 2096 ἔσπειρε]
697 2037 820 2093 ἥνεσ.
855 2052 961 2082 cum
992 2038 1161 2082 lacuna,
1196 2042 1219 2080 7
1252 2038 1347 2081 fere
1384 2038 1463 2081 litt
1487 2040 1561 2082 La
1633 2038 1744 2094 ἠνεσ
1777 2053 1882 2082 cum

196 2097 366 2141 lacuna
397 2102 453 2140 30
485 2097 581 2142 fere
622 2098 702 2141 litt
734 2100 818 2142 Mo
910 2095 1124 2155 ἠνέσχετο
1159 2098 1231 2140 Ρα
1322 2097 1499 2151 ἔσπειρε
1539 2097 1582 2139 h.
1609 2096 1637 2140 1
1679 2111 1771 2140 non
1811 2098 1883 2141 est

227 2163 431 2208 cauerat
471 2160 525 2200 ut
555 2157 694 2200 vertit
725 2157 791 2200 Re
818 2157 955 2199 Anim
987 2156 1062 2212 (cf.
1087 2156 1179 2199 t.11
1207 2161 1304 2209 153,
1325 2158 1410 2212 10),
1456 2156 1536 2199 sed
1568 2157 1719 2199 inibat
1748 2158 1801 2199 ut
1833 2156 1882 2199 in

218 2229 300 2259 oco
341 2229 369 2259 a
400 2215 544 2259 Suida
576 2230 609 2259 s.
635 2231 674 2259 v,
703 2213 897 2272 Ερμίας
936 2215 1080 2259 allato
1114 2215 1292 2269 ἔσπειρε
1323 2214 1407 2270 τὴν
1441 2214 1607 2258 ἑαυτοῦ
1639 2222 1837 2271 γυναῖκα
1872 2214 1877 2273 Ι

199 2276 306 2331 post
338 2275 514 2329 ἔσπειρε
545 2275 714 2318 lacuna
752 2277 848 2318 fere
883 2280 995 2318 16—
1001 2279 1053 2317 17
1087 2274 1166 2317 litt
1199 2275 1405 2318 CAPUI
1412 2275 1455 2318 V
1479 2275 1611 2331 Bong
1634 2274 1702 2317 Re
1741 2287 1880 2329 quam

200 2333 350 2377 verbis
388 2333 560 2389 ταύτην
600 2333 838 2378 ἀπέκτεινε
886 2333 1066 2390 explevi
1107 2347 1210 2377 cum
1252 2332 1423 2377 Cobeto
1463 2333 1492 2376 l.
1519 2334 1547 2375 l.
1575 2332 1677 2376 coll.
1711 2349 1754 2389 p.
1782 2338 1880 2386 241,

203 2398 256 2436 16
271 2407 335 2447 sq.
399 2390 717 2436 ἀπέκτεινεν”“
701 2391 760 2436 ἀν
785 2391 858 2436 vel
882 2391 1111 2450 φαρμάκῳ
1145 2390 1204 2436 ἂν
1229 2393 1379 2436 ἀνεῖλε
1404 2391 1537 2448 Bong
1553 2392 1746 2448 Animp
1753 2395 1879 2443 2,55

202 2449 379 2510 ὀλέθρῳ
395 2450 633 2506 παρέδωκε
652 2451 916 2496 Monnerius
1029 2457 1057 2494 4
1085 2451 1199 2508 ἔχων
1218 2451 1301 2495 Mo
1415 2455 1441 2494 5
1468 2451 1660 2505 ἔκρυπτε
1680 2451 1840 2495 CPUI
1845 2450 1888 2494 V
1939 2464 1945 2465 ’
1990 2514 1992 2535 1

200 2510 334 2566 Bong
368 2510 373 2567 Ι
410 2508 469 2552 ἀν
494 2524 569 2553 om
596 2511 851 2555 CAPUIV
868 2510 1001 2568 Bong
1042 2511 1048 2568 l
1089 2511 1141 2554 τὸ
1168 2510 1279 2566 ἄγος
1310 2524 1385 2552 0111
1406 2511 1488 2553 Mo
1621 2515 1645 2552 6
1678 2507 1776 2553 οὔτ’
1799 2509 1879 2566 (1)]

202 2599 287 2641 οὐκ
318 2598 451 2655 Bong
615 2602 640 2641 8
675 2598 845 2642 ἔσεισεν
869 2603 910 2642 Α
939 2601 944 2654 Ι
973 2599 1039 2648 εἰς
1068 2599 1120 2642 τὸ
1151 2598 1277 2642 inser
1299 2598 1356 2640 1³
1509 2603 1558 2639 11
1595 2585 1806 2654 βελτίονα
1837 2597 1880 2640 A

203 2657 283 2701 sed
309 2674 339 2700 α
363 2657 412 2700 111
428 2670 503 2700 ras
519 2657 589 2700 m¹
621 2659 706 2700 et·
722 2659 788 2686 m.
822 2671 1037 2713 suprascr
1060 2657 1128 2700 m2
1189 2655 1400 2727 βελτίονα
1425 2658 1470 2700 Ρ
1497 2657 1578 2700 sed
1603 2674 1632 2698 α
1657 2656 1705 2699 in
1720 2670 1795 2700 ras
1812 2654 1881 2698 m³

263 2714 460 2773 βελτίονι
495 2717 618 2761 UMo
741 2721 794 2759 15
825 2732 873 2759 τε
909 2718 952 2761 U
1066 2721 1119 2759 16
1153 2716 1207 2759 οὐ
1233 2713 1278 2758 δ’
1308 2716 1492 2771 IBong
1523 2715 1603 2769 qui
1631 2715 1671 2758 εἰ
1695 2713 1740 2759 δ’
1762 2713 1879 2767 coni,

203 2788 344 2829 quam
385 2774 634 2819 lectionem
678 2774 915 2819 codicibus
948 2777 1128 2827 „Palem
1161 2780 1202 2818 et
1235 2775 1406 2818 Vaticf‘
1451 2774 1711 2817 confirmari
1743 2772 1880 2816 Anim

203 2848 247 2889 p.
274 2838 359 2876 253
392 2833 634 2877 adnotavit
758 2838 809 2876 17
844 2831 922 2889 ἐφ’
951 2834 1094 2877 αὑτὸν
1127 2832 1289 2889 scripsi
1321 2847 1425 2876 cum
1459 2831 1630 2876 Cobefio
1664 2831 1878 2876 G011.132

263 2891 340 2936 ἐπ’
366 2892 509 2936 αὐτὸν
539 2891 649 2935 libri
681 2892 771 2936 edd
