1992 3094
213 114 322 167 214
711 113 940 156 LIBANH
971 112 1196 157 ORATIO
1227 113 1398 157 XXXV

206 250 347 318 ὑμᾶς
387 250 447 303 δὲ
487 248 841 314 ἐλαύνουσιν;
883 249 967 301 ὅτι
999 258 1110 301 τῶν
1146 245 1248 318 μὲν
1280 250 1568 302 αἰδοῦνται
1600 249 1700 317 τὴν
1732 247 1900 312 δόξαν

206 339 277 406 ἣν
323 338 428 392 ἀπὸ
482 346 580 391 τοῦ
629 337 812 406 λέγειν
857 335 1099 407 ἔχουσιν,
1154 336 1215 390 ἐν
1270 336 1487 401 ἀδόξοις
1543 338 1604 391 δὲ
1651 337 1794 406 ὑμᾶς
1841 336 1899 389 ἐκ

206 435 305 480 τοῦ
347 435 561 480 σιωπᾶν
600 427 958 496 εὑρίσκουσιν
998 426 1099 478 οὐκ
1147 426 1483 494 ἀγνοοῦντες
1529 422 1630 492 μὲν
1667 411 1826 494 ὑμῶν
1866 425 1899 478 ἃ

205 514 296 569 καὶ
336 520 700 585 λειτουργεῖτε
739 513 828 567 καὶ
871 517 1373 583 λελειτουργήκατε,
1412 521 1486 587 τῷ
1520 516 1668 586 νόμῳ
1710 513 1770 566 δὲ
1807 512 1896 566 καὶ

163 625 182 658 5
206 613 324 667 ταῖς
363 604 626 673 ἀνάγκαις
664 611 837 657 ταῦτα
876 606 1243 672 λογιζόμενοι,
1291 604 1386 665 τὰς
1423 604 1602 672 ψυχὰς
1641 603 1702 656 δὲ
1741 603 1898 669 ὑμῶν

206 693 308 746 οὐκ
347 695 563 762 ἔχοντες
602 693 902 761 θαυμάσαι.

318 781 365 834 9.
419 783 489 835 Εἰ
529 779 630 851 μὲν
670 777 775 834 οὗν
813 778 907 849 ἤτε
945 785 1166 834 πολῖται
1203 783 1411 843 πόλεως
1457 779 1558 834 ἀπ’
1589 782 1760 833 ἄλλου
1799 800 1897 833 του

116 882 221 925 RII
238 886 322 926 288
362 879 474 923 τῶν
524 869 898 937 νομιζομένων
953 869 1185 938 ἀγαθῶν
1235 871 1312 932 εἰς
1363 871 1538 939 ὄνομα
1588 868 1593 940 ι
1642 869 1898 938 ἡκούσης,

207 957 334 1010 ἀλλ’
365 960 432 1012 οὐ
487 966 581 1027 τῆς
631 960 946 1027 δεινότητος
999 968 1110 1011 τῶν
1159 957 1620 1026 πολιτευομένων,
1674 953 1744 1025 ’ἦν
1797 958 1899 1024 μὲν

141 1068 182 1101 10
207 1046 277 1099 ἂν
323 1048 412 1100 καὶ
461 1047 604 1100 οὕτω
653 1048 824 1100 καλὸν
878 1047 1137 1116 ἀμείνους
1190 1046 1452 1115 γενέσθαι
1503 1046 1754 1116 πατέρων
1806 1045 1898 1100 καὶ

205 1133 352 1205 ἔχειν
391 1157 453 1205 γε
492 1137 582 1188 καὶ
623 1137 825 1198 αὐτοὺς
865 1137 1041 1189 εἰπεῖν
1079 1136 1140 1188 τὸ
1182 1143 1281 1189 τοῦ
1315 1135 1623 1204 Σθενέλου,
1663 1136 1799 1204 τάχα
1839 1134 1899 1188 δ’

206 1225 275 1276 ἄν
312 1245 394 1287 τις
432 1221 502 1293 ἦν
541 1225 675 1291 ὑμῖν
722 1225 788 1277 οὐ
827 1223 1189 1293 κτησαμένοις
1235 1232 1398 1278 τοῦτο
1447 1224 1736 1293 ἀπολογία·
1791 1231 1899 1277 νῦν

206 1309 267 1365 δὲ
306 1312 464 1366 τοῦτ’
495 1313 565 1366 ἂν
604 1314 758 1383 εὕροι
798 1333 902 1382 τις,
954 1313 1037 1366 ὄτι
1077 1314 1311 1382 μάλιστα
1351 1314 1383 1382 ἡ
1422 1315 1580 1376 πόλις
1619 1312 1751 1381 ἡμῖν
1790 1311 1899 1376 ἐξέ-

207 1405 381 1468 λαμψε
422 1411 486 1472 τῇ
527 1403 650 1472 περὶ
691 1403 751 1455 τὸ
791 1402 973 1470 λέγειν
1013 1410 1107 1471 τῆς
1145 1405 1352 1471 βουλῆς
1392 1401 1675 1472 ἐπιστήμῃ,
1715 1400 1799 1454 δι’
1828 1401 1899 1469 ἢν

140 1511 182 1543 15
207 1490 296 1542 καὶ
335 1499 451 1553 τοῖς
488 1491 854 1544 παιδεύουσιν
893 1491 959 1544 οὐ
1007 1492 1199 1560 μικρὸς
1243 1489 1305 1544 ἐν
1343 1500 1459 1553 ταῖς
1500 1490 1827 1554 ἐπιδείξεσιν
1867 1490 1896 1544 ὁ

203 1580 414 1648 χρόνος.
492 1581 679 1633 δεινὸν
727 1576 830 1633 οὖν
867 1581 939 1649 μὴ
980 1581 1069 1633 καὶ
1116 1581 1318 1633 τούτου
1359 1583 1662 1649 φαίνεσθαι
1701 1583 1897 1648 κληρο-

204 1669 427 1735 νόμους,
476 1667 603 1720 ἀλλ’
637 1668 696 1721 ἐν
742 1675 816 1741 τῷ
849 1668 1090 1740 ὑμετέρῳ
1130 1671 1232 1741 βίῳ
1274 1670 1657 1738 διαφθαρῆναι
1697 1676 1761 1738 τῇ
1800 1670 1896 1721 πό-

206 1758 289 1808 λει
327 1757 427 1825 τὴν
466 1755 648 1820 δόξαν.
725 1756 757 1825 ἢ
805 1758 866 1810 τὸ
906 1753 1008 1826 μὲν
1046 1767 1223 1826 τεῖχος
1263 1757 1429 1825 αὐτῆς
1477 1758 1523 1809 εἰ
1570 1765 1896 1827 περιῃρεῑτε,

208 1845 369 1913 δίκην
407 1843 477 1898 ἂν
508 1845 783 1914 ὠφείλετε,
823 1855 935 1899 τῶν
975 1844 1035 1898 δ’
1067 1845 1172 1899 ἀπὸ
1205 1854 1304 1899 τοῦ
1337 1845 1520 1914 λέγειν
1552 1844 1897 1914 γιγνομένων

139 1955 182 1988 20
207 1931 639 2003 ἀποστεροῦντες
677 1944 850 2003 τιμῶν
889 1932 1045 1998 ἄξιόν
1083 1955 1135 1987 τι
1173 1943 1399 1999 ποιεῖτε;
1455 1934 1538 1987 10.
1579 1933 1685 2002 ἐγὼ
1726 1936 1895 2003 χαίρω

325 2121 350 2159 3
383 2116 502 2161 Plat.
530 2117 667 2175 Gorg.
693 2133 737 2174 p.
758 2121 844 2161 517
867 2117 898 2159 Β
1023 2122 1073 2160 11
1109 2117 1160 2160 Il.
1187 2119 1318 2161 3405

328 2285 381 2323 18
415 2278 686 2337 ἐπιχείρημα
719 2280 811 2324 ἀπὸ
843 2286 926 2324 τοῦ
959 2279 1203 2331 ἐλάττονος
1243 2280 1304 2323 V‘2

328 2454 349 2492 l
385 2447 430 2493 δ’
460 2450 527 2494 Re
670 2455 697 2492 4
729 2453 1057 2506 λειτουργεῖται
1088 2451 1119 2492 Ι
1259 2454 1285 2493 5
1317 2456 1463 2495 ταῦτα
1506 2449 1632 2493 VRe
1705 2447 1897 2498 ταύταις
1949 2474 1958 2477 »

205 2508 376 2563 reliqui
407 2508 516 2552 libri
540 2509 642 2552 Mor
670 2511 675 2565 Ι
703 2509 803 2567 τὰς]
836 2509 952 2563 πρὸς
974 2509 1066 2551 ΙΜ
1096 2508 1176 2551 sed
1207 2507 1256 2551 in
1289 2508 1376 2552 hoc
1407 2507 1490 2558 τὰς
1519 2507 1568 2550 in
1592 2520 1725 2564 marg
1748 2506 1831 2560 m²‚
1849 2507 1894 2549 B

209 2572 232 2610 7
266 2565 350 2612 οὖν
383 2581 458 2611 om
482 2569 517 2611 I
553 2571 558 2625 Ι
592 2567 731 2614 ἄλλου
762 2585 845 2611 του
880 2568 1157 2612 MOIMBV
1191 2567 1198 2625 1
1231 2574 1314 2611 τοῦ
1340 2568 1385 2611 A
1536 2571 1562 2609 8
1595 2565 1783 2622 ἀγαθὸν
1810 2566 1842 2607 Ι

209 2631 262 2668 12
294 2621 352 2683 ἦν
384 2641 458 2670 om
485 2627 607 2672 OMo
638 2627 740 2670 Mor
878 2631 931 2669 13
965 2625 1075 2685 εὕρῃ
1111 2627 1195 2670 Mo
1220 2626 1321 2669 Mor
1352 2626 1434 2680 qui
1467 2625 1595 2681 εὕροι
1627 2624 1731 2668 coni
1773 2628 1779 2679 1
1823 2622 1895 2667 ὅτι

204 2685 391 2741 reposui
424 2699 447 2729 e
482 2687 526 2730 V
612 2683 697 2745 ὅτῳ
728 2685 898 2742 reliqui
930 2685 1038 2728 libri
1071 2685 1163 2728 edd
1204 2687 1209 2742 1
1252 2685 1361 2740 ὑμῖν
1393 2685 1495 2728 Mor
1646 2688 1700 2727 14
1731 2683 1815 2739 τὴν
1848 2683 1896 2726 et

208 2743 458 2800 ἐπιστήμην
491 2745 557 2787 Re
704 2750 756 2788 16
788 2742 955 2801 χρόνος
984 2744 1173 2799 reposui
1205 2757 1229 2788 e
1258 2744 1345 2788 GV
1421 2742 1599 2798 θρόνος
1624 2745 1709 2787 Mo
1732 2742 1836 2784 Mor

207 2801 355 2861 φόβος
384 2803 553 2858 reliqui
585 2803 693 2846 libri
726 2804 793 2846 Re
822 2806 827 2857 Ι
856 2801 941 2847 οὖν
974 2817 1048 2846 om
1077 2803 1197 2848 CMo
1225 2803 1326 2846 Mor
1448 2807 1500 2846 17
1535 2803 1585 2847 ἐν
1617 2805 1680 2860 τῷ
1704 2801 1893 2844 vocibus

207 2862 380 2907 desinit
397 2862 499 2906 Mor
523 2863 706 2906 addito:
726 2860 890 2920 [λείπει
922 2861 1081 2919 τᾶλλα]
1162 2863 1342 2906 lacuna.
1376 2862 1422 2905 Τ.
1435 2862 1503 2904 ΙΙ.
1525 2861 1712 2905 Morelli
1734 2874 1784 2915 p.
1805 2862 1895 2903 636

202 2920 255 2967 in
279 2934 413 2978 marg
443 2935 585 2965 manu
615 2920 936 2966 recentissima.
968 2920 1256 2977 (Ehingeri?)
1290 2921 1334 2964 A
1479 2924 1532 2963 19
1566 2917 1823 2976 γινομένων
1858 2917 1902 2961 V
