1992 3094
218 132 288 184 28
722 131 952 175 LIBAMI
983 131 1206 176 ORATIO
1239 110 1410 177 xan

221 267 339 336 μέν,
379 269 573 337 παρὼν
613 265 673 321 δὲ
712 266 905 336 ἔλεγον
941 269 1214 322 εἰσκαλεῖν
1243 267 1524 338 Ἀντίοχον
1563 270 1642 332 εἰς
1678 270 1780 338 τὴν
1818 270 1916 323 αὗ-

218 360 338 426 λήν,
389 358 567 426 ἄνδρα
607 356 640 409 ἃ
680 360 919 426 φρονοίη
967 356 1198 425 λέγοντα
1244 357 1654 410 κολακεύσαντα
1693 356 1914 426 οὐδένα,

219 447 401 514 λέγειν
450 444 832 514 ἐπιστάμενον,
879 445 908 497 ὁ
957 442 1018 498 δὲ
1069 444 1202 512 ἐμοῦ
1250 446 1339 498 καὶ
1385 453 1557 499 ταῦτα
1602 447 1693 499 καὶ
1737 447 1915 499 πολλὰ

220 534 378 604 ἕτερα
417 534 675 602 λέγοντος
721 535 812 587 καὶ
853 531 1021 587 οὐδὲν
1059 533 1408 601 ψευδομένου
1447 536 1699 604 καθάπερ
1740 535 1917 597 εὐθὺς

176 644 195 677 5
224 623 707 691 ἀποθανούμενος,
759 624 807 675 εἰ
853 624 1194 692 παρακύψειε
1239 625 1432 693 μόνον,
1479 632 1591 676 πᾶν
1635 621 1741 693 ἔφη
1783 625 1915 694 πρό-

222 731 385 782 τερον
423 712 723 779 ὑπομενεῖν
761 711 794 779 ἢ
833 719 1014 764 τοῦτο.
1091 714 1267 766 καίτοι
1315 714 1366 765 ει’
1408 709 1510 781 μὲν
1550 711 1578 765 ὃ
1619 714 1919 781 πεποίηκας

222 799 306 854 ἐπ’
351 800 644 869 Ἀντιόχου,
697 802 885 869 καλόν,
939 802 1131 854 κοινὸν
1185 803 1296 854 ἔδει
1350 799 1495 854 τοῦτ’
1530 795 1692 854 εἶναι·
1756 802 1804 854 εἰ
1855 798 1916 854 δὲ

224 890 572 957 τούναντίον,
618 898 734 952 πῶς
773 889 876 942 οὐκ
915 890 1185 942 εἰσελθὼν
1224 888 1462 958 ἐκάθητο
1501 891 1646 943 πολὺ
1684 892 1920 957 βελτίων

223 979 302 1031 ὢν
349 979 447 1031 τὸν
491 980 703 1047 τρόπον
747 988 860 1031 τῶν
906 977 967 1032 ἐν
1005 980 1355 1048 στρατηγίαις
1399 977 1782 1047 γεγενημένων
1826 977 1918 1032 καὶ

162 1088 203 1120 10
228 1069 428 1137 χείρων
466 1067 623 1136 ἡμῶν
674 1067 842 1120 οὐδὲν
880 1076 992 1120 τῶν
1030 1066 1092 1120 ἐν
1129 1074 1203 1140 τῷ
1244 1068 1531 1120 διδάσκειν
1569 1071 1699 1130 τοὺς
1737 1067 1922 1135 νέους;

227 1157 310 1208 11.
352 1154 471 1209 ἀλλ’
503 1152 654 1222 οἶμαι
692 1157 759 1208 τὰ
789 1156 891 1224 μὲν
920 1155 1045 1225 παρ’
1070 1154 1204 1223 ἐμοῦ
1243 1157 1334 1209 καὶ
1365 1165 1465 1210 τοῦ
1501 1159 1691 1224 ἰατροῦ
1725 1158 1922 1218 δεινῶς

223 1245 464 1314 ὕποπτα,
515 1246 581 1298 τὰ
620 1245 681 1298 δὲ
719 1253 832 1297 τῶν
871 1245 1147 1298 διακόνων
1186 1245 1495 1314 ἀνύποπτα,
1547 1245 1651 1298 κᾶν
1690 1245 1718 1298 ὁ
1759 1259 1920 1313 στρα-

225 1335 424 1402 τιώτης
465 1338 589 1404 εἴπῃ
628 1354 706 1401 τι,
745 1334 807 1386 τὸ
848 1331 1014 1404 ἔργον
1051 1336 1373 1403 προστίθης.
1450 1335 1542 1387 διὰ
1579 1333 1727 1387 τοῦτ’
1759 1333 1919 1404 ἀρτο-

227 1409 398 1476 πόποι
452 1421 581 1475 καθ’
621 1421 855 1491 ἑκάστην
908 1422 1116 1492 ἡμέραν
1169 1415 1231 1476 ἐν
1282 1426 1529 1492 πληγαῖς.
1606 1422 1635 1475 ὁ
1690 1423 1794 1491 γὰρ
1852 1423 1924 1475 οὐ

162 1531 206 1564 15
229 1513 581 1581 θεραπεύσας
611 1515 845 1573 πολλοῖς,
862 1512 1101 1581 χρήμασι
1133 1511 1437 1580 Φερένικον
1466 1510 1590 1581 περὶ
1622 1512 1723 1565 τὸν
1753 1517 1923 1565 σταθ-

228 1602 337 1667 μὸν
376 1599 577 1667 ἀδικεῖ,
623 1600 713 1653 καὶ
758 1601 819 1652 τὸ
861 1601 1081 1668 συμβὰν
1120 1598 1205 1668 ἐφ’
1239 1598 1362 1662 ἑνὸς
1407 1602 1603 1670 ἄρτου,
1649 1601 1825 1654 πολλὰ
1865 1598 1914 1653 δ’

231 1687 302 1741 ἂν
348 1696 514 1741 τοῦτο
565 1691 864 1757 ποιήσειεν,
921 1686 1006 1757 ἐφ’
1037 1689 1278 1751 ἅπαντας
1327 1688 1565 1758 τέταται,
1619 1690 1711 1742 καὶ
1761 1697 1926 1742 νικᾶν

229 1779 315 1830 δεῖ
353 1784 455 1830 τοῦ
501 1780 806 1847 Φερενίκου
846 1777 907 1828 τὸ
949 1777 1107 1847 ῥῆμα.
1169 1778 1223 1829 οἱ
1263 1773 1323 1829 δὲ
1364 1774 1455 1846 ἐμὲ
1494 1778 1594 1830 τὸν
1629 1780 1927 1830 πεπεικότα

230 1866 433 1928 αὐτοὺς
471 1870 765 1918 κατελθεῖν
804 1865 909 1917 ἀπὸ
949 1875 1061 1918 τῶν
1101 1865 1249 1935 ὀρῶν
1288 1865 1350 1919 ἐν
1388 1868 1587 1929 αἰτίαις
1626 1868 1863 1935 ἔχουσιν.

135 1967 346 2011 R11116
428 1945 510 2006 12.
568 1952 698 2023 Εἰμὶ
747 1954 753 2023 Ι
804 1950 866 2006 δὲ
903 1952 995 2006 καὶ
1033 1955 1179 2024 παρὰ
1223 1962 1340 2017 τοῖς
1378 1954 1823 2023 πολιτευομένοις
1863 1953 1928 2007 ἐν

162 2067 202 2097 21
231 2042 502 2110 μέμψεσιν
550 2042 674 2105 ἑνὸς
722 2041 809 2095 ἐπὶ
855 2050 951 2110 τῆς
989 2043 1370 2111 λαμπροτάτης
1416 2045 1718 2111 νουμηνίας
1764 2047 1962 2112 φιλη-·

350 2252 404 2291 13
431 2247 487 2291 cf.
508 2262 571 2291 or.
590 2246 739 2291 XXIX
764 2263 807 2303 p.
829 2252 883 2291 63
895 2262 960 2303 sq.
1109 2251 1162 2290 19
1189 2247 1245 2291 cf.
1264 2262 1308 2303 p.
1329 2251 1398 2299 65,
1416 2252 1467 2290 19
1480 2262 1546 2303 sq.
1579 2247 1647 2292 t.1
1673 2251 1772 2302 182,
1788 2251 1842 2290 14
1857 2260 1924 2302 sq.

351 2445 374 2482 1
409 2412 558 2496 αὐέὴν
585 2440 629 2483 V
743 2443 768 2481 3
803 2438 914 2495 ἐμοῦ
938 2455 986 2483 τε
1010 2440 1090 2484 καὶ
1107 2441 1153 2484 Β
1275 2444 1299 2483 6
1331 2452 1442 2483 voce
1466 2436 1745 2497 πε]ποίηκ“ας
1767 2452 1924 2482 rursus

231 2498 403 2554 incipiss
426 2500 471 2542 Α
504 2497 599 2554 (fol.
622 2500 724 2554 132)
886 2503 908 2542 7
944 2497 1162 2556 ἀντίοχον
1194 2498 1238 2542 V
1265 2500 1329 2554 (eb
1360 2515 1414 2555 γρ
1447 2498 1496 2540 in
1520 2512 1653 2554 marg
1675 2498 1747 2541 m²
1769 2499 1926 2554 Patm)

232 2560 280 2601 et
313 2571 369 2601 ex
400 2556 620 2614 ἀντιόχου
654 2571 755 2600 corr
777 2557 836 2600 1³
1016 2562 1042 2602 8
1084 2565 1177 2607 πᾶς
1203 2559 1286 2602 Mo
1312 2558 1365 2600 et
1388 2556 1491 2600 Mor
1521 2557 1602 2612 qui
1633 2564 1731 2607 πῶς
1762 2556 1866 2600 coni

233 2621 288 2660 10
317 2617 428 2667 τοὺς
453 2630 528 2659 om
551 2615 661 2659 libri
676 2615 779 2659 Mor
840 2615 965 2659 inser
979 2617 1048 2660 Re
1171 2621 1225 2659 13
1251 2613 1460 2661 διατοῦτ’
1480 2616 1609 2660 IBV
1631 2617 1637 2674 Ι
1666 2613 1926 2670 ἀρτοκόποι

231 2707 278 2749 Ρ
308 2705 391 2748 sed.
416 2722 473 2760 αρ
507 2704 557 2747 in
579 2717 655 2747 ras
679 2703 749 2747 m²
833 2703 1088 2760 ἀρτοκόποι
1119 2705 1163 2747 V
1241 2690 1495 2759 ἀρτοκόποι
1530 2705 1597 2748 Va
1681 2702 1925 2758 ἀρτοποιοὶ

231 2764 335 2807 Mor
360 2763 417 2807 cf.
437 2762 577 2807 schol.
599 2763 714 2819 adp
720 2767 819 2818 .65,
833 2767 908 2815 19,
935 2769 1005 2817 35,
1018 2769 1094 2818 123
1121 2767 1189 2817 67,
1203 2767 1279 2817 153
1307 2767 1375 2817 71,
1387 2767 1435 2815 2·
1459 2763 1639 2817 t.1296‚
1653 2767 1728 2816 133
1754 2762 1923 2817 Phryn.

232 2837 279 2878 p.
306 2827 392 2865 222
423 2821 536 2866 Lob.
561 2822 649 2865 lex.
685 2821 787 2895 Seg,.
809 2798 960 2866 'Bekk
986 2799 1159 2866 'Anecd.
1192 2837 1237 2879 p.
1263 2827 1364 2876 447,
1382 2826 1437 2864 25
1620 2825 1674 2864 16
1706 2819 1927 2870 πολλάκις

233 2881 336 2924 Mor
369 2881 449 2925 sed
481 2897 536 2938 γρ
560 2880 707 2924 πολλὰ
739 2879 785 2925 δ’
819 2881 868 2923 in
890 2895 1025 2936 marg
1147 2886 1200 2924 17
1232 2879 1417 2925 τέταται
1441 2880 1510 2924 Re
1569 2879 1783 2924 τέτακται
1814 2878 1924 2922 libri

232 2940 335 2983 Mor
458 2944 510 2982 19
546 2939 667 2996 ὁρῶν
699 2940 770 2984 Va
892 2944 947 2983 20
979 2941 1021 2984 εἰ
1051 2939 1110 2997 μὴ
1146 2941 1230 2985 Mo
1253 2939 1355 2982 Mor
