1992 3094
204 140 276 194 54
687 138 917 184 LIBANH
948 138 1172 185 ORATIO
1203 138 1396 183 XXVIH

200 278 299 330 τὸν
346 274 651 343 ἀποδέκτην
697 277 776 339 εἰς
824 277 1092 346 τιμωρίαν
1129 271 1252 344 ἦγε,
1306 276 1487 328 καίτοι
1534 274 1767 347 κάκείνω
1812 293 1896 338 τις
1978 337 1986 357 ξ

202 368 367 434 λόγος
405 360 491 433 ἦν,
532 362 648 418 ἀλλ’
681 365 747 418 οὐ
795 365 893 417 τὸν
931 365 1212 433 Λάμαχον,
1264 356 1306 436 ᾧ
1349 364 1410 416 τὸ
1452 365 1620 432 ἔργον
1657 358 1728 431 ἦν
1766 364 1896 416 δοῦ-
1983 364 1989 394 ἶ“

200 474 295 508 ναι
334 455 567 523 χρυσίον
606 454 694 506 καὶ
735 453 1006 506 ἐδεδώκει.
1976 518 1983 524 ι

317 543 400 595 17.
465 545 530 595 Τί
581 540 702 596 ποτ’
734 538 838 595 οὗν
867 542 1064 597 ,αὐτὸν
1118 540 1289 595 ἐποίει
1343 549 1438 609 τῆς
1490 548 1588 594 τοῦ
1628 542 1894 611 Λαμάχου
1974 534 1985 580 ²2

158 652 178 684 5
204 635 455 700 τελευτῆς
510 630 834 698 ἐπιθυμεῖν;
897 630 1114 699 λέγεται
1166 631 1268 698 μὲν
1320 631 1411 683 καὶ
1465 630 1525 683 τὸ
1579 638 1675 698 τῆς
1726 629 1896 683 Ἀντι-

202 720 434 791 πάτρας,
488 717 695 789 ὑπῆρξε
753 719 817 772 δέ
866 722 965 788 μοί
1010 740 1064 772 τι
1114 719 1205 772 καὶ
1252 721 1386 772 ἄλλο
1442 724 1663 788 μαθεῖν,
1719 719 1748 772 ὅ
1802 738 1895 786 μοι
1976 730 1989 741 “’

202 811 528 879 πιστότερον
568 802 710 862 εἶναι
749 808 919 877 <τοῦ>
957 816 1052 877 τῆς
1095 806 1447 876 Ἀντιπάτρας
1486 809 1651 861 δοκεῖ.
1712 809 1769 861 τί
1805 806 1894 860 δαὶ

112 909 322 954 RH140
361 906 525 951 τοῦτο
563 894 738 963 ἔστινς
786 898 1054 965 εἱλκύσθη
1095 905 1210 960 τοῖς
1258 896 1266 968 Ῑ
1316 897 1535 950 σκεύεσι
1573 905 1689 959 τοῖς
1727 896 1896 967 ἀργυ-

203 995 322 1055 ροῖς
359 995 474 1048 τοῖς
513 989 741 1048 πολλοῖς
786 996 901 1048 τοῖς
947 986 1083 1038 κατὰ
1133 995 1245 1039 τῶν
1290 987 1521 1038 πόλεων.
1599 981 1679 1039 ὧν
1725 986 1897 1039 αὐτὸν

136 1097 178 1129 10
204 1077 374 1143 ἔγωγε
413 1073 606 1143 ἠξίουν
646 1071 788 1127 εἶναι
827 1076 1115 1143 κρείττονα
1153 1076 1500 1143 βουλόμενόν
1531 1094 1594 1142 γε
1626 1067 1769 1127 εἶναι
1803 1074 1896 1127 δο-

201 1171 322 1216 κεῖν
358 1173 471 1216 τῶν
510 1165 695 1216 ἄλλων
733 1165 1014 1232 βελτίονα,
1062 1162 1090 1216 ὁ
1131 1162 1180 1215 δ’
1212 1162 1500 1232 ὑπηνέχθη
1548 1183 1606 1216 τε
1655 1162 1747 1216 καὶ
1787 1162 1897 1216 διέ-

203 1251 397 1321 δειξεν,
452 1252 525 1315 ὡς
570 1252 740 1304 ταύτὰ
785 1261 901 1315 τοῖς
946 1255 1173 1314 πολλοῖς
1214 1260 1387 1305 νοσοῖ.
1468 1252 1549 1304 18.
1613 1251 1745 1305 δέον
1791 1253 1895 1321 γὰρ

201 1342 371 1394 αὐτὸν
416 1339 479 1394 ἐν
525 1341 662 1412 ἀρχῇ
708 1342 879 1394 καλὸν
926 1334 1068 1394 εἶναι
1115 1343 1338 1408 νομίσαι
1383 1341 1484 1409 τὴν
1532 1339 1715 1409 δόξαν,
1769 1340 1798 1394 ὁ
1838 1339 1888 1393 δ’

201 1435 376 1499 εἴχετο
417 1438 481 1500 τῇ
520 1429 682 1500 τέχνῃ
721 1438 786 1500 τῇ
824 1430 951 1500 περὶ
983 1431 1082 1483 τὸν
1113 1419 1360 1500 ἄργυρον
1399 1429 1489 1482 καὶ
1528 1428 1759 1492 καλέσας
1797 1430 1897 1483 τὸν

136 1540 177 1572 15
202 1519 416 1571 τούτων
471 1519 813 1589 δημιουργὸν
866 1517 957 1572 καὶ
1012 1519 1146 1586 μετὰ
1200 1519 1402 1571 τούτου
1456 1519 1556 1572 τὸν
1603 1518 1896 1588 ζωγράφον

201 1608 300 1659 τὸν
346 1607 448 1676 μὲν
494 1605 745 1660 ἐκέλευεν
785 1607 818 1660 ἃ
858 1608 1022 1671 αὐτὸς
1067 1608 1341 1676 ὑφηγοῖτο
1389 1607 1643 1676 γράφειν,
1688 1607 1788 1660 τὸν
1834 1604 1895 1660 δὲ

202 1694 433 1748 ἕπεσθαι
472 1702 546 1767 τῷ
582 1697 865 1769 ζωγράφῳ.
932 1697 1005 1759 ὡς
1044 1689 1094 1749 δ”
1126 1691 1287 1759 οὗτος
1325 1696 1425 1765 μὲν
1466 1695 1676 1766 ἀπῆρεν
1714 1694 1808 1749 ἐπί
1842 1715 1895 1749 τι

203 1791 299 1851 τῆς
345 1783 513 1854 ἀρχῆς
558 1783 746 1854 μέρος,
795 1791 870 1857 τῷ
906 1786 954 1838 δ’
987 1783 1301 1854 ἐξείργαστό
1349 1805 1406 1838 τε
1452 1785 1514 1837 τὸ
1562 1798 1895 1854 προστεταγ-

203 1872 372 1940 μένον
426 1871 516 1926 καὶ
572 1872 827 1941 ἐξέκειτο,
883 1874 1152 1942 θαυμάζει
1206 1893 1263 1926 τε
1311 1874 1567 1942 Λάμαχος
1622 1873 1756 1926 αὐτὸ
1804 1873 1894 1926 καὶ

136 1983 179 2015 20
203 1962 537 2030 προσελθὼν
597 1961 856 2030 ἐβούλετο
911 1968 1164 2016 κτᾶσθαι.
1242 1970 1341 2015 τοῦ
1397 1958 1459 2014 δὲ
1514 1961 1645 2014 ὅτου
1700 1981 1757 2014 τε
1810 1967 1893 2030 εἴη
1957 1997 1961 2002 2

204 2049 463 2118 λέγοντος
485 2049 574 2103 καὶ
602 2050 868 2118 δεομένου
893 2056 1213 2104 πεπαῦσθαι
1238 2052 1681 2119 φιλονεικότερος
1711 2052 1894 2119 γίγνε-

326 2245 379 2282 14
427 2239 591 2298 εἴχετο]
634 2240 734 2295 ἤτοι
775 2241 1007 2297 ἐκρατεῖτο
1047 2241 1128 2285 καὶ
1166 2239 1246 2286 διὰ
1284 2248 1420 2285 τοῦτο
1461 2243 1622 2298 ὃοτικῇ
1664 2246 1894 2296 συνῆπται

204 2296 490 2350 ἀπεναντίας
518 2307 601 2343 τοῦ
641 2299 825 2358 εἴχετο
859 2301 964 2345 ἀντὶ
994 2307 1075 2344 τοῦ
1116 2298 1319 2357 ἥπτετο
1361 2303 1520 2357 δοτικῇ
1566 2301 1685 2356 (corr
1715 2302 1892 2357 γενικῇ)

205 2357 570 2414 συνταττομένου
605 2358 671 2403 V²

326 2539 348 2577 1
382 2532 462 2578 καί
493 2552 536 2578 τι
564 2535 632 2592 V}
660 2533 729 2586 τίς
753 2538 784 2579 I
900 2541 925 2579 6
957 2553 1001 2579 τι
1031 2536 1206 2580 inserui
1237 2549 1262 2580 e
1293 2535 1425 2579 libris
1459 2533 1521 2592 (τί
1546 2537 1606 2593 V)
1668 2548 1743 2578 om
1766 2535 1835 2579 Re

206 2598 231 2635 7
270 2600 352 2637 τοῦ
382 2594 557 2637 inserui
590 2596 778 2638 auctore
810 2595 877 2638 Re
902 2597 1105 2651 (‚,malim
1134 2602 1217 2639 τοῦ
1249 2601 1329 2651 τῆς
1366 2596 1434 2639 vel
1473 2602 1554 2638 τοῦ
1586 2595 1692 2649 περὶ
1721 2596 1848 2650 τῆς“)
1883 2593 1888 2651 ξ

204 2653 286 2696 δαὶ
310 2653 356 2697 Α
387 2653 469 2696 sed.
501 2651 551 2696 δὲ
583 2653 632 2695 in
654 2667 789 2710 marg
819 2668 985 2698 mrec.
1049 2653 1101 2699 δὲ
1125 2655 1258 2698 ΙΒΝ
1284 2653 1438 2698 sedin
1461 2653 1550 2697 hoc
1581 2669 1603 2697 ε
1633 2654 1683 2696 in
1705 2666 1796 2707 ras,
1824 2653 1892 2696 Va

265 2710 319 2755 δέ
351 2712 395 2755 V
551 2716 576 2754 8
615 2719 751 2755 τοῦτο
783 2713 970 2768 reposui
1002 2727 1026 2757 e
1059 2713 1192 2756 libris
1283 2709 1408 2756 τοῦτ’
1445 2713 1513 2756 Re
1664 2717 1690 2755 9
1724 2709 1771 2755 a‘s
1801 2712 1840 2756 Ο

209 2774 264 2812 10
296 2767 340 2826 γ’
371 2771 583 2815 NVaRe
707 2776 756 2814 11
787 2769 811 2814 ὃ
837 2773 881 2815 Α
943 2770 969 2815 ὅ
992 2773 1123 2816 IBV
1239 2776 1292 2815 12
1322 2773 1518 2815 νοσεῖῘῙ
1633 2775 1687 2814 13
1721 2768 1746 2814 ὅ
1769 2770 1901 2814 IBV

268 2833 322 2871 14
362 2827 532 2873 εἵλκετο
565 2828 709 2873 Cobet
741 2829 852 2873 Coll.
882 2835 964 2874 126
1015 2831 1021 2889 Ι
1069 2830 1121 2875 τὸ
1154 2830 1377 2888 ἀργύριον
1407 2831 1443 2873 Ι
1617 2834 1671 2873 16
1711 2829 1792 2873 τὸν
1810 2828 1890 2886 (2)]

204 2894 267 2930 τῶ
299 2889 333 2930 Ι
465 2893 518 2932 18
550 2904 598 2932 τε
628 2888 677 2930 in
701 2902 775 2931 ras
802 2888 873 2933 ΡΞ
945 2903 1020 2933 om
1044 2891 1222 2934 BNVa
1361 2893 1413 2932 19
1447 2889 1560 2933 αὐτὸ
1593 2889 1649 2932 Ν
1675 2888 1756 2932 sed
1781 2887 1805 2931 ὸ
1838 2900 1895 2931 ex

206 2953 242 2988 ῶ
276 2959 377 2989 corr
400 2947 470 2990 m³
590 2952 643 2990 21
677 2945 854 3004 γίνεται
887 2950 987 2992 BV
