1992 3094
192 114 224 156 L
725 111 1067 156 PRAEFATIO
1101 111 1337 156 CRITICA

195 254 396 302 Accedit
450 253 581 314 quod
633 268 722 313 per
776 252 1025 300 Zosimum
1070 252 1148 299 ΙΠ
1188 253 1242 312 3,
1279 254 1368 315 11,
1424 268 1571 313 quem
1626 252 1882 314 adscripsi,

193 330 370 375 scimus
411 327 571 389 qualis
611 327 702 373 illa
739 341 898 387 poena
937 326 1100 373 fuerit.
1163 326 1338 387 Itaque
1370 326 1548 373 saltem
1577 326 1883 374 infinitivum

191 404 306 464 post
346 402 459 459 ζῶσι
499 400 738 448 excidisse
778 400 1084 449 crediderim.
1161 400 1467 462 Neutiquam
1505 416 1623 448 vero
1654 400 1881 447 Hei-wer-

193 476 317 523 deno
357 491 527 523 vocem
568 475 681 532 ζῶσι
718 476 775 521 ut
813 475 1311 535 interpretamentum
1359 473 1619 522 delendam
1662 475 1883 522 censenti

192 549 481 610 adstipulor.
828 600 832 605 .

304 639 350 684 p.
388 623 508 683 267,
544 623 572 669 5
615 620 835 679 ἐκείνους
875 618 963 684 μὲν
1002 613 1095 670 οὗν
1133 619 1298 685 λαβὼν
1338 618 1363 669 ὃ
1403 620 1630 686 βασιλεὺς
1669 620 1803 685 δῶρά
1834 639 1883 669 τε

193 693 408 759 ὠνόμαζε
462 693 544 744 καὶ
590 699 692 754 τοῖς
745 693 898 743 αὑτοῦ
954 694 1114 760 λόχοις
1163 693 1370 759 ἀνέμιξε.
1447 695 1618 743 Placet
1663 691 1882 758 ὠνόμαζε

191 771 432 818 traditum
471 771 733 831 sensuique
767 771 1061 818 conveniens
1091 786 1211 831 prae
1248 786 1305 818 eo
1347 770 1480 831 quod
1518 769 1884 818 Herwerdenus

193 844 403 892 coniecit
441 842 639 907 ἐνόμιζε.

303 935 349 979 p.
385 918 506 978 268,
536 921 560 964 1
605 920 766 980 τιμαῖς
807 914 894 981 μὲν
927 915 1137 981 αὐξῆσαι
1175 917 1265 981 τὴν
1303 917 1594 982 προθυμίαν
1627 924 1723 965 τῶν
1762 915 1882 982 ἄγα-

194 995 321 1053 θῶν,
360 988 419 1050 ἃς
459 989 626 1049 αὐτοῖς
664 988 963 1055 προύξένησε
1002 989 1136 1057 παρὰ
1173 998 1261 1040 τοῦ
1300 990 1358 1040 τὰ
1396 999 1595 1040 τοιαῦτα
1634 989 1881 1055 νέμοντος.

194 1065 326 1122 Quin
379 1065 541 1113 verbis
591 1062 616 1112 ὁ
663 1063 720 1112 τὰ
774 1072 975 1114 τοιαῦτα
1028 1063 1191 1129 νέμων
1244 1067 1515 1128 imperator
1563 1065 1886 1113 Constantius

194 1139 516 1203 significetur,
557 1139 786 1187 dubitare
824 1155 924 1187 non
964 1139 1174 1187 debebat
1211 1139 1584 1188 Herwerdenus.

302 1230 348 1275 p.
385 1214 506 1274 269,
534 1215 562 1260 9
605 1210 700 1274 ὀψὲ
741 1211 793 1261 δέ
831 1230 946 1261 ποτε
986 1213 1039 1261 οἵ
1073 1213 1324 1278 δυστυχεῖς
1371 1212 1587 1262 ἱκέτευον
1636 1211 1748 1261 δέον
1787 1211 1885 1278 πρὸ

193 1294 279 1335 τοῦ
334 1286 503 1351 πυρός.
596 1287 776 1334 Miram
838 1288 960 1335 dicit
1020 1287 1468 1350 breviloquentiam
1524 1287 1885 1335 Herwerdenus

192 1363 484 1422 praesertim
535 1363 588 1408 in
635 1363 830 1409 oratore
879 1363 1000 1410 satis
1046 1362 1259 1424 prolixo,
1311 1364 1364 1409 at
1409 1377 1669 1424 perperam
1707 1363 1883 1409 vertit:

193 1437 309 1494 quia
353 1436 438 1483 hoc
482 1437 810 1483 necessarium
856 1440 960 1484 erat
1005 1439 1116 1484 aute
1161 1438 1348 1497 iquem3
1404 1433 1516 1484 δέον
1565 1438 1659 1484 est:
1715 1450 1885 1495 quam-

194 1524 339 1568 quam
384 1524 571 1556 necesse
618 1513 733 1557 erat.
810 1516 909 1574 πῦρ
958 1525 1075 1558 vero
1121 1526 1220 1558 non
1270 1513 1345 1558 est
1391 1526 1477 1557 cur
1523 1526 1634 1557 cum
1672 1510 1886 1557 Polakio

195 1598 338 1630 sensu
375 1583 712 1644 metaphorico
753 1583 941 1631 dictum
981 1599 1085 1632 esse
1117 1585 1409 1631 statuamus.
1473 1585 1605 1631 Nam
1637 1584 1888 1631 antecedit

193 1651 367 1724 προῄει
406 1654 464 1704 τὰ
503 1653 591 1720 μὲν
631 1656 806 1723 δῃῶν.

305 1747 351 1790 p.
387 1731 508 1791 269,
543 1732 608 1778 12
661 1727 727 1788 ὡς
775 1724 819 1779 δ’
872 1723 1025 1790 αὖθις
1073 1723 1198 1794 ἧκον
1245 1729 1425 1789 αὐτοὺς
1479 1728 1679 1796 ἄγοντες
1726 1729 1886 1790 ἱκέτας

195 1801 309 1862 τοὺς
363 1804 575 1867 βασιλεῖς
628 1803 710 1852 καὶ
762 1804 815 1854 τὸ
871 1811 1119 1870 σκῆπτρον
1165 1803 1351 1869 ἔχοντες
1398 1804 1467 1863 εἰς
1513 1812 1607 1869 γῆν
1655 1803 1883 1869 ἔκυπτον,

195 1875 483 1940 ἀναμνήσας
531 1884 617 1941 τῆς
667 1881 852 1942 πολλῆς
898 1878 1086 1944 ὕβρεως
1134 1905 1203 1911 -
1252 1875 1490 1926 ὠνεῖσθαι
1538 1877 1629 1942 τὴν
1678 1878 1887 1945 εἰρήνην

195 1947 392 1999 ἐκέλευε.
470 1952 614 2012 „Non
650 1951 910 2014 iutelleyo“,
953 1955 1120 2015 inquit
1157 1952 1534 2013 Herwerdenus,
1574 1968 1690 2014 „cur
1729 1954 1884 2001 adda-

195 2028 275 2072 tur
303 2022 366 2072 ,τὸ
407 2031 653 2089 σκῆπτρον
697 2025 900 2090 ἔχοντες,
938 2028 1023 2075 ubi
1062 2029 1223 2087 ayitur
1261 2027 1319 2074 de
1357 2028 1742 2086 supplicantibus
1771 2028 1887 2075 sub-

194 2100 340 2146 misso
371 2098 519 2146 vultu.
582 2101 766 2148 Melius
789 2102 1105 2161 iutelle9m⁴em
1136 2099 1187 2149 τὸ
1213 2107 1460 2164 σκῆπτρον
1485 2096 1647 2164 (obn)
1679 2099 1885 2165 ἔχοντες,

196 2173 279 2219 sed
317 2173 522 2231 fortasse
561 2174 699 2221 aliud
739 2175 855 2234 quid
895 2176 1065 2222 eoecidit
1103 2178 1190 2222 aut
1227 2174 1547 2232 depravatum
1579 2179 1647 2222 est
1677 2173 1881 2239 ἔχοντες,

199 2260 285 2305 pro
326 2260 417 2304 quo
457 2245 704 2310 ῥίπτοντες
745 2252 831 2295 aut
876 2250 1062 2308 aliquid
1107 2248 1262 2296 simile
1305 2251 1591 2307 expectatur.
1670 2249 1887 2309 Quaerat

197 2317 370 2367 aliusf‘
447 2319 515 2367 At
561 2322 816 2381 praeclara
864 2325 938 2370 est
984 2322 1073 2369 illa
1121 2323 1254 2369 inter
1299 2319 1351 2369 τὸ
1399 2327 1648 2386 σκῆπτρον
1695 2320 1888 2386 ἔχοντες

198 2395 250 2440 et
287 2391 357 2450 εἰς
395 2399 490 2457 γῆν
529 2391 737 2442 ἔκυπτον
777 2396 1038 2457 oppositio.
1115 2396 1288 2456 Neque
1327 2410 1442 2443 vero
1482 2388 1618 2443 οὗτοι
1649 2398 1762 2458 post
1800 2393 1883 2443 καὶ

199 2481 309 2513 cum
351 2466 551 2515 Reiskio
590 2484 750 2529 neque
790 2470 839 2516 οἳ
876 2472 988 2517 ante
1027 2467 1109 2517 καὶ
1148 2485 1258 2516 cum
1296 2468 1503 2516 Polakio
1547 2470 1759 2517 inserere
1799 2485 1880 2516 ne-

199 2555 328 2587 cesse
380 2539 517 2587 duco.
595 2541 729 2601 Tali-s
781 2543 1112 2591 subiectorum
1162 2544 1373 2590 mutatio
1430 2542 1563 2603 apud
1617 2542 1883 2591 Libanium

197 2613 332 2660 haud
370 2613 652 2675 infrequens
694 2617 779 2662 est.

309 2703 357 2747 p.
394 2689 515 2746 271,
542 2687 572 2734 8
614 2685 695 2735 καὶ
734 2692 833 2746 τοῖς
873 2686 1012 2738 οὔπω
1053 2689 1282 2738 σπονδῶν
1321 2688 1601 2752 τετυχηκόσι
1639 2687 1691 2738 τὸ
1731 2705 1885 2754 προσ-

200 2758 482 2822 δοκώμενον
522 2758 631 2818 δέος
671 2757 926 2825 ἡσυχάζειν
965 2756 1189 2832 παρῄνει.
1257 2762 1400 2819 Quod
1438 2762 1796 2811 Herwerdenus
1828 2763 1887 2813 τὸ·

199 2839 295 2880 τῶν
332 2831 754 2897 προσδοκωμένων
787 2833 894 2893 δέος
927 2839 1150 2897 coniecit,
1189 2836 1554 2884 intolerabilem
1586 2836 1740 2884 efficit
1769 2840 1886 2885 tau-

200 2906 452 2969 tologiam.
531 2907 636 2970 Ego
682 2907 846 2957 δεινὸν
892 2925 980 2969 pro
1021 2907 1130 2967 δέος
1169 2909 1462 2957 dubitantur
1506 2912 1755 2971 proposui,
1796 2911 1885 2958 sed
