1992 3094
636 149 977 196 PRAEFATIO
1011 150 1246 196 CRITICA
1730 153 1787 197 LI

102 289 205 338 iam
254 289 378 337 nihil
428 289 723 337 mutandum
775 293 896 353 puto
948 293 1128 340 collato
1178 293 1285 340 loco
1336 293 1587 342 simillimo
1637 298 1671 342 t.
1710 295 1786 342 m

107 364 317 425 339,10
356 360 435 411 ἐπὶ
471 366 579 421 ταῖς
617 364 903 428 μελλούσαις
940 364 1142 415 ἐλπίσιν.

215 453 261 499 p.
297 437 419 497 273,
447 438 475 483 7
517 435 769 501 κατέβαινε
809 436 897 502 μὲν
943 435 1020 488 ἐπ’
1071 438 1223 490 αὐτὸν
1269 437 1499 489 ὠκεανόν,
1576 440 1788 489 Videtur

105 510 191 561 τὸν
228 513 360 559 inter
398 509 549 560 αὐτὸν
590 514 639 558 et
678 509 895 562 ὠκεανόν
935 529 1046 561 cum
1085 514 1236 562 Asmo
1275 515 1599 562 insere-ndum.

214 602 261 647 p
297 585 513 644 273,13
546 592 644 633 τῶν
682 584 918 635 ἐναντίων
957 585 983 636 ὅ
1024 587 1223 653 στρατὸς
1261 584 1672 657 ἀντιπροσῄεσαν,
1720 585 1787 646 ὡς

105 657 168 723 δὴ
208 657 466 723 σχήσοντες
505 658 764 724 ζευγνύναι
803 659 1132 726 πειρωμένων.
1187 662 1264 709 Ad
1303 659 1615 726 πειρωμένων
1655 662 1785 725 cogi-

103 733 311 782 tandum
343 735 418 780 est
456 731 619 781 αὐτῶν
657 735 966 783 referendum
1005 735 1131 783 illud
1170 736 1232 782 ad
1271 742 1367 783 τῶν
1398 733 1647 798 ἐναντίων,
1687 750 1786 797 qua.

104 808 268 869 ellipsi
305 806 431 854 nihil
470 807 602 868 apud
639 806 903 856 Libanium
944 810 1262 871 frequentius.
1341 809 1395 857 Si
1434 808 1555 870 qujd
1592 812 1784 856 mutan·

22 925 34 934 ,
104 881 242 942 dum,
291 897 316 929 e
359 881 524 929 codice
573 882 619 929 V
651 881 984 948 πειρωμένους
1022 878 1354 945 recipiendum
1395 885 1532 931 esset.
1610 882 1788 946 Singu-

102 955 222 1004 laris
267 971 383 1003 vero
437 954 739 1021 πειρώμενον
794 973 938 1019 quem
990 957 1349 1005 Herwerdenus
1402 958 1635 1018 requirit,
1688 972 1785 1004 non

102 1029 253 1078 habet
284 1045 381 1091 quo
420 1029 678 1077 referatur

214 1120 261 1165 p.
298 1104 418 1164 281,
444 1104 473 1150 6
515 1100 785 1168 πρεσβειῶν
823 1102 914 1169 γὰρ
954 1103 1046 1153 οὐκ
1085 1101 1260 1169 ὀλίγων
1306 1101 1661 1169 ἀμφοτέρωθεν
1709 1121 1785 1168 γε-

102 1174 349 1241 νομένων,
397 1168 467 1225 ὦν
513 1177 571 1225 αἶ
604 1175 693 1241 μὲν
732 1176 924 1227 ἐκεῖθεν
969 1176 1143 1242 ἠξίουν
1181 1176 1259 1227 ἐπὶ
1298 1184 1384 1226 τοῦ
1424 1177 1665 1242 σχήματος
1704 1174 1785 1239 μέ-

101 1269 253 1300 νοντα
300 1248 454 1315 μηδὲν
501 1250 623 1319 ε’ργῳ
670 1250 818 1300 πλέον
857 1249 889 1316 ἢ
929 1251 1149 1318 πρόσθεν
1188 1251 1335 1316 ἔχειν,
1386 1251 1442 1299 αἰ
1483 1246 1530 1299 δ’
1580 1249 1784 1299 ἐνθένδε

102 1324 298 1384 πάντως
344 1325 448 1374 δεῖν
493 1323 799 1388 ἀφίστασθαι
844 1333 931 1389 τῆς
977 1333 1119 1390 τιμῆς
1165 1324 1247 1374 καὶ
1294 1323 1375 1374 διὰ
1422 1324 1620 1373 πάντων
1659 1318 1784 1372 εἶναι

103 1398 188 1450 τὸν
232 1397 482 1466 πρότερον.
560 1400 769 1449 Sensum
813 1400 1100 1448 ultimorum
1148 1400 1410 1448 verborum
1463 1399 1549 1461 qui
1595 1402 1689 1446 est:
1744 1402 1787 1445 ct

26 1487 27 1490 ’
102 1474 269 1522 debere
307 1489 414 1522 eum
461 1467 764 1541 (Iulianum)
802 1477 857 1523 in
896 1476 1117 1522 omnibus
1165 1489 1263 1522 esse
1300 1475 1516 1534 priorem
1557 1474 1585 1519 i.
1626 1487 1660 1519 e.
1702 1474 1785 1531 qui

28 1547 34 1598 Ϊ
96 1548 244 1610 prius
280 1548 443 1609 fuerit,
487 1547 684 1610 Caesar,
722 1564 820 1596 non
856 1551 1129 1608 imperator.
1169 1547 1525 1595 Herwerdenus
1557 1562 1667 1595 cum
1699 1561 1784 1606 pa-

26 1632 38 1686 g
101 1637 214 1670 rum
261 1624 511 1670 assecutus
558 1621 646 1682 sit,
703 1623 766 1670 ad
813 1623 1146 1671 coniecturam
1195 1622 1420 1684 pervenit
1470 1636 1597 1682 quae
1647 1619 1783 1666 nullo

35 1732 37 1734 -
102 1697 248 1758 pacto
294 1695 495 1758 probari
532 1698 703 1758 possit.
780 1698 910 1745 Nam
956 1697 999 1745 si
1045 1713 1155 1744 cum
1203 1711 1259 1743 eo
1302 1702 1496 1760 πρῶτον
1543 1695 1656 1741 ante
1696 1695 1786 1741 aut

26 1759 42 1821 ᾗ
101 1771 217 1831 post
253 1763 379 1818 εἶναι
418 1772 509 1818 aut
554 1773 668 1832 post
713 1769 951 1836 πρότερον
996 1771 1278 1830 inserimUS,
1325 1775 1518 1833 πρῶτον
1566 1767 1628 1814 ad
1674 1781 1781 1830 gra-

29 1901 35 1905 ·
103 1843 236 1905 dum,
274 1841 510 1908 πρότερον
550 1844 613 1891 ad
652 1847 847 1906 tempus
885 1845 1156 1893 referamus
1196 1858 1388 1891 necesse
1428 1845 1523 1905 est,
1562 1841 1613 1888 id
1653 1839 1782 1902 quod

32 1955 34 1958 ,
103 1917 187 1965 vix
226 1918 487 1979 quisquam
525 1918 824 1979 probaverit.

31 1990 38 2052 ζ
211 2007 259 2053 p.
288 1992 408 2052 288,
436 1994 463 2039 7
498 1990 682 2058 ἔφυγεν
713 1990 745 2040 ἃ
776 1990 1119 2056 κατεμέμφετο.
1182 1990 1502 2039 Scribendum
1526 2004 1636 2036 cum
1659 1987 1781 2035 Her-

102 2064 328 2113 werdeno
366 2063 587 2130 ἔφευγεν.

212 2155 260 2200 Ρ.
296 2140 416 2200 294,
444 2142 473 2187 2
514 2139 718 2199 τούτους
751 2138 812 2203 δὴ
845 2139 960 2198 τοὺς
991 2137 1269 2204 Κερβέρους
1300 2135 1380 2185 καὶ
1411 2134 1782 2197 πολυκεφάλους

27 2208 44 2284 3'
103 2210 172 2271 εἰς
212 2211 407 2272 ἰδιώτας
445 2211 649 2278 ἐξέβαλε.
710 2214 831 2262 Post
867 2212 1242 2275 πολυκεφάλους
1281 2227 1394 2259 cum
1430 2209 1629 2258 Reiskio
1662 2208 1781 2255 Her-

35 2299 42 2347 ξ
101 2286 356 2335 werdenus
395 2286 579 2351 ὕδρους
616 2288 932 2336 inserendum
971 2287 1121 2348 ducit,
1161 2287 1369 2334 fortasse
1415 2287 1579 2332 tamen
1627 2282 1782 2330 forma

29 2349 43 2425 ξ
101 2358 363 2421 feminina,
414 2377 564 2422 quam
609 2362 792 2410 Asmus
841 2362 1021 2409 collato
1067 2361 1176 2408 loco
1221 2358 1404 2407 Iuliani
1451 2373 1524 2418 ep.
1561 2358 1626 2404 23
1676 2354 1780 2402 δια-

102 2430 352 2499 πέφευγας
375 2432 465 2498 τὴν
495 2433 788 2500 τρικέφαλον
822 2435 976 2500 ὕδραν
1009 2433 1332 2493 commendat,
1360 2431 1536 2479 melius
1563 2428 1781 2477 Cerberis

34 2503 45 2563 ζ·
104 2508 376 2556 conveniet.

211 2597 259 2643 Ρ.
292 2583 512 2644 294,1Ο
542 2580 784 2631 ἐωνοῦντο
833 2579 921 2645 μὲν
966 2585 1216 2644 πευθῆνες
1262 2584 1557 2640 καταστῆναι
1602 2573 1682 2623 καὶ
1728 2573 1780 2622 τὸ

37 2661 46 2706 ,“
103 2660 263 2717 σχῆμα
300 2646 364 2718 ἦν
403 2654 657 2718 φυλάκων,
698 2654 830 2714 ὅπως
877 2652 1032 2719 μηδὲν
1069 2652 1245 2719 ἀγνοοῖ
1287 2649 1513 2716 βασιλεὺς
1558 2656 1654 2697 τῶν
1700 2642 1776 2696 ἐπ’

41 2735 45 2742 “
104 2724 254 2777 αὐτὸν
293 2726 676 2793 συντιθεμένων,
714 2728 767 2777 τὸ
808 2726 861 2777 δὲ
898 2727 1042 2793 εργον
1079 2726 1326 2790 καπήλων.
1402 2723 1654 2772 Particula
1693 2718 1781 2785 μὲν

36 2796 51 2854 ἷῒ
102 2803 218 2861 post
261 2799 504 2851 ἐωνοῦντο
551 2803 809 2865 aptissima
856 2805 930 2850 est
975 2817 1131 2863 neque
1179 2800 1239 2848 ab
1277 2796 1605 2846 Herwerdeno
1651 2795 1781 2842 inter

37 2860 49 2930 lg
103 2871 157 2922 τὸ
196 2876 245 2922 et
275 2882 434 2939 σχῆμα
472 2877 553 2923 vel
590 2879 705 2938 post
742 2883 902 2940 σχῆμα
939 2875 1197 2935 transponi
1233 2871 1457 2963 debebat.

32 2940 52 3013 ᾗ
213 2964 260 3010 Ρ.
294 2950 509 3010 295,17
552 2948 675 3008 ὅλως
714 2946 766 2998 δὲ
804 2956 901 2997 τῶν
940 2945 1180 3011 ἀφορμῶν
1219 2942 1250 3009 ἡ
1290 2942 1377 3009 μὲν
1423 2942 1475 2992 ἐν
1513 2939 1701 3003 ἀφανεῖ
1731 2956 1777 2987 τε

31 3022 56 3094 1
1456 3024 1515 3066 <1⁸
