1992 3094
335 162 341 170 ι
374 106 602 152 LIBANII
634 105 859 151 ORATIO
892 106 1137 152 CONTRA
1167 105 1424 152 IGARIUM
1454 109 1475 151 I
1716 109 1787 162 35

94 246 274 316 λίππῳ
319 244 386 296 τὰ
438 253 551 297 τῶν
595 242 780 296 ὠνίων
827 241 1112 312 γεγένηται
1169 251 1271 296 σοῦ
1325 251 1495 297 ταῦτα
1544 253 1787 313 ψηφισα-

91 332 286 403 μένου;
332 332 420 385 26.
467 334 537 384 σὺ
575 328 678 399 μὲν
717 328 822 385 οὖν
860 330 1195 400 ἆνεπείσθης
1241 332 1461 400 ἀγαθὸν
1507 329 1650 386 εἶναι
1688 334 1787 385 τὸν

91 423 278 489 κακόν,
325 420 358 473 ἃ
397 419 445 472 δ’
478 416 637 473 εἷπον
684 417 831 483 ξένοι
876 420 1023 482 τινὲς
1067 418 1255 492 πρῴην
1301 422 1550 489 ἥκοντες,
1603 422 1688 474 δεῖ
1727 436 1787 474 σε

92 516 312 578 μαθεῖν.
387 507 701 578 λεγομένων
755 509 860 578 γὰρ
915 507 1044 579 παρ’
1076 507 1209 575 ἐμοῦ
1264 508 1390 579 περὶ
1446 517 1549 562 σοῦ
1605 511 1787 578 λόγων

91 600 408 668 βελτιόνων,
448 598 581 667 ὅπερ
623 597 848 650 εἰώθειν
886 606 1087 665 ποιεῖν,
1142 596 1274 650 ἀλλ’
1305 597 1512 666 ἡμεῖς,
1551 596 1784 668 ἔφασαν,
1832 620 1851 652 5

91 686 255 757 ἐσμὲν
306 684 366 740 δὲ
421 686 829 755 ἀστυγείτονες,
885 682 952 739 σὲ
1005 683 1124 753 μὲν
1178 687 1571 755 αἰδούμεθα,
1633 689 1786 750 τοὺς

91 775 407 838 ἐπαίνους
447 774 520 828 δέ
557 789 660 828 σοι
700 776 978 838 τούτους
1017 773 1348 844 ἐξαλείφει
1388 775 1785 838 Κάλλιππος.

91 865 166 919 οὐ
214 866 330 934 γὰρ
380 863 456 917 ἂν
494 864 689 927 κακὸς
737 864 824 917 ὢν
868 865 1144 934 ἤρεσκεν
1184 863 1433 935 ἀγαθῷ,
1490 869 1669 934 εἴπερ
1708 860 1786 933 ἣν

90 952 652 1023 άγαθὸςἸκάριος.
715 953 796 1015 ὡς
842 949 912 1006 δὲ
961 952 1214 1015 ἐκεῖνος
1259 955 1478 1021 κακός,
1526 951 1785 1015 ἔδειξαν

89 1044 158 1097 αἴ
189 1062 255 1096 τε
286 1041 426 1095 καθ’
460 1041 705 1112 ἡμέραν
736 1040 977 1111 πληγαὶ
1008 1040 1115 1094 καὶ
1147 1042 1216 1095 τὸ
1248 1046 1503 1111 πλῆθος
1532 1045 1784 1094 τούτων
1809 1064 1852 1095 10

87 1132 193 1186 καὶ
231 1133 299 1185 τὸ
339 1130 622 1200 μέγεθος
650 1127 759 1183 καὶ
791 1131 860 1183 τὸ
896 1131 1002 1183 διὰ
1033 1131 1308 1184 πάντων.
1363 1131 1450 1183 27.
1481 1132 1660 1183 καίτοι
1692 1129 1782 1197 με’-

89 1241 184 1291 ρος
218 1221 223 1290 Ι
259 1239 321 1288 γε
352 1221 500 1289 παρὰ
540 1227 642 1273 σοῦ
682 1221 744 1273 τὸ
777 1230 889 1273 τῶν
921 1219 1250 1290 ἀρτοπόπων
1279 1222 1624 1289 παρειλήφει,
1662 1232 1704 1275 R
1726 1231 1872 1276 11123

89 1309 118 1363 ὁ
143 1307 191 1363 δ’
216 1309 365 1382 αὑτῷ
390 1311 456 1362 τὰ
482 1310 620 1362 ἄλλα
643 1307 901 1362 ἐδεδώκει
931 1306 1023 1361 καὶ
1045 1309 1271 1361 πάντων
1293 1304 1431 1377 ἧπτο
1457 1307 1550 1361 καὶ
1574 1309 1785 1371 πάντας

89 1398 310 1452 ἀπώλλυ
341 1400 599 1466 πλήττων
631 1399 765 1450 ἄνευ
798 1405 901 1451 νοῦ
933 1396 1024 1450 καὶ
1056 1392 1136 1450 ὧν
1164 1397 1518 1450 οὐδεπώποτε
1544 1397 1782 1450 εὐθύναι

89 1489 364 1556 γεγόνασι,
403 1494 574 1540 ταῦτα
615 1488 767 1555 ἄγων
807 1488 884 1549 εἰς
924 1487 1093 1554 λόγον
1131 1485 1222 1539 καὶ
1254 1487 1319 1539 τὰ
1349 1487 1422 1555 μὴ
1455 1486 1666 1539 δυνατὰ
1696 1505 1782 1538 κε-
1807 1507 1849 1541 15

87 1577 264 1630 λεύων
295 1574 357 1628 ἐν
376 1577 660 1646 ’γράμμασι
691 1578 824 1638 τοὺς
853 1577 1135 1644 καπήλους
1166 1574 1457 1638 ἐλάττονος
1489 1574 1779 1643 ἕκαστονῆ

84 1659 224 1733 ἦσάν
255 1685 318 1734 γε
349 1663 651 1734 ἐωνημένοι
682 1669 906 1733 πωλεῖν,
940 1664 969 1717 ὃ
1001 1666 1206 1731 μανίαν
1238 1666 1466 1733 ἄμεινον
1496 1663 1530 1732 ἢ
1565 1665 1780 1733 μωρίαν

86 1763 420 1823 προσειπεῖν.
495 1756 677 1807 καίτοι
723 1758 780 1807 εἴ
816 1773 899 1816 τις
946 1753 1117 1807 αὐτὸν
1163 1755 1366 1823 ἔροιτο·
1428 1760 1542 1805 τοῦ
1590 1753 1781 1821 χάριν

85 1842 199 1895 τὸν
230 1843 431 1896 ἄλλον
462 1845 706 1912 χρόνον
738 1847 912 1895 οἶκοι
943 1844 1394 1912 κρυπτόμενος
1425 1849 1548 1894 νῦν
1572 1839 1780 1904 ἀξιοῖς

87 1929 503 2001 ἀστράπτειν,
551 1930 725 1985 ὁπότ’
757 1933 812 1984 εἰ
850 1930 957 1985 καὶ
993 1932 1320 2001 πρότερον
1359 1928 1528 1983 τοῦτ’
1562 1931 1777 1999 ἔδρας,
1803 1952 1846 1983 20

85 2014 161 2088 ἦν
212 2033 314 2074 σοι
367 2020 594 2090 καιρὸς
646 2025 1047 2085 πεπαῦσθαι;
1101 2022 1158 2071 τί
1208 2018 1279 2072 ἂν
1332 2019 1689 2089 ἀποκρίναιτο
1744 2018 1778 2087 ἢ

85 2107 167 2160 ὅτι
206 2110 329 2162 τότε
374 2109 475 2178 μὲν
513 2110 610 2162 τὸν
649 2110 1016 2162 πιστεύσοντα
1065 2108 1167 2161 οὐκ
1206 2102 1339 2176 εἶχε,
1387 2115 1495 2160 νῦν
1535 2107 1596 2159 δὲ
1636 2101 1776 2176 εὗρε.

204 2287 229 2326 2
259 2283 312 2327 τὸ
344 2285 420 2328 IB
549 2289 574 2328 3
606 2285 767 2341 πρώην
799 2285 1019 2328 IBMoV
1148 2288 1173 2326 5
1207 2282 1358 2338 ὥσπερ
1391 2282 1493 2325 Mor
1615 2286 1638 2324 7
1673 2281 1775 2333 ἐξα-

84 2339 233 2399 λείφει
263 2344 309 2387 Ρ
337 2344 418 2387 sed
450 2359 529 2399 φει
560 2343 610 2386 in
634 2357 769 2401 marg
801 2343 895 2387 add
917 2343 988 2386 111²
1030 2345 1035 2398 Ι
1078 2341 1309 2392 κάλιππος
1340 2343 1374 2385 Ι
1379 2342 1501 2387 VaV
1633 2345 1656 2383 9
1691 2357 1775 2383 κα-

85 2400 176 2497 κέος
201 2446 285 2490 Mo
407 2450 462 2489 10
494 2445 771 2503 καθημέραν
796 2447 898 2491 BV
1014 2451 1066 2488 11
1101 2446 1181 2489 καὶ
1206 2446 1267 2502 (2)
1301 2459 1375 2488 om
1399 2445 1500 2488 Mor
1526 2445 1532 2502 Ι
1562 2445 1662 2488 διαὶ
1682 2444 1718 2488 C

86 2508 140 2548 12
187 2503 469 2560 ἀρτοπόπων
502 2507 545 2549 V
581 2506 663 2549 sed
693 2521 728 2549 π
760 2508 821 2562 (1)
863 2519 887 2549 e
918 2522 943 2548 τ
983 2519 1085 2548 corr
1106 2504 1177 2547 m²
1268 2502 1542 2558 ἀρτοκόπων
1572 2502 1675 2546 Mor
1706 2503 1772 2556 (in

83 2575 235 2620 marg:
267 2580 323 2621 γρ
340 2562 601 2619 ἀρτοκόπος
624 2562 992 2620 παραλελεῖφθη,
1025 2564 1168 2621 αὐτῷ)
1283 2568 1336 2606 13
1364 2562 1387 2607 ὃ
1407 2564 1541 2607 ΑΜο
1603 2559 1628 2605 ὅ
1648 2562 1723 2605 ΙΒ
1738 2562 1780 2604 V

89 2620 95 2680 Ι
129 2620 182 2667 δὲ
211 2622 280 2666 Re
307 2624 313 2679 ἱ
341 2624 464 2669 αὑτῶ
490 2625 536 2667 Ρ
566 2624 647 2668 sed
679 2631 713 2667 ὤ
745 2623 794 2667 in
819 2637 893 2667 ras
916 2623 987 2666 m²
1048 2623 1172 2666 αὐτῶ
1204 2622 1473 2667 BVaMoV
1494 2621 1596 2664 Mor
1657 2620 1771 2663 αὐτὸ

84 2680 122 2724 Ι
169 2683 175 2738 Ι
223 2676 360 2735 ἧττον
392 2683 477 2727 Mo
501 2682 603 2726 Mor
785 2687 840 2726 14
879 2681 990 2726 οὐδὲ
1021 2682 1206 2725 πώποτε
1240 2683 1324 2725 Mo
1413 2678 1634 2725 οὐδέποτε
1667 2679 1712 2722 Β

86 2742 139 2783 17
170 2733 289 2795 ἦσάν
313 2756 363 2797 ys
394 2742 559 2798 scripsi
584 2744 773 2786 auctore
796 2741 864 2784 Re
925 2736 1045 2796 ἦσαν
1069 2757 1119 2797 ys
1143 2742 1190 2784 Ρ
1217 2741 1299 2784 sed
1324 2758 1350 2797 y
1374 2740 1423 2783 in
1439 2751 1514 2782 ras
1538 2737 1620 2791 ω’,
1646 2738 1772 2781 BVa

142 2793 262 2855 ἦσαν
291 2799 338 2844 τὲ
370 2801 453 2844 IV
506 2795 624 2857 ἦσαν
655 2817 703 2845 τε
734 2799 903 2855 reliqui
935 2799 1045 2842 libri
1076 2799 1167 2843 edd
1199 2799 1281 2843 sed
1314 2815 1389 2854 „vs
1421 2804 1503 2842 aut
1533 2797 1771 2841 delendum

85 2862 168 2901 mt
187 2871 288 2902 cum
315 2874 366 2914 γε
387 2861 687 2904 mutandum“
712 2859 782 2904 Re
905 2863 958 2901 19
991 2858 1128 2903 ἄλλον
1153 2874 1204 2915 ys
1234 2856 1404 2915 χρόνον
1429 2858 1474 2901 Β
1596 2861 1649 2899 21
1684 2862 1770 2898 νῦν

87 2915 124 2960 Ι
174 2930 285 2960 num
316 2912 375 2974 ἦν
407 2917 500 2962 biv?

1446 2988 1504 3030 3*
