1992 3094
364 177 592 222 LIBANII
624 175 848 221 ORATIO
882 176 1127 222 CONTRA
1157 177 1414 222 ICARIUM
1443 178 1465 220 I
1704 177 1773 230 37

85 317 217 378 τοὺς
253 316 373 368 τότε
418 314 715 383 μεγάλους,
767 312 828 366 ἐν
873 321 1053 380 τιμαῖς
1100 313 1161 366 δὲ
1207 316 1434 367 ἔσεσθαι
1479 315 1609 376 τοὺς
1653 315 1777 367 τότε

86 402 493 473 ὑβριζομένους.
564 405 634 455 σὺ
675 399 737 455 δὲ
775 401 1052 472 ἑκατέροις
1089 403 1156 455 τὰ
1193 404 1446 471 πρόσθεν
1483 400 1776 470 ε’φύλαξας,

89 501 206 555 τοῖς
243 488 346 560 μὲν
383 493 445 545 τὸ
487 491 786 559 δύνασθαι,
823 499 941 553 τοῖς
980 492 1042 543 δὲ
1081 491 1114 544 ἃ
1152 493 1272 543 τότε
1312 486 1478 560 εἶχον,
1518 489 1609 544 καὶ
1647 493 1779 553 τοὺς

87 581 189 651 μὲν
237 583 523 649 λογισμοῖς
573 578 799 649 ἐφίστης
853 580 1149 648 λημμάτων
1200 578 1455 649 παρέχων
1505 579 1778 650 ἀφορμάς,

89 671 143 724 οἱ
182 665 244 722 δὲ
282 668 349 722 οὐ
386 667 725 737 δυνηθέντες
756 666 1040 722 ἐπαινέσαι
1074 670 1313 731 Κόκκον,
1351 667 1457 721 κᾶν
1487 670 1553 722 τὰ
1585 670 1778 739 ἄριστα
1826 689 1846 721 5

89 758 342 827 λέγωσιν,
399 756 803 827 ἐκβαλλόμενον
858 758 1045 819 αὑτοῖς
1100 757 1307 827 ὁρῶσιν
1359 757 1467 810 ὑπὸ
1520 765 1619 810 τοῦ
1675 764 1777 810 σοῦ

89 848 390 918 προσώπου
428 848 527 900 τὸν
559 849 742 915 λόγον.
805 846 891 898 31.
930 845 1023 899 καὶ
1053 854 1226 899 ταῦτα
1257 842 1439 899 ἆθλον
1473 847 1479 913 Ι
1518 847 1626 899 Εὐ-
1658 859 1699 902 R
1721 859 1764 902 II
1783 863 1867 902 125

91 936 311 1008 ρυβάτω
371 941 446 1008 τῷ
501 935 910 1008 πολιτευομένῳ
970 945 1083 988 τῶν
1135 937 1328 988 πόνων
1382 935 1480 998 οὓς
1535 935 1662 1005 περὶ
1714 936 1780 988 τὰ

88 1025 375 1094 γράμματα
411 1024 514 1078 τάν
550 1034 666 1087 τοῖς
703 1026 908 1094 τοίχοις
944 1027 1142 1093 ἤνεγκε
1179 1025 1246 1076 τὰ
1279 1021 1381 1093 μὲν
1412 1024 1674 1094 ἀναιρῶν,
1712 1025 1779 1077 τὰ

90 1110 152 1166 δὲ
191 1113 589 1182 ἀντεγγράφων
627 1113 695 1166 οὐ
735 1114 883 1166 πάνυ
924 1113 1283 1183 βουλομένων
1329 1123 1441 1167 τῶν
1485 1121 1656 1166 ταῦτα
1695 1133 1780 1166 κε-
1805 1133 1848 1166 10

91 1201 405 1270 λευομένων
451 1200 573 1256 οὐδ’
602 1203 705 1256 οὐκ
759 1204 939 1256 ὄντων
994 1202 1056 1256 ἐν
1101 1203 1319 1265 τούτοις
1371 1213 1543 1256 τινῶν
1589 1204 1781 1271 φόβων

0 1325 1 1332 1
89 1297 165 1364 τῷ
211 1292 688 1359 καταναγκάζοντι.
765 1292 826 1344 τὸ
879 1289 940 1344 δὲ
991 1294 1071 1344 ε”τι
1125 1295 1328 1360 μεῖζον,
1383 1291 1481 1354 οὓς
1535 1292 1782 1360 ὀφείλειν

91 1377 200 1452 ᾤου
247 1393 336 1433 σοι
385 1381 547 1450 δίκην
593 1376 672 1434 ὧν
719 1380 884 1453 ἑτέρῳ
939 1383 1288 1450 χαριζόμενοι
1336 1390 1451 1443 τοῖς
1498 1389 1616 1443 σοῖς
1662 1378 1781 1433 ἐπε-

91 1469 382 1537 βούλευον,
435 1471 668 1532 τούτους
714 1468 973 1539 ἐποίησας
1018 1472 1248 1539 κυρίους
1301 1470 1564 1523 εὐθυνῶν
1612 1473 1782 1522 πλου-

92 1559 238 1610 τίσαι
287 1557 627 1624 δυναμένων.
702 1567 818 1621 πῶς
863 1566 1035 1611 ταῦτα
1081 1559 1184 1611 οὐκ
1238 1556 1598 1626 ἀποπληξίας,
1649 1557 1783 1610 ὅταν
1807 1577 1849 1609 15

93 1644 124 1699 ὁ
162 1645 264 1714 μὲν
291 1649 639 1714 κολασθῆναι
672 1648 883 1710 δίκαιος
915 1642 976 1699 εὖ
1013 1647 1212 1717 πάσχῃ,
1250 1655 1428 1709 κακῶς
1460 1643 1521 1698 δὲ
1553 1639 1596 1718 ᾧ
1628 1647 1783 1715 χάρις

94 1733 381 1803 ὠφείλετος
421 1734 507 1787 32.
546 1743 655 1789 ποῦ
689 1736 750 1789 δὲ
782 1735 959 1790 ἐκεῖνο
991 1737 1164 1789 καλὸν
1195 1737 1343 1806 παρὰ
1371 1733 1472 1802 μὲν
1497 1733 1784 1805 Ἁρμοδίου

93 1829 195 1876 τοῦ
233 1824 501 1877 συνδίκου
539 1832 635 1893 τῆς
672 1827 879 1888 πόλεως
916 1822 1057 1894 ὑπὲρ
1108 1833 1203 1892 τῆς
1242 1826 1451 1886 πόλεως
1487 1827 1785 1892 γίγνεσθαι

96 1913 319 1981 λόγους,
359 1911 584 1966 ἀκούειν
624 1910 685 1966 δὲ
725 1914 898 1968 αὐτὸν
937 1913 1128 1984 μηδέν,
1168 1914 1306 1966 ἀλλὰ
1346 1914 1533 1966 δοκεῖν
1571 1911 1786 1965 ἐκεῖνον

217 2151 240 2189 7
267 2147 324 2190 cf.
345 2147 406 2191 ad
428 2149 497 2191 t.1
515 2152 614 2204 170,
633 2151 672 2191 8.
699 2148 793 2192 t.11
810 2153 943 2203 466,1
964 2148 1017 2191 R.
1052 2163 1134 2205 pro
1154 2147 1335 2204 Olymp.
1360 2163 1405 2203 p.
1424 2152 1495 2202 81,
1514 2152 1539 2190 9
1573 2146 1642 2189 ed.
1664 2145 1783 2189 Sieb.

97 2216 168 2262 cp.
186 2210 242 2249 49
365 2210 420 2250 10
456 2206 624 2266 [Dem]
652 2221 688 2251 c.
713 2208 916 2265 Aristog.
935 2207 956 2250 I
982 2213 1007 2262 ξ
1028 2213 1081 2250 73
1106 2223 1150 2264 p.
1172 2212 1270 2260 792,
1290 2212 1315 2250 3
1440 2211 1493 2249 18
1528 2205 1585 2249 cf.
1611 2221 1654 2261 p.
1675 2208 1784 2258 69,ss

218 2426 271 2465 19
305 2421 468 2480 αὐτὸν]
495 2421 598 2477 ἤτοι
630 2421 679 2467 σέ
712 2422 779 2467 V'·

79 2656 81 2658 ·
219 2638 244 2678 2
275 2634 333 2678 τὰ
364 2637 530 2693 scripsi
563 2650 587 2681 e
621 2638 665 2682 V
747 2637 799 2681 τὸ
830 2636 1002 2692 reliqui
1033 2635 1142 2679 libri
1175 2636 1265 2680 edd
1428 2639 1453 2678 3
1487 2632 1530 2677 δ’
1560 2634 1628 2677 Re
1656 2634 1662 2689 Ι
1688 2630 1785 2676 τότ’

106 2691 227 2738 OMo
258 2694 349 2738 edd
529 2702 554 2739 5
587 2697 677 2741 κάν
703 2697 748 2740 Β
931 2701 956 2738 6
989 2696 1149 2745 αὑτοῖς
1178 2695 1246 2738 Re
1308 2696 1466 2745 αὐτοῖς
1496 2693 1606 2736 libri
1629 2691 1731 2735 Mor

102 2753 128 2793 9
168 2750 361 2810 ἤνεγκεν
395 2754 552 2800 ΟΑΙΒ
717 2759 771 2798 10
805 2752 851 2799 δ’
878 2754 947 2797 Re
975 2757 980 2811 Ι
1010 2754 1317 2811 ἀντεγράφων
1353 2755 1390 2798 Ο
1418 2753 1500 2796 sed
1532 2769 1557 2807 γ
1590 2750 1788 2794 alterum

103 2823 318 2866 suprascr
346 2827 367 2857 s
549 2819 604 2857 12
649 2812 854 2869 ὀφείλειν
889 2815 973 2858 Mo
1013 2813 1094 2856 sed
1127 2829 1151 2857 ο
1185 2826 1239 2856 ex
1272 2829 1292 2856 ε
1325 2827 1426 2856 corr
1457 2812 1505 2855 et
1536 2829 1562 2855 ν
1602 2809 1695 2852 add
1719 2808 1790 2851 m²

162 2874 216 2912 15
246 2877 345 2922 πῶς
374 2898 430 2904 -
466 2877 519 2916 17
553 2871 772 2929 ὠφείλετο
804 2873 922 2916 citah
952 2871 1112 2915 Macar
1141 2872 1220 2915 fol.
1241 2876 1295 2914 89
1481 2875 1534 2913 15
1567 2869 1791 2926 ἄρχοντος

53 2935 55 2938 ⁴
101 2929 211 2983 post
239 2929 529 2986 ἀποπληξίας
550 2931 712 2976 Macar
754 2934 759 2988 Ι
805 2928 874 2975 ὅτ’
903 2929 962 2974 ἂν
989 2931 1075 2976 Mo
1209 2936 1261 2973 19
1295 2928 1341 2975 δ’
1362 2930 1430 2973 Re
1473 2930 1479 2987 Ι
1523 2929 1706 2982 „malim
1738 2925 1792 2970 δέ

103 2984 224 3046 (aa)
256 2989 439 3034 αὐτῶν“
469 2990 539 3034 Re
