1992 3094
379 119 608 164 LIBANII
643 119 866 165 ORATIO
899 121 980 164 DE
1013 120 1302 166 ANTIOCHI
1333 122 1538 167 UXORE
1734 124 1803 176 73

114 263 222 309 νῦν
266 252 369 322 μὲν
413 256 750 323 μιμούμενος
797 255 831 308 ἃ
878 255 1184 326 ἑδεδράκει,
1239 265 1347 311 νῦν
1393 258 1455 311 δὲ
1500 259 1590 311 καὶ
1638 259 1803 327 ὑπερ-

113 345 474 412 βαλλόμενος,
526 342 773 407 ἐκείνους
817 343 863 397 τ’
895 344 965 398 ἂν
1003 341 1173 408 αὖθις
1212 340 1322 415 εἶχε
1360 347 1426 398 τὰ
1465 349 1566 415 ὄρη
1607 350 1708 415 τήν
1745 367 1803 400 τε

113 434 278 486 πόλιν
316 432 345 485 ὁ
379 434 548 501 λιμός,
618 433 704 485 20.
745 438 876 496 ἴσως
915 432 965 487 δ’
996 433 1067 487 ἂν
1106 435 1240 487 οὐδὲ
1279 436 1371 488 διὰ
1409 436 1632 489 πάντων
1670 433 1803 505 ἧκεν

115 521 143 575 ὁ
176 521 449 584 Κάνδιδος
480 524 681 574 παίων·
722 521 828 575 ἀπὸ
860 523 964 592 γὰρ
997 530 1096 575 τοῦ
1135 524 1356 593 πρώτου
1396 524 1803 593 περιοφθέντος

114 607 284 661 αὑτὸν
322 607 392 661 ἂν
430 607 656 671 ἕκαστος
705 611 866 673 ἔσωζε
906 610 1231 678 φθάσαντος
1269 618 1368 663 τοῦ
1410 612 1660 681 δρασμοῦ
1699 614 1801 681 τὴν

114 697 313 764 αἰκίαν,
363 697 453 750 καὶ
500 692 570 765 ἧν
616 697 785 751 πάλιν
830 697 900 751 ἂν
947 691 1140 768 οἷάπερ
1187 698 1278 752 καὶ
1325 701 1595 769 πρότερον
1641 700 1673 770 ἢ
1712 702 1801 754 καὶ

112 784 192 839 ἔτι
232 787 513 854 δεινότερα
552 793 652 838 τοῦ
691 785 1022 849 καλέσοντος
1068 785 1313 850 ἐκείνους
1353 786 1442 840 ἐπὶ
1480 789 1581 856 τὴν
1620 789 1803 842 αὐτῶν

112 873 374 942 ἐργασίαν
420 875 522 927 οὐκ
568 875 741 936 ὄντος.
819 872 951 927 οὐδὲ
999 876 1101 944 γὰρ
1150 876 1314 938 αὐτὸς
1364 874 1445 929 ἔτι
1495 878 1687 940 πιστὸς
1732 877 1803 931 ἂν

113 960 182 1031 ἦν
235 962 339 1016 ἀπὸ
394 972 505 1015 τῶν
560 963 745 1016 αὐτῶν
800 965 980 1031 λόγων
1030 973 1142 1017 τῶν
1190 963 1474 1035 προτέρων
1524 963 1801 1035 ἐξεληλεγ-

112 1050 306 1120 μένων.
649 1123 651 1128 .

223 1141 309 1193 21.
344 1134 450 1211 Ἆρ’
482 1139 605 1204 ἄξιά
642 1161 738 1208 μοι
775 1142 842 1194 τὰ
879 1141 1236 1212 πεπραγμένα
1274 1142 1542 1212 μέμψεως,
1586 1141 1700 1197 ἀλλ’
1733 1144 1800 1197 οὐ

112 1233 321 1297 μᾶλλον
368 1229 657 1298 εὐφημιῶν
703 1229 794 1282 καὶ
848 1233 1149 1298 βελτιόνων
1189 1230 1221 1300 ἢ
1267 1239 1375 1284 νῦν
1422 1232 1699 1300 ῥημάτων;
1754 1234 1802 1286 εἰ

113 1318 215 1386 γάρ
256 1338 336 1381 τις
375 1317 615 1388 ἀκριβῶς
647 1317 967 1388 ἐξετάσειεν,
1008 1319 1152 1374 ὀκνῶ
1192 1317 1295 1390 μὲν
1334 1322 1526 1389 εἰπεῖν,
1567 1321 1803 1389 ἀναγκά-

115 1409 267 1474 ζομαι
315 1406 399 1474 δέ,
462 1408 548 1470 δὶς
595 1406 808 1460 σε’σωκα
863 1409 1028 1477 τήνδε
1081 1409 1184 1477 τὴν
1236 1411 1399 1462 πόλιν
1453 1408 1694 1472 ἀποδούς
1744 1429 1802 1463 τε

112 1497 239 1559 τοὺς
278 1498 596 1559 σιτοποιοὺς
636 1497 772 1567 αὐτῇ
819 1495 910 1549 καὶ
957 1498 1260 1566 κατασχών,
1310 1506 1418 1551 νῦν
1463 1495 1565 1567 μὲν
1611 1500 1801 1561 πείσας

112 1588 422 1653 κατελθεῖν,
461 1592 568 1638 νῦν
608 1585 669 1638 δὲ
708 1586 959 1649 κωλύσας
1000 1595 1218 1655 φυγεῖν.

222 1673 308 1726 22.
357 1670 751 1743 Ὑπηρέτουν
798 1675 944 1743 γάρ,
996 1678 1186 1744 φησίν,
1242 1676 1557 1745 ἄρχοντος
1604 1684 1800 1745 φωνῇ.

112 1761 145 1830 ἡ
192 1760 251 1814 δὲ
297 1757 369 1830 ἧν
421 1764 847 1832 πλημμελοῦντα
893 1784 946 1817 τι
992 1765 1118 1834 περὶ
1163 1766 1293 1827 τοὺς
1340 1765 1541 1832 ἄρτους
1588 1764 1802 1818 ἐκεῖνον

113 1856 463 1919 νουθετῆσαι.
541 1850 647 1920 ἐγὼ
689 1849 749 1905 δὲ
788 1848 939 1922 εἶχον
977 1853 1079 1922 μὲν
1117 1853 1259 1921 (ἄν)
1292 1873 1344 1905 τι
1383 1853 1474 1906 καὶ
1513 1854 1636 1921 περὶ
1676 1854 1800 1905 τού-

1847 634 1867 666 5

1826 1077 1871 1110 10

1826 1520 1868 1553 15

112 1958 210 1992 του
249 1939 448 2008 λέγειν,
494 1939 583 1993 καὶ
634 1941 706 2004 ὡς
750 1943 948 2009 μείζων
986 1938 1056 2010 ἦν
1094 1942 1127 2010 ἡ
1174 1943 1323 2011 παρὰ
1368 1949 1467 1994 τοῦ
1508 1942 1798 1994 Κανδίδου
1824 1963 1869 1995 20

112 2030 408 2098 κατηγορία
461 2037 559 2082 τοῦ
615 2031 783 2100 ἔργου
836 2029 928 2084 καὶ
981 2031 1053 2093 ὡς
1100 2030 1129 2084 ὁ
1183 2032 1451 2099 σταθμός,
1507 2030 1687 2097 ὥσπερ
1740 2028 1802 2083 ἐν

114 2114 282 2179 ε’νίοις
320 2115 558 2171 ἐλάττων
596 2126 695 2172 τοῦ
736 2118 985 2186 δέοντος,
1034 2119 1208 2181 οὕτως
1248 2117 1309 2171 ἐν
1348 2120 1534 2181 ἄλλοις
1579 2121 1800 2187 πλείων,

230 2283 254 2321 3
289 2276 335 2323 δ’
356 2296 415 2323 αν
441 2279 549 2324 οὐδὲ
574 2280 621 2322 P
640 2279 723 2323 sed
755 2282 784 2324 δ
807 2297 867 2323 αν
892 2295 916 2323 ο
948 2279 997 2322 in
1021 2293 1097 2322 ras
1121 2278 1190 2322 m²
1218 2281 1224 2335 Ι
1253 2275 1298 2322 δ’
1320 2276 1399 2337 αν]
1422 2277 1537 2323 δὲΒ
1564 2280 1570 2336 Ι
1599 2278 1799 2323 διαπαν-

113 2354 202 2380 των
236 2339 320 2382 Mo
483 2343 509 2382 5
542 2338 687 2382 αὐτὸν
721 2341 804 2383 Mo
833 2341 838 2395 Ι
868 2339 1029 2391 ἔσωζεν
1063 2337 1252 2389 ἕκαστος
1283 2339 1393 2382 BM
1417 2341 1422 2394 Ι
1451 2336 1729 2392 φθασαντος
1760 2338 1805 2380 Ρ
1886 2377 1890 2381 .

114 2396 194 2439 sed
226 2411 251 2440 σ
282 2397 330 2439 in
353 2411 430 2440 ras
453 2396 524 2440 m'
660 2402 686 2440 6
717 2398 863 2441 πάλαι
889 2399 932 2441 Α
966 2397 1048 2441 sed
1079 2415 1133 2454 γρ
1151 2396 1291 2441 πάλιν
1324 2397 1372 2439 in
1392 2411 1543 2465 marg,
1569 2398 1649 2441 BI
1668 2397 1802 2453 Bong

119 2457 122 2510 Ι
158 2472 219 2499 αν
250 2469 326 2499 0111
351 2457 395 2500 V
510 2455 845 2506 Ἱκαλέσαντος
876 2458 910 2500 Ι
935 2457 1068 2513 Bong
1095 2459 1100 2513 Ι
1130 2457 1283 2501 αὐτῶν
1315 2456 1480 2512 scripsi
1505 2469 1528 2499 e
1556 2457 1599 2499 V
1653 2454 1800 2511 αὐτὴν

113 2513 282 2570 reliqui
312 2514 422 2559 libri
455 2515 546 2558 edd
608 2516 762 2560 αὑτῶν
794 2515 898 2559 coni
930 2515 998 2559 Re
1127 2519 1152 2557 9
1187 2514 1544 2572 ἐξεληλεγμένων
1577 2514 1741 2570 scripsi
1774 2527 1800 2558 e

113 2572 375 2630 BVcoll.p
381 2578 472 2627 ,58,
485 2579 537 2618 11
565 2576 661 2618 ett.
672 2574 715 2618 H
733 2578 832 2628 145,
845 2579 899 2617 10
977 2532 1311 2631 ἐξειλεγμένων
1323 2574 1361 2618 G
1382 2575 1447 2630 (et
1470 2575 1606 2618 Patm
1638 2574 1719 2616 sed
1743 2590 1799 2630 γρ

115 2589 469 2690 ἐξεληλεγμένων
500 2633 551 2677 in
581 2648 716 2690 marg
746 2633 833 2690 1112)
926 2632 1231 2689 ἐξηλεγμενων
1264 2634 1496 2677 APVaM
1526 2633 1606 2676 sed
1638 2632 1688 2675 in
1711 2632 1800 2675 hoc

114 2649 469 2749 ἐξεληλεγμένων
508 2692 558 2735 in
588 2706 724 2750 marg
752 2691 836 2747 m²‚
879 2693 1003 2737 UMo
1035 2691 1126 2735 edd
1271 2697 1323 2735 11
1362 2688 1454 2746 ἆρα
1485 2707 1563 2747 μοι
1595 2690 1703 2743 ἄξια
1727 2691 1761 2734 Ι
1790 2692 1795 2746 Ι

115 2764 203 2803 μου
229 2752 313 2795 Mo
436 2756 490 2795 14
513 2751 651 2807 τήνδε
676 2766 751 2795 om
767 2752 937 2796 PVaB
1059 2756 1114 2794 15
1138 2751 1218 2795 καὶ
1243 2758 1328 2796 νῦν
1348 2753 1432 2795 Mo
1555 2754 1607 2793 16
1633 2757 1800 2806 φυγεῖν

114 2808 159 2851 Ρ
188 2809 270 2852 sed
294 2826 329 2876 φ
353 2809 403 2852 in
425 2824 501 2853 ras
526 2811 595 2854 111⁴
718 2815 770 2853 17
805 2809 968 2865 φωνήν
995 2811 1038 2853 V
1155 2814 1209 2853 18
1239 2813 1557 2883 πλημελοῦντα
1582 2810 1740 2853 PIMo

116 2870 168 2909 19
201 2866 261 2911 ἄν
292 2867 467 2912 inserui
493 2871 501 2925 Ι
528 2868 684 2925 μέντοι
710 2871 772 2914 Μ
791 2870 923 2925 Bong
951 2869 957 2926 Ι
984 2875 1066 2912 τοῦ
1098 2869 1129 2911 Ι
1248 2874 1303 2912 20
1320 2866 1499 2942 μείζων
1527 2863 1584 2924 ἦν
1614 2867 1637 2923 ἡ
1670 2867 1799 2922 παρὰ

113 2925 159 2967 Ρ
187 2925 267 2969 sed
296 2929 481 2983 praeter
512 2926 585 2984 μεί
614 2928 663 2971 in
687 2942 763 2971 ras
789 2933 867 2972 5-
878 2933 902 2970 6
935 2927 1015 2971 litt
1037 2927 1108 2970 111⁸
1228 2933 1284 2971 22
1317 2925 1377 2971 ἂν
1411 2930 1494 2972 Mo
