1992 3094
876 725 1064 779 XLIV.

231 831 560 882 Oratiuncula
597 832 681 892 εἰς
713 832 1061 882 Εὐστάθιον
1099 834 1199 884 τὸν
1230 837 1395 901 Κᾶρα
1430 837 1671 885 incertum
1714 854 1810 900 quo

119 910 340 970 tempore
387 908 666 970 conscripta
678 902 718 975 ¹)
761 924 859 970 qua
898 908 1135 956 Libanius
1175 909 1492 958 Eustathium
1536 910 1709 959 Carem
1755 915 1812 960 ut

13 971 28 1009 ⁹³
119 983 366 1030 rhetorem
412 982 596 1030 bonum
634 984 893 1044 virumque
943 982 1206 1031 amabilem
1252 983 1499 1045 laudavit,
1546 1001 1644 1033 non
1690 982 1811 1034 ‘cor-

24 1077 26 1081 ·
119 1051 274 1119 poris'
312 1056 492 1104 finibus
540 1057 912 1119 circumscripta
957 1057 1142 1105 mansit
1188 1057 1271 1105 sed
1319 1059 1469 1106 etiam
1515 1060 1569 1106 in
1615 1060 1810 1122 eclogas

119 1130 328 1179 maiores
384 1131 611 1192 quamvis
651 1138 851 1193 'paucas
911 1133 1111 1193 recepta
1173 1133 1259 1179 est.
1351 1132 1597 1181 Numerus
1658 1134 1813 1197 igitur

19 1212 35 1259 :3
121 1204 344 1253 codicum
384 1204 562 1266 quibus
603 1204 666 1253 ad
704 1207 926 1254 nostram
965 1207 1179 1253 aetatem
1210 1208 1436 1268 pervenit
1466 1207 1615 1268 paulo
1655 1208 1813 1255 maior

28 1279 30 1282 ’
121 1281 196 1327 est
243 1293 392 1340 quam
437 1280 491 1326 in
537 1279 847 1327 orationibus
894 1295 1020 1342 quae
1074 1280 1371 1328 antecedunt
1423 1283 1472 1327 et
1525 1284 1810 1342 sequuntur.

29 2099 45 2169 :aa-
28 1911 45 2078 :qast-vm-
25 1858 44 1898 ’.ι-ὸ
25 1746 42 1841 ψωμῷ,
28 1693 41 1731 .-,
27 1605 39 1662 «ιτ
28 1518 42 1589 -.·-.-
23 1474 34 1479 ’-

50 2582 54 2589 -
36 2528 51 2541 ι’.
26 2170 53 2511 .Μὶ“,ψ“ἆὶῧίῗὲν“ι-ὂξ-

122 1351 248 1401 Sunt
286 1355 453 1401 autem
490 1353 544 1399 hi
587 1356 611 1400 1
625 1355 676 1401 7:

238 1428 281 1474 1.
339 1425 659 1475 Ghisianus
699 1427 743 1474 R
767 1427 839 1475 VI
864 1429 932 1476 43
987 1421 1081 1495 (=
1116 1421 1178 1494 G)
1225 1443 1348 1476 saec.
1382 1427 1498 1475 XIV
1547 1428 1631 1476 fol.
1666 1429 1810 1476 301*.

122 1500 247 1548 Vide
286 1503 321 1548 t.
354 1500 380 1548 I
410 1518 457 1563 p.
487 1503 555 1549 10
573 1517 643 1563 sq.
685 1503 735 1550 et
774 1517 926 1564 supra
963 1519 1010 1564 p.
1047 1503 1166 1550 164.
1244 1501 1456 1549 Contuli.
1657 1528 1660 1531 s

234 1576 280 1622 2.
335 1575 711 1624 Monacensis
751 1593 830 1639 gr.
868 1577 974 1624 483
1027 1577 1142 1624 olim
1192 1575 1574 1639 Augustanus
1615 1570 1708 1642 (=
1741 1570 1810 1642 A)

122 1664 245 1698 saec.
269 1649 313 1697 X
346 1650 430 1697 fol.
459 1651 579 1698 196.
656 1649 782 1697 Vide
814 1652 849 1697 t.
878 1650 904 1698 I
934 1667 981 1712 p.
1011 1652 1075 1698 15
1092 1666 1164 1711 sq.
1242 1649 1456 1697 Contuli.

234 1725 280 1771 3.
331 1722 664 1773 Vaticanus
702 1724 1021 1772 Palatinus
1061 1742 1138 1788 gr.
1168 1724 1271 1771 282
1315 1716 1408 1789 (=
1435 1717 1497 1789 P)
1539 1739 1661 1771 saec.
1694 1723 1811 1770 XIV

122 1798 205 1846 fol.
235 1799 378 1845 142³&
456 1798 582 1846 Vide
620 1800 657 1846 t.
683 1798 708 1845 I
738 1815 784 1860 p.
814 1799 883 1846 20
896 1813 966 1861 sq.
1046 1797 1260 1846 Contuli.

233 1873 280 1918 4.
330 1870 886 1920 Cheltenhamensis
930 1873 1106 1921 10618
1149 1866 1637 1935 saec.XV11sXV111
1674 1871 1808 1919 fol.9

122 1960 152 1993 a
189 1944 446 1994 Leonardo
477 1946 660 1994 Adami
692 1962 717 1994 e
749 1946 980 1994 Palatino
1015 1947 1342 2007 transcriptus
1375 1961 1485 1992 cum
1515 1944 1811 1992 lectionibus

121 2020 274 2067 variis
312 2020 493 2069 codicis
533 2019 858 2069 Ottoboniani
901 2021 967 2068 69
1010 2022 1060 2068 et
1097 2019 1320 2067 versione
1362 2019 1520 2066 latina
1561 2011 1667 2084 (fol.
1704 2011 1809 2085 10).

121 2091 248 2141 Vide
285 2095 321 2141 t.
360 2093 387 2141 Ι
423 2111 471 2156 p.
507 2095 612 2142 282
639 2110 710 2157 sq.
809 2094 1007 2157 Inspexi
1069 2094 1312 2155 simulque
1374 2093 1607 2140 lectiones
1670 2089 1811 2140 Otto-

125 2166 325 2215 boniam‘
365 2169 611 2230 exscripsi.

235 2243 281 2289 5.
343 2242 814 2291 Ambrosianus
869 2242 894 2289 I
934 2243 1001 2289 49
1059 2255 1164 2303 sup.
1214 2241 1425 2302 scriptus
1481 2254 1610 2287 anno
1669 2240 1808 2287 1488

123 2329 153 2362 a
190 2315 431 2364 Michaele
473 2315 702 2365 Suliardo
742 2316 827 2364 fol.
863 2317 945 2364 54.
1022 2314 1149 2362 Vide
1187 2316 1222 2361 t.
1256 2314 1279 2360 Ι
1318 2330 1363 2375 p.
1393 2314 1496 2360 363
1516 2328 1588 2374 sq.

236 2390 281 2437 6.
322 2389 636 2438 Parisinus
676 2407 754 2453 gr.
791 2382 987 2455 30172)
1030 2403 1152 2436 saec.
1186 2387 1277 2434 XV
1316 2388 1400 2436 fol.
1435 2388 1502 2434 65
1545 2403 1601 2433 ex
1641 2385 1810 2434 eodem
1898 2384 1914 2390 ‘⁴

243 2547 285 2601 1)
317 2544 456 2588 Haud
494 2545 669 2589 iniuria
699 2544 917 2589 Reiskius
948 2559 993 2600 p.
1020 2549 1104 2587 432
1137 2541 1487 2599 Bongiovannio
1519 2556 1563 2597 p.
1590 2545 1675 2583 250
1708 2554 1811 2583 eam

33 2613 35 2617 ’
123 2603 310 2648 initium
341 2609 521 2649 tantum
551 2605 686 2662 eloyii
710 2603 886 2648 dicenti
918 2603 1160 2647 oblocutus
1185 2604 1257 2646 est
1279 2614 1429 2657 neque
1460 2614 1488 2644 a
1519 2600 1614 2644 veri
1646 2599 1811 2643 simili-

38 2656 70 2669 ”
122 2661 285 2706 tudine
325 2663 546 2707 abhorret
582 2664 709 2720 quod
749 2676 852 2706 eam
891 2661 1206 2718 prolusionem
1244 2660 1304 2702 ad
1336 2660 1572 2715 quandam
1604 2658 1810 2703 scholam

36 2785 39 2788 .
126 2719 195 2764 vel
225 2720 471 2766 lectionem
505 2722 650 2767 fuisse
682 2722 893 2766 coniecit.

243 2785 286 2838 2)
331 2781 465 2825 Alter
511 2782 656 2826 codex
701 2781 998 2825 Parisinus
1041 2793 1114 2837 gr.
1151 2782 1264 2822 1000
1307 2776 1385 2821 fol.
1422 2782 1505 2820 173
1552 2790 1644 2820 non
1690 2776 1810 2820 hanc

38 2852 39 2856 ¹
125 2839 486 2895 oratiunculam,
534 2841 615 2884 sed
662 2839 914 2896 epistulam
954 2843 1036 2882 551
1080 2833 1332 2896 Εὐσταθίῳ
1374 2836 1647 2892 inscriptam
1689 2835 1812 2878 inter

125 2897 358 2942 orationes
390 2899 593 2944 exhibet.
656 2898 722 2943 of.
747 2901 782 2943 t.
805 2899 826 2941 I
850 2914 894 2954 p.
915 2901 1012 2940 280.
