<?xml version="1.0" encoding="UTF-8"?>
<!DOCTYPE html PUBLIC "-//W3C//DTD XHTML 1.0 Transitional//EN"
    "http://www.w3.org/TR/xhtml1/DTD/xhtml1-transitional.dtd">
<html xmlns="http://www.w3.org/1999/xhtml" xml:lang="en" lang="en">
 <head>
  <title>
</title>
<meta http-equiv="Content-Type" content="text/html;charset=utf-8" />
  <meta name='ocr-system' content='tesseract 3.04.00' />
  <meta name='ocr-capabilities' content='ocr_page ocr_carea ocr_par ocr_line ocrx_word'/>
</head>
<body>
  <div class='ocr_page' id='page_1' title='image "./operarecensuitri03libauoft_0533.png"; bbox 0 0 1992 3094; ppageno 0'>
   <div class='ocr_carea' id='block_1_1' title="bbox 260 84 1839 140">
    <p class='ocr_par' dir='ltr' id='par_1_1' title="bbox 260 84 1839 140">
     <span class='ocr_line' id='line_1_1' title="bbox 260 84 1839 140; baseline 0.001 -10"><span class='ocrx_word' id='word_1_1' title='bbox 260 84 488 130; x_wconf 85' lang='lat' dir='ltr'><strong>LIBANH</strong></span> <span class='ocrx_word' id='word_1_2' title='bbox 520 84 744 129; x_wconf 84' lang='lat' dir='ltr'><strong>ORATIO</strong></span> <span class='ocrx_word' id='word_1_3' title='bbox 775 85 859 129; x_wconf 90' lang='lat' dir='ltr'><em>AD</em></span> <span class='ocrx_word' id='word_1_4' title='bbox 892 84 1288 130; x_wconf 88' lang='lat' dir='ltr'>THEODOSIUM</span> <span class='ocrx_word' id='word_1_5' title='bbox 1319 86 1438 130; x_wconf 88' lang='lat' dir='ltr'><em>PRO</em></span> <span class='ocrx_word' id='word_1_6' title='bbox 1471 85 1666 130; x_wconf 85' lang='lat' dir='ltr'>CURIIS</span> <span class='ocrx_word' id='word_1_7' title='bbox 1729 87 1839 140; x_wconf 85' lang='lat'><em>463</em></span> 
     </span>
    </p>
   </div>
   <div class='ocr_carea' id='block_1_2' title="bbox 145 215 1932 2335">
    <p class='ocr_par' dir='ltr' id='par_1_2' title="bbox 145 215 1932 2335">
     <span class='ocr_line' id='line_1_2' title="bbox 146 215 1840 292; baseline 0.001 -18"><span class='ocrx_word' id='word_1_8' title='bbox 146 223 309 292; x_wconf 77' lang='grc' dir='ltr'><em>αἰτίᾳ.</em></span> <span class='ocrx_word' id='word_1_9' title='bbox 393 221 524 274; x_wconf 81' lang='grc' dir='ltr'><em>οὐδὲ</em></span> <span class='ocrx_word' id='word_1_10' title='bbox 570 222 674 291; x_wconf 83' lang='grc' dir='ltr'><em>γὰρ</em></span> <span class='ocrx_word' id='word_1_11' title='bbox 722 223 794 290; x_wconf 82' lang='grc' dir='ltr'><em>ἥν</em></span> <span class='ocrx_word' id='word_1_12' title='bbox 838 241 922 284; x_wconf 91' lang='grc' dir='ltr'><em>τις</em></span> <span class='ocrx_word' id='word_1_13' title='bbox 969 221 1270 292; x_wconf 80' lang='grc' dir='ltr'><em>ἀρρωστῶν</em></span> <span class='ocrx_word' id='word_1_14' title='bbox 1321 222 1486 290; x_wconf 84' lang='grc' dir='ltr'><em>δῆλος</em></span> <span class='ocrx_word' id='word_1_15' title='bbox 1535 215 1570 291; x_wconf 80' lang='grc' dir='ltr'><em>ᾗ</em></span> <span class='ocrx_word' id='word_1_16' title='bbox 1624 223 1840 286; x_wconf 77' lang='grc' dir='ltr'><em>πάντως</em></span> 
     </span>
     <span class='ocr_line' id='line_1_3' title="bbox 146 307 1840 381; baseline 0.001 -17"><span class='ocrx_word' id='word_1_17' title='bbox 146 308 453 378; x_wconf 78' lang='grc' dir='ltr'><em>τεθνήξων,</em></span> <span class='ocrx_word' id='word_1_18' title='bbox 501 309 775 377; x_wconf 80' lang='grc' dir='ltr'><em>ἀμελεῖται</em></span> <span class='ocrx_word' id='word_1_19' title='bbox 822 307 925 380; x_wconf 73' lang='grc' dir='ltr'><em>μὲν</em></span> <span class='ocrx_word' id='word_1_20' title='bbox 970 310 1079 364; x_wconf 86' lang='grc' dir='ltr'><em>ὑπὸ</em></span> <span class='ocrx_word' id='word_1_21' title='bbox 1128 319 1241 364; x_wconf 83' lang='grc' dir='ltr'><em>τῶν</em></span> <span class='ocrx_word' id='word_1_22' title='bbox 1289 312 1515 381; x_wconf 78' lang='grc' dir='ltr'><strong><em>ἰατρῶν,</em></strong></span> <span class='ocrx_word' id='word_1_23' title='bbox 1564 310 1840 378; x_wconf 76' lang='grc' dir='ltr'><em>ἀμελεῖται</em></span> 
     </span>
     <span class='ocr_line' id='line_1_4' title="bbox 147 397 1841 470; baseline 0.001 -18"><span class='ocrx_word' id='word_1_24' title='bbox 147 397 208 453; x_wconf 77' lang='grc' dir='ltr'><em>δὲ</em></span> <span class='ocrx_word' id='word_1_25' title='bbox 253 399 361 452; x_wconf 84' lang='grc' dir='ltr'><em>ὑπὸ</em></span> <span class='ocrx_word' id='word_1_26' title='bbox 408 408 522 452; x_wconf 87' lang='grc' dir='ltr'><em>τῶν</em></span> <span class='ocrx_word' id='word_1_27' title='bbox 567 400 812 467; x_wconf 77' lang='grc' dir='ltr'><em>οἰκείων,</em></span> <span class='ocrx_word' id='word_1_28' title='bbox 868 399 1005 452; x_wconf 76' lang='grc' dir='ltr'><em>ἀλλὰ</em></span> <span class='ocrx_word' id='word_1_29' title='bbox 1050 398 1139 452; x_wconf 86' lang='grc' dir='ltr'><em>καὶ</em></span> <span class='ocrx_word' id='word_1_30' title='bbox 1187 402 1353 452; x_wconf 93' lang='grc' dir='ltr'><em>πόνοι</em></span> <span class='ocrx_word' id='word_1_31' title='bbox 1406 398 1497 453; x_wconf 87' lang='grc' dir='ltr'><em>καὶ</em></span> <span class='ocrx_word' id='word_1_32' title='bbox 1546 401 1841 470; x_wconf 79' lang='grc' dir='ltr'><em>φροντίδες</em></span> 
     </span>
     <span class='ocr_line' id='line_1_5' title="bbox 145 486 1840 559; baseline 0 -18"><span class='ocrx_word' id='word_1_33' title='bbox 145 487 237 542; x_wconf 87' lang='grc' dir='ltr'><em>καὶ</em></span> <span class='ocrx_word' id='word_1_34' title='bbox 277 487 579 557; x_wconf 80' lang='grc' dir='ltr'><em>ἀγρυπνίαι</em></span> <span class='ocrx_word' id='word_1_35' title='bbox 619 489 709 541; x_wconf 83' lang='grc' dir='ltr'><em>καὶ</em></span> <span class='ocrx_word' id='word_1_36' title='bbox 751 488 1027 559; x_wconf 77' lang='grc' dir='ltr'><em>φάρμακα,</em></span> <span class='ocrx_word' id='word_1_37' title='bbox 1067 486 1157 541; x_wconf 88' lang='grc' dir='ltr'><em>καὶ</em></span> <span class='ocrx_word' id='word_1_38' title='bbox 1198 489 1270 551; x_wconf 81' lang='grc' dir='ltr'><em>ὡς</em></span> <span class='ocrx_word' id='word_1_39' title='bbox 1305 488 1407 555; x_wconf 84' lang='grc' dir='ltr'><em>μὲν</em></span> <span class='ocrx_word' id='word_1_40' title='bbox 1447 489 1677 557; x_wconf 79' lang='grc' dir='ltr'><em>οὐδεμία</em></span> <span class='ocrx_word' id='word_1_41' title='bbox 1716 489 1840 541; x_wconf 90' lang='grc' dir='ltr'><em>τού-</em></span> 
     </span>
     <span class='ocr_line' id='line_1_6' title="bbox 145 574 1907 648; baseline 0.002 -18"><span class='ocrx_word' id='word_1_42' title='bbox 145 597 257 630; x_wconf 87' lang='grc' dir='ltr'><em>των</em></span> <span class='ocrx_word' id='word_1_43' title='bbox 303 579 517 645; x_wconf 84' lang='grc' dir='ltr'><em>ὄνησις,</em></span> <span class='ocrx_word' id='word_1_44' title='bbox 565 579 858 645; x_wconf 77' lang='grc' dir='ltr'><em>ἔγνωσται,</em></span> <span class='ocrx_word' id='word_1_45' title='bbox 912 585 1024 630; x_wconf 85' lang='grc' dir='ltr'><em>πᾶν</em></span> <span class='ocrx_word' id='word_1_46' title='bbox 1072 574 1132 630; x_wconf 74' lang='grc' dir='ltr'><em>δὲ</em></span> <span class='ocrx_word' id='word_1_47' title='bbox 1181 577 1316 630; x_wconf 83' lang='grc' dir='ltr'><em>ὅσον</em></span> <span class='ocrx_word' id='word_1_48' title='bbox 1370 575 1526 640; x_wconf 79' lang='grc' dir='ltr'><em>ἄξιον</em></span> <span class='ocrx_word' id='word_1_49' title='bbox 1579 579 1686 648; x_wconf 92' lang='grc' dir='ltr'><em>πρὸ</em></span> <span class='ocrx_word' id='word_1_50' title='bbox 1740 585 1840 630; x_wconf 82' lang='grc' dir='ltr'><em>τοῦ</em></span> <span class='ocrx_word' id='word_1_51' title='bbox 1888 600 1907 633; x_wconf 87' lang='lat'><strong>5</strong></span> 
     </span>
     <span class='ocr_line' id='line_1_7' title="bbox 145 664 1838 735; baseline 0.001 -17"><span class='ocrx_word' id='word_1_52' title='bbox 145 666 398 719; x_wconf 79' lang='grc' dir='ltr'><em>θανάτου</em></span> <span class='ocrx_word' id='word_1_53' title='bbox 429 665 745 735; x_wconf 87' lang='grc' dir='ltr'><em>πέπρακται.</em></span> <span class='ocrx_word' id='word_1_54' title='bbox 823 666 908 718; x_wconf 81' lang='grc'><em>23.</em></span> <span class='ocrx_word' id='word_1_55' title='bbox 958 666 1175 735; x_wconf 85' lang='grc' dir='ltr'><em>ὁρῶμεν</em></span> <span class='ocrx_word' id='word_1_56' title='bbox 1207 665 1271 718; x_wconf 90' lang='grc' dir='ltr'><em>δέ</em></span> <span class='ocrx_word' id='word_1_57' title='bbox 1299 686 1385 735; x_wconf 88' lang='grc' dir='ltr'><em>τοι</em></span> <span class='ocrx_word' id='word_1_58' title='bbox 1417 664 1509 719; x_wconf 84' lang='grc' dir='ltr'><em>καὶ</em></span> <span class='ocrx_word' id='word_1_59' title='bbox 1549 668 1644 729; x_wconf 79' lang='grc' dir='ltr'><em>τὰς</em></span> <span class='ocrx_word' id='word_1_60' title='bbox 1675 665 1838 720; x_wconf 78' lang='grc' dir='ltr'><em>ἀσθε-</em></span> 
     </span>
     <span class='ocr_line' id='line_1_8' title="bbox 146 753 1843 824; baseline 0.001 -17"><span class='ocrx_word' id='word_1_61' title='bbox 146 753 405 823; x_wconf 87' lang='grc' dir='ltr'><em>νεστέρας</em></span> <span class='ocrx_word' id='word_1_62' title='bbox 457 763 570 807; x_wconf 84' lang='grc' dir='ltr'><em>τῶν</em></span> <span class='ocrx_word' id='word_1_63' title='bbox 623 757 841 808; x_wconf 92' lang='grc' dir='ltr'><em>πόλεων</em></span> <span class='ocrx_word' id='word_1_64' title='bbox 893 755 1231 824; x_wconf 84' lang='grc' dir='ltr'><em>τειχιζούσας</em></span> <span class='ocrx_word' id='word_1_65' title='bbox 1285 754 1480 818; x_wconf 79' lang='grc' dir='ltr'><em>ἑαυτὰς</em></span> <span class='ocrx_word' id='word_1_66' title='bbox 1529 754 1620 808; x_wconf 85' lang='grc' dir='ltr'><em>καὶ</em></span> <span class='ocrx_word' id='word_1_67' title='bbox 1671 764 1843 809; x_wconf 86' lang='grc' dir='ltr'><em>ταῦτα</em></span> 
     </span>
     <span class='ocr_line' id='line_1_9' title="bbox 147 842 1842 913; baseline 0.001 -17"><span class='ocrx_word' id='word_1_68' title='bbox 147 842 523 911; x_wconf 78' lang='grc' dir='ltr'><em>ἐπισταμένας,</em></span> <span class='ocrx_word' id='word_1_69' title='bbox 564 843 648 896; x_wconf 82' lang='grc' dir='ltr'><em>ὅτι</em></span> <span class='ocrx_word' id='word_1_70' title='bbox 684 853 796 897; x_wconf 83' lang='grc' dir='ltr'><em>τῶν</em></span> <span class='ocrx_word' id='word_1_71' title='bbox 826 847 1038 913; x_wconf 84' lang='grc' dir='ltr'><em>μᾶλλον</em></span> <span class='ocrx_word' id='word_1_72' title='bbox 1072 846 1381 913; x_wconf 82' lang='grc' dir='ltr'><em>ἰσχυόντων</em></span> <span class='ocrx_word' id='word_1_73' title='bbox 1413 843 1528 897; x_wconf 78' lang='grc' dir='ltr'><em>ἐστὶ</em></span> <span class='ocrx_word' id='word_1_74' title='bbox 1559 845 1621 897; x_wconf 91' lang='grc' dir='ltr'><em>τὸ</em></span> <span class='ocrx_word' id='word_1_75' title='bbox 1653 853 1842 913; x_wconf 84' lang='grc' dir='ltr'><em>πρῶτα</em></span> 
     </span>
     <span class='ocr_line' id='line_1_10' title="bbox 146 928 1840 1003; baseline 0.001 -19"><span class='ocrx_word' id='word_1_76' title='bbox 146 933 212 985; x_wconf 81' lang='grc' dir='ltr'><em>τὰ</em></span> <span class='ocrx_word' id='word_1_77' title='bbox 243 935 392 1001; x_wconf 88' lang='grc' dir='ltr'><em>τείχη</em></span> <span class='ocrx_word' id='word_1_78' title='bbox 425 941 788 1000; x_wconf 80' lang='grc' dir='ltr'><em>κατενεγκεῖν.</em></span> <span class='ocrx_word' id='word_1_79' title='bbox 858 928 964 1002; x_wconf 78' lang='grc' dir='ltr'><em>ἆρα</em></span> <span class='ocrx_word' id='word_1_80' title='bbox 1003 934 1095 985; x_wconf 78' lang='grc' dir='ltr'><em>διὰ</em></span> <span class='ocrx_word' id='word_1_81' title='bbox 1127 941 1292 986; x_wconf 88' lang='grc' dir='ltr'><em>τοῦτο</em></span> <span class='ocrx_word' id='word_1_82' title='bbox 1327 936 1491 998; x_wconf 80' lang='grc' dir='ltr'><em>ζῶσιν</em></span> <span class='ocrx_word' id='word_1_83' title='bbox 1523 933 1840 1003; x_wconf 83' lang='grc' dir='ltr'><em>ἀτείχιστοι;</em></span> 
     </span>
     <span class='ocr_line' id='line_1_11' title="bbox 145 1019 1909 1092; baseline 0.002 -19"><span class='ocrx_word' id='word_1_84' title='bbox 145 1023 203 1073; x_wconf 89' lang='grc' dir='ltr'><em>τί</em></span> <span class='ocrx_word' id='word_1_85' title='bbox 246 1019 294 1072; x_wconf 85' lang='grc' dir='ltr'><em>δ’</em></span> <span class='ocrx_word' id='word_1_86' title='bbox 343 1022 395 1073; x_wconf 84' lang='grc' dir='ltr'><em>οὶ</em></span> <span class='ocrx_word' id='word_1_87' title='bbox 442 1030 553 1074; x_wconf 82' lang='grc' dir='ltr'><em>τῶν</em></span> <span class='ocrx_word' id='word_1_88' title='bbox 600 1021 960 1091; x_wconf 77' lang='grc' dir='ltr'><em>ἀφυεστέρων</em></span> <span class='ocrx_word' id='word_1_89' title='bbox 1004 1021 1232 1092; x_wconf 83' lang='grc' dir='ltr'><em>πατέρες</em></span> <span class='ocrx_word' id='word_1_90' title='bbox 1284 1020 1409 1091; x_wconf 85' lang='grc' dir='ltr'><em>οὐχὶ</em></span> <span class='ocrx_word' id='word_1_91' title='bbox 1463 1021 1554 1075; x_wconf 83' lang='grc' dir='ltr'><em>καὶ</em></span> <span class='ocrx_word' id='word_1_92' title='bbox 1608 1023 1841 1086; x_wconf 80' lang='grc' dir='ltr'><em>τούτους</em></span> <span class='ocrx_word' id='word_1_93' title='bbox 1867 1044 1909 1076; x_wconf 90' lang='lat'><em>10</em></span> 
     </span>
     <span class='ocr_line' id='line_1_12' title="bbox 147 1102 1844 1180; baseline 0.001 -18"><span class='ocrx_word' id='word_1_94' title='bbox 147 1108 208 1162; x_wconf 79' lang='grc' dir='ltr'><em>ἐν</em></span> <span class='ocrx_word' id='word_1_95' title='bbox 255 1102 339 1172; x_wconf 82' lang='grc' dir='ltr'><em>οἷς</em></span> <span class='ocrx_word' id='word_1_96' title='bbox 386 1110 488 1162; x_wconf 77' lang='grc' dir='ltr'><em>οὔκ</em></span> <span class='ocrx_word' id='word_1_97' title='bbox 532 1111 676 1164; x_wconf 87' lang='grc' dir='ltr'><em>εἰσιν</em></span> <span class='ocrx_word' id='word_1_98' title='bbox 721 1109 961 1179; x_wconf 81' lang='grc' dir='ltr'><em>ἐλπίδες,</em></span> <span class='ocrx_word' id='word_1_99' title='bbox 1007 1110 1320 1180; x_wconf 83' lang='grc' dir='ltr'><em>πέμπουσιν</em></span> <span class='ocrx_word' id='word_1_100' title='bbox 1367 1113 1446 1174; x_wconf 88' lang='grc' dir='ltr'><em>εἰς</em></span> <span class='ocrx_word' id='word_1_101' title='bbox 1493 1112 1844 1165; x_wconf 80' lang='grc' dir='ltr'><em>διδασκάλων</em></span> 
     </span>
     <span class='ocr_line' id='line_1_13' title="bbox 148 1197 1843 1269; baseline 0.002 -18"><span class='ocrx_word' id='word_1_102' title='bbox 148 1199 430 1261; x_wconf 84' lang='grc' dir='ltr'><em>δώσοντας</em></span> <span class='ocrx_word' id='word_1_103' title='bbox 475 1199 577 1267; x_wconf 81' lang='grc' dir='ltr'><em>μὲν</em></span> <span class='ocrx_word' id='word_1_104' title='bbox 623 1202 892 1268; x_wconf 88' lang='grc' dir='ltr'><em>χρήματα,</em></span> <span class='ocrx_word' id='word_1_105' title='bbox 940 1199 1288 1268; x_wconf 82' lang='grc' dir='ltr'><em>ληψομένους</em></span> <span class='ocrx_word' id='word_1_106' title='bbox 1336 1197 1397 1252; x_wconf 77' lang='grc' dir='ltr'><em>δὲ</em></span> <span class='ocrx_word' id='word_1_107' title='bbox 1444 1200 1635 1265; x_wconf 87' lang='grc' dir='ltr'><em>οὐδέν;</em></span> <span class='ocrx_word' id='word_1_108' title='bbox 1682 1204 1739 1254; x_wconf 91' lang='grc' dir='ltr'><em>τί</em></span> <span class='ocrx_word' id='word_1_109' title='bbox 1775 1202 1843 1269; x_wconf 85' lang='grc' dir='ltr'><em>δὴ</em></span> 
     </span>
     <span class='ocr_line' id='line_1_14' title="bbox 146 1288 1844 1358; baseline 0.002 -18"><span class='ocrx_word' id='word_1_110' title='bbox 146 1288 207 1340; x_wconf 94' lang='grc' dir='ltr'><em>τὸ</em></span> <span class='ocrx_word' id='word_1_111' title='bbox 254 1292 480 1352; x_wconf 86' lang='grc' dir='ltr'><em>πεῖθον;</em></span> <span class='ocrx_word' id='word_1_112' title='bbox 535 1288 596 1340; x_wconf 91' lang='grc' dir='ltr'><em>τὸ</em></span> <span class='ocrx_word' id='word_1_113' title='bbox 644 1290 717 1357; x_wconf 87' lang='grc' dir='ltr'><em>μὴ</em></span> <span class='ocrx_word' id='word_1_114' title='bbox 765 1289 1074 1357; x_wconf 87' lang='grc' dir='ltr'><em>βούλεσθαι</em></span> <span class='ocrx_word' id='word_1_115' title='bbox 1120 1290 1306 1342; x_wconf 85' lang='grc' dir='ltr'><em>δοκεῖν</em></span> <span class='ocrx_word' id='word_1_116' title='bbox 1352 1289 1678 1358; x_wconf 82' lang='grc' dir='ltr'><em>ἠμεληκέναι</em></span> <span class='ocrx_word' id='word_1_117' title='bbox 1732 1299 1844 1343; x_wconf 84' lang='grc' dir='ltr'><em>τῶν</em></span> 
     </span>
     <span class='ocr_line' id='line_1_15' title="bbox 146 1374 1844 1448; baseline 0.001 -18"><span class='ocrx_word' id='word_1_118' title='bbox 146 1384 243 1444; x_wconf 82' lang='grc' dir='ltr'><em>τῆς</em></span> <span class='ocrx_word' id='word_1_119' title='bbox 289 1377 509 1445; x_wconf 86' lang='grc' dir='ltr'><em>φύσεως</em></span> <span class='ocrx_word' id='word_1_120' title='bbox 554 1379 744 1445; x_wconf 87' lang='grc' dir='ltr'><em>νόμων</em></span> <span class='ocrx_word' id='word_1_121' title='bbox 789 1374 927 1445; x_wconf 75' lang='grc' dir='ltr'><em>μηδὲ</em></span> <span class='ocrx_word' id='word_1_122' title='bbox 976 1377 1235 1447; x_wconf 87' lang='grc' dir='ltr'><em>παρέχειν</em></span> <span class='ocrx_word' id='word_1_123' title='bbox 1285 1379 1462 1447; x_wconf 87' lang='grc' dir='ltr'><em>λαβὴν</em></span> <span class='ocrx_word' id='word_1_124' title='bbox 1511 1388 1625 1441; x_wconf 88' lang='grc' dir='ltr'><em>τοῖς</em></span> <span class='ocrx_word' id='word_1_125' title='bbox 1671 1379 1844 1448; x_wconf 83' lang='grc' dir='ltr'><em>ἡδέως</em></span> 
     </span>
     <span class='ocr_line' id='line_1_16' title="bbox 148 1465 1909 1537; baseline 0.002 -19"><span class='ocrx_word' id='word_1_126' title='bbox 148 1465 487 1533; x_wconf 82' lang='grc' dir='ltr'><em>ἐπιτιμῶσιν,</em></span> <span class='ocrx_word' id='word_1_127' title='bbox 522 1465 606 1519; x_wconf 83' lang='grc' dir='ltr'><em>ὅτι</em></span> <span class='ocrx_word' id='word_1_128' title='bbox 635 1468 740 1534; x_wconf 77' lang='grc' dir='ltr'><em>ἄρα</em></span> <span class='ocrx_word' id='word_1_129' title='bbox 764 1467 824 1519; x_wconf 90' lang='grc' dir='ltr'><em>τὸ</em></span> <span class='ocrx_word' id='word_1_130' title='bbox 858 1475 1020 1535; x_wconf 82' lang='grc' dir='ltr'><em>σφῶν</em></span> <span class='ocrx_word' id='word_1_131' title='bbox 1045 1467 1228 1519; x_wconf 84' lang='grc' dir='ltr'><em>αὐτῶν</em></span> <span class='ocrx_word' id='word_1_132' title='bbox 1252 1467 1354 1519; x_wconf 86' lang='grc' dir='ltr'><em>οὐκ</em></span> <span class='ocrx_word' id='word_1_133' title='bbox 1379 1465 1646 1536; x_wconf 80' lang='grc' dir='ltr'><em>ἐποίησαν</em></span> <span class='ocrx_word' id='word_1_134' title='bbox 1668 1467 1844 1537; x_wconf 77' lang='grc' dir='ltr'><em>(οὐχ)</em></span> <span class='ocrx_word' id='word_1_135' title='bbox 1867 1488 1909 1522; x_wconf 89' lang='lat'><em>15</em></span> 
     </span>
     <span class='ocr_line' id='line_1_17' title="bbox 149 1549 1844 1626; baseline 0.002 -19"><span class='ocrx_word' id='word_1_136' title='bbox 149 1549 228 1607; x_wconf 77' lang='grc' dir='ltr'><em>ὧν</em></span> <span class='ocrx_word' id='word_1_137' title='bbox 273 1550 414 1623; x_wconf 78' lang='grc' dir='ltr'><em>ἦσαν</em></span> <span class='ocrx_word' id='word_1_138' title='bbox 460 1556 646 1625; x_wconf 92' lang='grc' dir='ltr'><em>κύριοι</em></span> <span class='ocrx_word' id='word_1_139' title='bbox 693 1554 1110 1626; x_wconf 81' lang='grc' dir='ltr'><em>παρεσχημένοι.</em></span> <span class='ocrx_word' id='word_1_140' title='bbox 1188 1556 1274 1609; x_wconf 82' lang='grc'><em>24.</em></span> <span class='ocrx_word' id='word_1_141' title='bbox 1322 1557 1412 1609; x_wconf 82' lang='grc' dir='ltr'><em>καὶ</em></span> <span class='ocrx_word' id='word_1_142' title='bbox 1458 1557 1567 1626; x_wconf 86' lang='grc' dir='ltr'><em>μὴν</em></span> <span class='ocrx_word' id='word_1_143' title='bbox 1609 1557 1739 1620; x_wconf 90' lang='grc' dir='ltr'><em>τούς</em></span> <span class='ocrx_word' id='word_1_144' title='bbox 1782 1576 1844 1626; x_wconf 74' lang='grc' dir='ltr'><em>γε</em></span> 
     </span>
     <span class='ocr_line' id='line_1_18' title="bbox 147 1644 1843 1714; baseline 0.001 -18"><span class='ocrx_word' id='word_1_145' title='bbox 147 1653 261 1696; x_wconf 85' lang='grc' dir='ltr'><em>τῶν</em></span> <span class='ocrx_word' id='word_1_146' title='bbox 311 1645 540 1697; x_wconf 83' lang='grc' dir='ltr'><em>οἰκετῶν</em></span> <span class='ocrx_word' id='word_1_147' title='bbox 590 1644 845 1697; x_wconf 82' lang='grc' dir='ltr'><em>κλέπτειν</em></span> <span class='ocrx_word' id='word_1_148' title='bbox 894 1646 1279 1713; x_wconf 83' lang='grc' dir='ltr'><em>μεμαθηκότας</em></span> <span class='ocrx_word' id='word_1_149' title='bbox 1327 1653 1702 1714; x_wconf 78' lang='grc' dir='ltr'><em>μαστιγοῦμεν</em></span> <span class='ocrx_word' id='word_1_150' title='bbox 1751 1644 1843 1698; x_wconf 84' lang='grc' dir='ltr'><em>καὶ</em></span> 
     </span>
     <span class='ocr_line' id='line_1_19' title="bbox 147 1732 1843 1806; baseline 0.001 -21"><span class='ocrx_word' id='word_1_151' title='bbox 147 1740 320 1785; x_wconf 90' lang='grc' dir='ltr'><em>ταῦτα</em></span> <span class='ocrx_word' id='word_1_152' title='bbox 360 1734 582 1800; x_wconf 86' lang='grc' dir='ltr'><em>εἰδότες,</em></span> <span class='ocrx_word' id='word_1_153' title='bbox 628 1734 701 1796; x_wconf 82' lang='grc' dir='ltr'><em>ὡς</em></span> <span class='ocrx_word' id='word_1_154' title='bbox 740 1732 831 1786; x_wconf 85' lang='grc' dir='ltr'><em>καὶ</em></span> <span class='ocrx_word' id='word_1_155' title='bbox 873 1733 933 1786; x_wconf 83' lang='grc' dir='ltr'><em>ἐν</em></span> <span class='ocrx_word' id='word_1_156' title='bbox 973 1733 1119 1805; x_wconf 82' lang='grc' dir='ltr'><em>αὐτῷ</em></span> <span class='ocrx_word' id='word_1_157' title='bbox 1153 1740 1228 1806; x_wconf 79' lang='grc' dir='ltr'><em>τῷ</em></span> <span class='ocrx_word' id='word_1_158' title='bbox 1261 1735 1357 1796; x_wconf 82' lang='grc' dir='ltr'><em>τὰς</em></span> <span class='ocrx_word' id='word_1_159' title='bbox 1395 1735 1607 1802; x_wconf 79' lang='grc' dir='ltr'><em>πληγὰς</em></span> <span class='ocrx_word' id='word_1_160' title='bbox 1649 1735 1843 1787; x_wconf 85' lang='grc' dir='ltr'><em>ἰᾶσθαι</em></span> 
     </span>
     <span class='ocr_line' id='line_1_20' title="bbox 148 1821 1844 1895; baseline 0.001 -21"><span class='ocrx_word' id='word_1_161' title='bbox 148 1830 388 1891; x_wconf 81' lang='grc' dir='ltr'><em>χρῶνται</em></span> <span class='ocrx_word' id='word_1_162' title='bbox 413 1828 488 1895; x_wconf 76' lang='grc' dir='ltr'><em>τῷ</em></span> <span class='ocrx_word' id='word_1_163' title='bbox 514 1825 698 1894; x_wconf 78' lang='grc' dir='ltr'><em>τρόπω</em></span> <span class='ocrx_word' id='word_1_164' title='bbox 723 1821 827 1875; x_wconf 80' lang='grc' dir='ltr'><em>κάν</em></span> <span class='ocrx_word' id='word_1_165' title='bbox 850 1831 966 1885; x_wconf 90' lang='grc' dir='ltr'><em>τοῖς</em></span> <span class='ocrx_word' id='word_1_166' title='bbox 990 1823 1179 1884; x_wconf 86' lang='grc' dir='ltr'><em>αὐτοῖς</em></span> <span class='ocrx_word' id='word_1_167' title='bbox 1203 1823 1264 1875; x_wconf 77' lang='grc' dir='ltr'><em>αἱ</em></span> <span class='ocrx_word' id='word_1_168' title='bbox 1282 1831 1470 1892; x_wconf 86' lang='grc' dir='ltr'><em>χεῖρες.</em></span> <span class='ocrx_word' id='word_1_169' title='bbox 1523 1823 1551 1876; x_wconf 88' lang='grc' dir='ltr'>ὁ</span> <span class='ocrx_word' id='word_1_170' title='bbox 1579 1824 1844 1891; x_wconf 86' lang='grc' dir='ltr'><em>δεσπότης</em></span> 
     </span>
     <span class='ocr_line' id='line_1_21' title="bbox 150 1907 1909 1980; baseline 0.002 -18"><span class='ocrx_word' id='word_1_171' title='bbox 150 1907 210 1978; x_wconf 74' lang='grc' dir='ltr'><em>δὲ</em></span> <span class='ocrx_word' id='word_1_172' title='bbox 236 1911 284 1963; x_wconf 92' lang='grc' dir='ltr'><em>εἰ</em></span> <span class='ocrx_word' id='word_1_173' title='bbox 315 1911 406 1963; x_wconf 85' lang='grc' dir='ltr'><em>καὶ</em></span> <span class='ocrx_word' id='word_1_174' title='bbox 439 1912 511 1979; x_wconf 84' lang='grc' dir='ltr'><em>μὴ</em></span> <span class='ocrx_word' id='word_1_175' title='bbox 544 1911 642 1963; x_wconf 90' lang='grc' dir='ltr'><em>τὸν</em></span> <span class='ocrx_word' id='word_1_176' title='bbox 676 1910 892 1980; x_wconf 88' lang='grc' dir='ltr'><em>οἰκέτην</em></span> <span class='ocrx_word' id='word_1_177' title='bbox 923 1909 1234 1980; x_wconf 81' lang='grc' dir='ltr'><em>μετέβαλεν,</em></span> <span class='ocrx_word' id='word_1_178' title='bbox 1267 1910 1385 1964; x_wconf 81' lang='grc' dir='ltr'><em>ἀλλ’</em></span> <span class='ocrx_word' id='word_1_179' title='bbox 1409 1911 1580 1965; x_wconf 87' lang='grc' dir='ltr'><em>αὑτόν</em></span> <span class='ocrx_word' id='word_1_180' title='bbox 1605 1932 1666 1980; x_wconf 76' lang='grc' dir='ltr'><em>γε</em></span> <span class='ocrx_word' id='word_1_181' title='bbox 1689 1911 1841 1965; x_wconf 88' lang='grc' dir='ltr'><em>κατέ-</em></span> <span class='ocrx_word' id='word_1_182' title='bbox 1866 1933 1909 1965; x_wconf 81' lang='lat'><em>20</em></span> 
     </span>
     <span class='ocr_line' id='line_1_22' title="bbox 151 1998 1844 2072; baseline 0.002 -22"><span class='ocrx_word' id='word_1_183' title='bbox 151 2011 350 2067; x_wconf 86' lang='grc' dir='ltr'><em>στησεν</em></span> <span class='ocrx_word' id='word_1_184' title='bbox 397 2000 679 2068; x_wconf 76' lang='grc' dir='ltr'><em>ἄμεμπτον</em></span> <span class='ocrx_word' id='word_1_185' title='bbox 725 2009 843 2062; x_wconf 90' lang='grc' dir='ltr'><em>ταῖς</em></span> <span class='ocrx_word' id='word_1_186' title='bbox 890 1998 976 2068; x_wconf 77' lang='grc' dir='ltr'><em>ἐφ’</em></span> <span class='ocrx_word' id='word_1_187' title='bbox 1021 1999 1227 2072; x_wconf 79' lang='grc' dir='ltr'><em>ἑκάστω</em></span> <span class='ocrx_word' id='word_1_188' title='bbox 1275 2005 1524 2069; x_wconf 79' lang='grc' dir='ltr'><em>πληγαῖς.</em></span> <span class='ocrx_word' id='word_1_189' title='bbox 1600 2004 1658 2053; x_wconf 91' lang='grc' dir='ltr'><em>τί</em></span> <span class='ocrx_word' id='word_1_190' title='bbox 1701 1999 1749 2052; x_wconf 89' lang='grc' dir='ltr'><em>δ’</em></span> <span class='ocrx_word' id='word_1_191' title='bbox 1790 2003 1844 2054; x_wconf 80' lang='grc' dir='ltr'><em>οἱ</em></span> 
     </span>
     <span class='ocr_line' id='line_1_23' title="bbox 148 2085 1932 2158; baseline 0.005 -20"><span class='ocrx_word' id='word_1_192' title='bbox 148 2089 280 2150; x_wconf 85' lang='grc' dir='ltr'><em>τοὺς</em></span> <span class='ocrx_word' id='word_1_193' title='bbox 324 2086 331 2158; x_wconf 89' lang='grc' dir='ltr'>Ι</span> <span class='ocrx_word' id='word_1_194' title='bbox 377 2089 544 2151; x_wconf 82' lang='grc' dir='ltr'><em>ὅνους</em></span> <span class='ocrx_word' id='word_1_195' title='bbox 589 2085 728 2157; x_wconf 73' lang='grc' dir='ltr'><em>ὑπὲρ</em></span> <span class='ocrx_word' id='word_1_196' title='bbox 769 2089 968 2158; x_wconf 77' lang='grc' dir='ltr'><em>τάχους</em></span> <span class='ocrx_word' id='word_1_197' title='bbox 1006 2090 1262 2151; x_wconf 88' lang='grc' dir='ltr'><em>παίοντες</em></span> <span class='ocrx_word' id='word_1_198' title='bbox 1301 2089 1423 2158; x_wconf 81' lang='grc' dir='ltr'><em>οὐχὶ</em></span> <span class='ocrx_word' id='word_1_199' title='bbox 1462 2089 1553 2142; x_wconf 85' lang='grc' dir='ltr'><em>καὶ</em></span> <span class='ocrx_word' id='word_1_200' title='bbox 1598 2097 1694 2157; x_wconf 82' lang='grc' dir='ltr'><em>τῆς</em></span> <span class='ocrx_word' id='word_1_201' title='bbox 1724 2101 1932 2148; x_wconf 82' lang='lat' dir='ltr'>RH584</span> 
     </span>
     <span class='ocr_line' id='line_1_24' title="bbox 149 2177 1846 2246; baseline 0.002 -18"><span class='ocrx_word' id='word_1_202' title='bbox 149 2177 489 2246; x_wconf 81' lang='grc' dir='ltr'><em>βραδυτῆτος</em></span> <span class='ocrx_word' id='word_1_203' title='bbox 514 2178 789 2246; x_wconf 84' lang='grc' dir='ltr'><em>μενούσης</em></span> <span class='ocrx_word' id='word_1_204' title='bbox 811 2180 1075 2230; x_wconf 88' lang='grc' dir='ltr'><em>παίουσιν</em></span> <span class='ocrx_word' id='word_1_205' title='bbox 1106 2177 1248 2244; x_wconf 84' lang='grc' dir='ltr'><em>ὅμως</em></span> <span class='ocrx_word' id='word_1_206' title='bbox 1272 2178 1332 2230; x_wconf 92' lang='grc' dir='ltr'><em>τὸ</em></span> <span class='ocrx_word' id='word_1_207' title='bbox 1363 2179 1550 2230; x_wconf 89' lang='grc' dir='ltr'><em>δοκεῖν</em></span> <span class='ocrx_word' id='word_1_208' title='bbox 1575 2177 1846 2231; x_wconf 83' lang='grc' dir='ltr'><em>ἐλλείπειν</em></span> 
     </span>
     <span class='ocr_line' id='line_1_25' title="bbox 149 2264 1072 2335; baseline 0.002 -19"><span class='ocrx_word' id='word_1_209' title='bbox 149 2266 215 2317; x_wconf 83' lang='grc' dir='ltr'><em>τὰ</em></span> <span class='ocrx_word' id='word_1_210' title='bbox 253 2264 382 2333; x_wconf 85' lang='grc' dir='ltr'><em>παρ’</em></span> <span class='ocrx_word' id='word_1_211' title='bbox 420 2266 604 2319; x_wconf 82' lang='grc' dir='ltr'><em>αὑτῶν</em></span> <span class='ocrx_word' id='word_1_212' title='bbox 644 2267 1072 2335; x_wconf 83' lang='grc' dir='ltr'><em>φυλαττόμενοι;</em></span> 
     </span>
    </p>
   </div>
   <div class='ocr_carea' id='block_1_3' title="bbox 150 2369 507 2376">
    <p class='ocr_par' dir='ltr' id='par_1_3' title="bbox 150 2369 507 2376">
     <span class='ocr_line' id='line_1_26' title="bbox 150 2369 507 2376; baseline 0 718"><span class='ocrx_word' id='word_1_213' title='bbox 150 2369 507 2376; x_wconf 95' lang='lat' dir='ltr'><em> </em></span> 
     </span>
    </p>
   </div>
   <div class='ocr_carea' id='block_1_4' title="bbox 149 2424 1848 2952">
    <p class='ocr_par' dir='ltr' id='par_1_4' title="bbox 149 2424 1847 2781">
     <span class='ocr_line' id='line_1_27' title="bbox 273 2424 1845 2483; baseline 0.001 -15"><span class='ocrx_word' id='word_1_214' title='bbox 273 2429 294 2468; x_wconf 98' lang='grc'>1</span> <span class='ocrx_word' id='word_1_215' title='bbox 328 2424 520 2470; x_wconf 78' lang='grc' dir='ltr'><em>πάντων</em></span> <span class='ocrx_word' id='word_1_216' title='bbox 552 2426 588 2468; x_wconf 94' lang='grc' dir='ltr'><em>Ι</em></span> <span class='ocrx_word' id='word_1_217' title='bbox 780 2430 805 2468; x_wconf 98' lang='grc'><strong>2</strong></span> <span class='ocrx_word' id='word_1_218' title='bbox 837 2425 1079 2480; x_wconf 80' lang='grc' dir='ltr'><em>τεθνήξων</em></span> <span class='ocrx_word' id='word_1_219' title='bbox 1112 2426 1277 2483; x_wconf 83' lang='lat' dir='ltr'>scripsi</span> <span class='ocrx_word' id='word_1_220' title='bbox 1310 2439 1365 2470; x_wconf 85' lang='lat' dir='ltr'><em>ex</em></span> <span class='ocrx_word' id='word_1_221' title='bbox 1395 2427 1538 2471; x_wconf 87' lang='lat' dir='ltr'><em>IBM</em></span> <span class='ocrx_word' id='word_1_222' title='bbox 1565 2428 1645 2470; x_wconf 84' lang='lat' dir='ltr'><em>sed</em></span> <span class='ocrx_word' id='word_1_223' title='bbox 1678 2427 1727 2470; x_wconf 90' lang='lat' dir='ltr'><em>in</em></span> <span class='ocrx_word' id='word_1_224' title='bbox 1757 2428 1845 2471; x_wconf 87' lang='lat' dir='ltr'><em>hoc</em></span> 
     </span>
     <span class='ocr_line' id='line_1_28' title="bbox 149 2484 1847 2543; baseline 0.001 -15"><span class='ocrx_word' id='word_1_225' title='bbox 149 2484 491 2542; x_wconf 81' lang='grc' dir='ltr'><em>τεθνηξόμενος</em></span> <span class='ocrx_word' id='word_1_226' title='bbox 513 2484 562 2527; x_wconf 89' lang='lat' dir='ltr'><em>in</em></span> <span class='ocrx_word' id='word_1_227' title='bbox 586 2498 721 2542; x_wconf 83' lang='lat' dir='ltr'><strong>marg</strong></span> <span class='ocrx_word' id='word_1_228' title='bbox 743 2498 902 2528; x_wconf 85' lang='lat' dir='ltr'><strong>m.rec.</strong></span> <span class='ocrx_word' id='word_1_229' title='bbox 957 2484 1199 2540; x_wconf 85' lang='grc' dir='ltr'><em>τεθνήσων</em></span> <span class='ocrx_word' id='word_1_230' title='bbox 1220 2486 1347 2530; x_wconf 83' lang='grc' dir='ltr'><em>ΟΑΡ</em></span> <span class='ocrx_word' id='word_1_231' title='bbox 1367 2486 1448 2529; x_wconf 84' lang='lat' dir='ltr'><em>sed</em></span> <span class='ocrx_word' id='word_1_232' title='bbox 1473 2486 1522 2529; x_wconf 89' lang='lat' dir='ltr'><em>in</em></span> <span class='ocrx_word' id='word_1_233' title='bbox 1545 2486 1633 2530; x_wconf 86' lang='lat' dir='ltr'><em>hoc</em></span> <span class='ocrx_word' id='word_1_234' title='bbox 1657 2487 1680 2539; x_wconf 80' lang='grc' dir='ltr'><em>ξ</em></span> <span class='ocrx_word' id='word_1_235' title='bbox 1706 2501 1847 2543; x_wconf 81' lang='lat' dir='ltr'>supra</span> 
     </span>
     <span class='ocr_line' id='line_1_29' title="bbox 153 2542 1841 2605; baseline 0.002 -18"><span class='ocrx_word' id='word_1_236' title='bbox 153 2557 179 2587; x_wconf 88' lang='grc' dir='ltr'><em>σ</em></span> <span class='ocrx_word' id='word_1_237' title='bbox 211 2557 295 2587; x_wconf 83' lang='lat' dir='ltr'>scr.</span> <span class='ocrx_word' id='word_1_238' title='bbox 322 2543 392 2586; x_wconf 81' lang='lat' dir='ltr'><em>m²</em></span> <span class='ocrx_word' id='word_1_239' title='bbox 451 2542 793 2601; x_wconf 79' lang='grc' dir='ltr'><em>τεθνηξόμενος</em></span> <span class='ocrx_word' id='word_1_240' title='bbox 823 2545 915 2588; x_wconf 80' lang='lat' dir='ltr'><em>edd</em></span> <span class='ocrx_word' id='word_1_241' title='bbox 956 2546 962 2601; x_wconf 92' lang='grc' dir='ltr'>Ι</span> <span class='ocrx_word' id='word_1_242' title='bbox 1005 2544 1133 2599; x_wconf 83' lang='grc' dir='ltr'><em>παρὰ</em></span> <span class='ocrx_word' id='word_1_243' title='bbox 1168 2545 1227 2587; x_wconf 90' lang='grc' dir='ltr'><strong>Μ</strong></span> <span class='ocrx_word' id='word_1_244' title='bbox 1248 2545 1381 2602; x_wconf 86' lang='lat' dir='ltr'>Bong</span> <span class='ocrx_word' id='word_1_245' title='bbox 1500 2550 1528 2587; x_wconf 89' lang='lat'>4</span> <span class='ocrx_word' id='word_1_246' title='bbox 1560 2545 1643 2602; x_wconf 81' lang='grc' dir='ltr'><em>μὲν</em></span> <span class='ocrx_word' id='word_1_247' title='bbox 1674 2560 1749 2589; x_wconf 91' lang='lat' dir='ltr'><em>om</em></span> <span class='ocrx_word' id='word_1_248' title='bbox 1781 2548 1817 2590; x_wconf 94' lang='lat' dir='ltr'><strong><em>I</em></strong></span> <span class='ocrx_word' id='word_1_249' title='bbox 1836 2547 1841 2605; x_wconf 96' lang='grc' dir='ltr'>Ι</span> 
     </span>
     <span class='ocr_line' id='line_1_30' title="bbox 153 2600 1786 2661; baseline 0.001 -15"><span class='ocrx_word' id='word_1_250' title='bbox 153 2602 264 2646; x_wconf 77' lang='grc' dir='ltr'><em>οὐδὲ</em></span> <span class='ocrx_word' id='word_1_251' title='bbox 298 2600 381 2659; x_wconf 85' lang='grc' dir='ltr'><em>μία</em></span> <span class='ocrx_word' id='word_1_252' title='bbox 411 2603 456 2645; x_wconf 84' lang='grc' dir='ltr'><strong><em>Α</em></strong></span> <span class='ocrx_word' id='word_1_253' title='bbox 535 2602 594 2659; x_wconf 87' lang='grc' dir='ltr'><em>μὴ</em></span> <span class='ocrx_word' id='word_1_254' title='bbox 629 2601 764 2659; x_wconf 83' lang='grc' dir='ltr'><em>δεμία</em></span> <span class='ocrx_word' id='word_1_255' title='bbox 796 2603 830 2645; x_wconf 92' lang='grc' dir='ltr'><em>Ι</em></span> <span class='ocrx_word' id='word_1_256' title='bbox 980 2608 1004 2646; x_wconf 81' lang='lat'><strong>7</strong></span> <span class='ocrx_word' id='word_1_257' title='bbox 1039 2603 1184 2653; x_wconf 82' lang='grc' dir='ltr'><em>αὑτὰς</em></span> <span class='ocrx_word' id='word_1_258' title='bbox 1215 2604 1308 2647; x_wconf 90' lang='grc' dir='ltr'><em>ΙΜ</em></span> <span class='ocrx_word' id='word_1_259' title='bbox 1334 2604 1467 2661; x_wconf 87' lang='lat' dir='ltr'><strong>Bong</strong></span> <span class='ocrx_word' id='word_1_260' title='bbox 1543 2603 1689 2655; x_wconf 76' lang='grc' dir='ltr'><em>αὐτάς</em></span> <span class='ocrx_word' id='word_1_261' title='bbox 1719 2605 1786 2648; x_wconf 81' lang='lat' dir='ltr'><em>Re</em></span> 
     </span>
     <span class='ocr_line' id='line_1_31' title="bbox 153 2661 1846 2719; baseline 0.002 -15"><span class='ocrx_word' id='word_1_262' title='bbox 153 2665 178 2704; x_wconf 85' lang='lat'>9</span> <span class='ocrx_word' id='word_1_263' title='bbox 212 2664 430 2706; x_wconf 82' lang='grc' dir='ltr'><em>διατοῦτο</em></span> <span class='ocrx_word' id='word_1_264' title='bbox 461 2662 647 2706; x_wconf 88' lang='grc' dir='ltr'><em>ΡΙΒΜ</em></span> <span class='ocrx_word' id='word_1_265' title='bbox 766 2666 821 2705; x_wconf 93' lang='grc'><em>10</em></span> <span class='ocrx_word' id='word_1_266' title='bbox 854 2661 907 2707; x_wconf 85' lang='grc' dir='ltr'><em>δέ</em></span> <span class='ocrx_word' id='word_1_267' title='bbox 916 2682 927 2717; x_wconf 86' lang='grc'>;</span> <span class='ocrx_word' id='word_1_268' title='bbox 955 2663 1022 2708; x_wconf 82' lang='lat' dir='ltr'><em>Re</em></span> <span class='ocrx_word' id='word_1_269' title='bbox 1050 2665 1056 2719; x_wconf 94' lang='grc' dir='ltr'>Ι</span> <span class='ocrx_word' id='word_1_270' title='bbox 1083 2663 1276 2712; x_wconf 82' lang='grc' dir='ltr'><em>τούτους</em></span> <span class='ocrx_word' id='word_1_271' title='bbox 1308 2663 1471 2719; x_wconf 83' lang='lat' dir='ltr'>scripsi</span> <span class='ocrx_word' id='word_1_272' title='bbox 1530 2663 1706 2707; x_wconf 87' lang='grc' dir='ltr'><em>τούτων</em></span> <span class='ocrx_word' id='word_1_273' title='bbox 1736 2663 1846 2707; x_wconf 87' lang='lat' dir='ltr'>libri</span> 
     </span>
     <span class='ocr_line' id='line_1_32' title="bbox 153 2719 1787 2781; baseline 0.001 -17"><span class='ocrx_word' id='word_1_274' title='bbox 153 2719 245 2764; x_wconf 83' lang='lat' dir='ltr'><em>edd</em></span> <span class='ocrx_word' id='word_1_275' title='bbox 413 2724 467 2764; x_wconf 83' lang='lat'><em>14</em></span> <span class='ocrx_word' id='word_1_276' title='bbox 500 2720 560 2777; x_wconf 84' lang='grc' dir='ltr'><em>μὴ</em></span> <span class='ocrx_word' id='word_1_277' title='bbox 594 2721 643 2765; x_wconf 80' lang='grc' dir='ltr'><em>δὲ</em></span> <span class='ocrx_word' id='word_1_278' title='bbox 676 2721 865 2766; x_wconf 87' lang='grc' dir='ltr'><strong><em>ΑΙΒΜ</em></strong></span> <span class='ocrx_word' id='word_1_279' title='bbox 1038 2727 1089 2766; x_wconf 92' lang='grc'><em>15</em></span> <span class='ocrx_word' id='word_1_280' title='bbox 1122 2722 1194 2779; x_wconf 87' lang='grc' dir='ltr'><em>τὸ]</em></span> <span class='ocrx_word' id='word_1_281' title='bbox 1227 2729 1318 2765; x_wconf 84' lang='grc' dir='ltr'><em>τῶν</em></span> <span class='ocrx_word' id='word_1_282' title='bbox 1349 2723 1384 2765; x_wconf 90' lang='grc' dir='ltr'><em>Ι</em></span> <span class='ocrx_word' id='word_1_283' title='bbox 1433 2722 1439 2780; x_wconf 88' lang='grc' dir='ltr'>Ι</span> <span class='ocrx_word' id='word_1_284' title='bbox 1497 2724 1581 2781; x_wconf 83' lang='grc' dir='ltr'><em>οὐχ</em></span> <span class='ocrx_word' id='word_1_285' title='bbox 1612 2723 1787 2766; x_wconf 82' lang='lat' dir='ltr'>inserui</span> 
     </span>
    </p>

    <p class='ocr_par' dir='ltr' id='par_1_5' title="bbox 152 2779 1848 2952">
     <span class='ocr_line' id='line_1_33' title="bbox 214 2779 1847 2837; baseline 0.001 -15"><span class='ocrx_word' id='word_1_286' title='bbox 214 2783 271 2822; x_wconf 86' lang='lat'><em>20</em></span> <span class='ocrx_word' id='word_1_287' title='bbox 303 2779 447 2823; x_wconf 81' lang='grc' dir='ltr'><em>αὐτὸν</em></span> <span class='ocrx_word' id='word_1_288' title='bbox 482 2780 543 2822; x_wconf 87' lang='grc' dir='ltr'><strong>Μ</strong></span> <span class='ocrx_word' id='word_1_289' title='bbox 699 2784 752 2823; x_wconf 88' lang='grc'><em>21</em></span> <span class='ocrx_word' id='word_1_290' title='bbox 788 2779 842 2825; x_wconf 83' lang='grc' dir='ltr'><em>δέ</em></span> <span class='ocrx_word' id='word_1_291' title='bbox 850 2800 862 2834; x_wconf 83' lang='grc'>;</span> <span class='ocrx_word' id='word_1_292' title='bbox 893 2781 960 2824; x_wconf 80' lang='lat' dir='ltr'><em>Re</em></span> <span class='ocrx_word' id='word_1_293' title='bbox 1122 2786 1178 2825; x_wconf 84' lang='lat'><em>23</em></span> <span class='ocrx_word' id='word_1_294' title='bbox 1212 2799 1222 2834; x_wconf 81' lang='lat'>3</span> <span class='ocrx_word' id='word_1_295' title='bbox 1254 2783 1361 2837; x_wconf 66' lang='lat' dir='ltr'>post</span> <span class='ocrx_word' id='word_1_296' title='bbox 1391 2779 1613 2826; x_wconf 84' lang='grc' dir='ltr'><em>παίουσιν</em></span> <span class='ocrx_word' id='word_1_297' title='bbox 1644 2783 1737 2826; x_wconf 84' lang='lat' dir='ltr'><em>AP</em></span> <span class='ocrx_word' id='word_1_298' title='bbox 1766 2782 1847 2825; x_wconf 86' lang='lat' dir='ltr'><em>sed</em></span> 
     </span>
     <span class='ocr_line' id='line_1_34' title="bbox 152 2837 1848 2921; baseline 0.001 -40"><span class='ocrx_word' id='word_1_299' title='bbox 152 2837 323 2921; x_wconf 42' lang='lat' dir='ltr'>insshoc</span> <span class='ocrx_word' id='word_1_300' title='bbox 355 2851 469 2893; x_wconf 76' lang='lat' dir='ltr'>erae,</span> <span class='ocrx_word' id='word_1_301' title='bbox 501 2840 543 2894; x_wconf 88' lang='grc' dir='ltr'><em>Ι,</em></span> <span class='ocrx_word' id='word_1_302' title='bbox 577 2854 585 2862; x_wconf 92' lang='grc'><em>·</em></span> <span class='ocrx_word' id='word_1_303' title='bbox 620 2839 665 2882; x_wconf 89' lang='grc' dir='ltr'><strong><em>Β</em></strong></span> <span class='ocrx_word' id='word_1_304' title='bbox 843 2844 899 2882; x_wconf 84' lang='grc'><em>24</em></span> <span class='ocrx_word' id='word_1_305' title='bbox 932 2841 1086 2885; x_wconf 82' lang='grc' dir='ltr'><em>αὐτῶν</em></span> <span class='ocrx_word' id='word_1_306' title='bbox 1120 2839 1248 2885; x_wconf 80' lang='lat' dir='ltr'><em>GAP</em></span> <span class='ocrx_word' id='word_1_307' title='bbox 1277 2841 1359 2883; x_wconf 83' lang='lat' dir='ltr'><em>sed</em></span> <span class='ocrx_word' id='word_1_308' title='bbox 1390 2840 1439 2883; x_wconf 89' lang='lat' dir='ltr'><em>in</em></span> <span class='ocrx_word' id='word_1_309' title='bbox 1469 2840 1558 2884; x_wconf 88' lang='lat' dir='ltr'><em>hoc</em></span> <span class='ocrx_word' id='word_1_310' title='bbox 1586 2837 1600 2854; x_wconf 91' lang='lat'><em>’</em></span> <span class='ocrx_word' id='word_1_311' title='bbox 1628 2841 1678 2884; x_wconf 84' lang='lat' dir='ltr'><em>in</em></span> <span class='ocrx_word' id='word_1_312' title='bbox 1704 2839 1715 2856; x_wconf 80' lang='lat'>‘</span> <span class='ocrx_word' id='word_1_313' title='bbox 1748 2854 1848 2886; x_wconf 86' lang='lat' dir='ltr'>corr</span> 
     </span>
     <span class='ocr_line' id='line_1_35' title="bbox 152 2897 413 2952; baseline 0.008 -13"><span class='ocrx_word' id='word_1_314' title='bbox 152 2911 200 2939; x_wconf 90' lang='lat' dir='ltr'><strong>m</strong></span> <span class='ocrx_word' id='word_1_315' title='bbox 225 2932 236 2952; x_wconf 85' lang='lat'>,</span> <span class='ocrx_word' id='word_1_316' title='bbox 268 2898 314 2942; x_wconf 88' lang='grc' dir='ltr'><em>Β</em></span> <span class='ocrx_word' id='word_1_317' title='bbox 345 2897 413 2941; x_wconf 83' lang='lat' dir='ltr'><em>Re</em></span> 
     </span>
    </p>
   </div>
  </div>
 </body>
</html>
