1992 3094
629 687 889 740 xxxvii
931 686 1186 760 (xxxvl
1211 687 1306 756 R)-

563 808 794 870 ΠΡΟΣ
842 807 1354 869 ΠΟΛΤΚΛΕΑ.

227 957 271 1008 1.
299 952 415 1008 Ὅτι
446 953 548 1022 μὲν
587 952 734 1008 εἷναί
767 974 818 1008 τι
853 957 938 1008 δεῖ
968 958 1029 1009 τὸ
1056 957 1157 1024 τὴν
1190 959 1498 1025 συνήθειαν
1530 955 1651 1009 ἄνε-
1683 968 1786 1011 RII
1804 973 1891 1012 316

115 1047 213 1098 λὸν
259 1044 413 1112 ἡμῶν
459 1042 565 1096 καὶ·
597 1045 658 1096 τὸ
707 1042 935 1096 εἰσιέναι
991 1057 1052 1096 σε
1104 1042 1231 1113 παρ’
1265 1041 1356 1113 ἐμὲ
1410 1043 1538 1098 καθ’
1570 1043 1803 1114 ἑκάστην

113 1132 319 1202 ἡμέραν
358 1134 490 1202 μετὰ
528 1128 890 1202 μεσὴμβρίαν,
936 1134 1106 1185 παντί
1148 1151 1257 1186 που
1305 1133 1499 1202 δῆλον·
1553 1131 1692 1202 ὑπὲρ
1741 1134 1802 1187 δὲ

113 1229 212 1275 ῐτοῦ
256 1223 327 1290 μὴ
378 1225 554 1290 ζητεῖν
600 1223 729 1283 τοὺς
776 1221 1137 1291 ἀνθρώπους,
1189 1222 1329 1275 ὅθεν
1378 1230 1542 1276 τοῦτο
1590 1222 1802 1291 γέγονε,
1850 1244 1870 1276 5

114 1310 202 1364 καὶ
249 1312 538 1380 πράγματα·
577 1312 722 1379 ἔχειν
762 1310 1072 1374 εἰκάζοντας
1117 1311 1385 1379 βούλομαι
1432 1319 1656 1380 ποιῆσαι
1701 1313 1804 1380 τὴν

112 1401 295 1453 αἰτίαν
327 1398 599 1468 φανεράν,
638 1397 731 1467 ἀφ’
775 1398 781 1467 Ι
823 1395 886 1468 ἧς
926 1398 1031 1467 ἐγὼ
1070 1399 1171 1465 μὲν
1210 1399 1313 1452 οὐκ
1352 1395 1504 1467 οἶμαι
1543 1397 1647 1467 φαέ
1685 1411 1892 1456 RH317

113 1494 333 1542 νεῖσθαι
372 1490 552 1556 κακός,
592 1489 755 1551 ἄλλος
794 1488 858 1540 δέ
893 1507 976 1550 τις
1017 1493 1146 1550 ἴσως
1184 1488 1286 1540 οὐκ
1325 1487 1550 1556 ἀγαθός.

225 1579 272 1630 2.
335 1579 536 1645 Λόγων
589 1577 719 1646 ἡμῖν
772 1577 1117 1646 γιγνομένων
1170 1575 1296 1645 περὶ
1349 1585 1445 1645 τῆς
1491 1575 1802 1631 Ἰουλιανοῦ

114 1674 212 1719 τοῦ
245 1665 570 1735 σοφωτάτου
610 1668 892 1734 βασιλείας
930 1667 1019 1718 καὶ
1052 1667 1381 1734 θαυμαστὴν
1413 1665 1628 1734 ἐκείνην
1660 1663 1807 1720 εἷναί
1831 1689 1872 1720 ιο

236 1826 272 1871 O
331 1849 386 1863 =
411 1825 843 1871 Codex'Ghisianus

233 1888 277 1930 A
332 1908 387 1923 =
413 1886 706 1931 Monacensis
738 1900 804 1942 gr.
831 1889 916 1929 483
950 1887 1285 1942 (Augustanus)

235 1946 280 1988 P
334 1967 389 1981 =
414 1945 658 1988 Palatinus
689 1960 755 2002 gr.
783 1949 868 1989 282

234 2005 286 2049 -V
338 2027 392 2041 =
416 2004 792 2048 Vindobonensis
822 2003 935 2060 phil.
962 2019 1028 2060 gr.
1055 2002 1197 2047 XCIII

243 2065 287 2108 U
338 2086 392 2101 =
418 2063 620 2108 Urbinas
652 2079 718 2121 gr.
748 2068 830 2107 126

190 2134 193 2138 ’
235 2124 267 2166 Ι
338 2145 393 2159 =
419 2122 685 2167 Marcianus
717 2122 915 2179 append.
942 2121 1039 2166 XCI
1059 2127 1083 2165 2

236 2184 320 2227 Mo
337 2204 393 2219 =
417 2182 710 2226 Monacensis
741 2197 807 2239 gr.
830 2186 910 2225 101

216 2243 309 2296 (La
331 2263 386 2280 =
412 2241 752 2285 Laurentianus
785 2240 906 2284 LVII
928 2243 1002 2296 44)

218 2301 308 2356 (Pa
334 2323 388 2337 =
413 2300 652 2344 Parisinus
684 2315 750 2357 gr.
778 2302 911 2356 3016)

239 2454 261 2491 1
305 2448 372 2504 λῆ’
406 2451 514 2492 ante
553 2448 670 2503 πρὸς
692 2449 758 2503 Α,
801 2454 883 2490 τοῦ
924 2447 1067 2490 αὐτοῦ
1102 2448 1145 2491 V
1228 2446 1284 2502 λη’
1323 2446 1405 2492 sed
1435 2464 1463 2503 η
1502 2446 1552 2490 in
1583 2460 1657 2490 ras
1696 2449 1805 2503 post

118 2506 345 2553 πολυτελέα
380 2507 417 2551 G
457 2505 554 2564 (pff
589 2507 670 2551 sed
700 2509 738 2550 θ
777 2506 823 2549 in
856 2519 932 2549 ras
972 2506 1020 2548 in
1044 2507 1208 2562 marg),
1290 2504 1426 2564 λόγος
1463 2506 1668 2558 εἰκοστὸς
1701 2506 1801 2550 ἔνα-

119 2582 196 2616 τος
229 2567 272 2610 V
296 2567 406 2610 rubr
466 2565 600 2622 λόγος
631 2565 694 2622 ιη’
724 2566 774 2609 in
796 2578 930 2621 marg
960 2566 1011 2608 1³
1131 2569 1157 2608 3
1190 2564 1320 2622 ἡμῶν
1354 2567 1438 2610 Mo
1462 2565 1529 2608 Re
1591 2579 1664 2608 om
1695 2565 1804 2609 reli-

121 2625 202 2679 qui
224 2624 334 2668 libri
366 2625 446 2669 sed
471 2642 526 2681 γρ
552 2626 679 2681 ἡμῶν
705 2623 976 2682 εἰσιέναι-σε
1003 2623 1052 2666 in
1076 2637 1210 2681 marg
1233 2623 1314 2678 ΛΡ,
1340 2624 1473 2681 Bong
1499 2626 1506 2679 Ι
1533 2625 1612 2667 καὶ
1643 2624 1694 2668 τὸ
1727 2638 1800 2668 om

124 2683 208 2728 Mo
238 2686 303 2739 (et
334 2683 504 2739 Ottob„
537 2684 834 2727 inserendum
867 2683 971 2726 coni
1004 2682 1188 2739 Adami)
1232 2684 1239 2742 Ι
1281 2682 1439 2740 μηκέτι
1471 2685 1580 2727 ante
1611 2681 1803 2727 εἰσιέναι

119 2741 246 2786 inser
268 2742 413 2800 Bong,
446 2742 521 2787 del
544 2739 612 2786 Re
641 2745 646 2799 Ι
674 2741 786 2799 παρ’
814 2740 893 2798 ’ἐμὲ
925 2755 1000 2785 om
1025 2743 1059 2786 Ι
1076 2741 1208 2800 Bong
1239 2742 1320 2797 qui
1351 2742 1401 2785 in
1424 2742 1551 2786 calce
1582 2741 1803 2786 editionis

121 2815 166 2856 p.
193 2805 334 2845 255·e
365 2802 458 2846 cod.
486 2802 629 2846 Vatic.
665 2802 850 2845 addidit
984 2805 1011 2843 4
1043 2799 1162 2844 κατὰ
1196 2801 1240 2845 V
1376 2807 1401 2846 5
1433 2801 1541 2852 τοὺς
1572 2815 1646 2844 om
1670 2799 1804 2858 Bong

182 2863 207 2902 6
237 2863 481 2905 ποιεῖσθαι
511 2861 668 2917 Bong'
775 2865 801 2904 8
834 2858 1018 2916 ἀγαθός
1048 2861 1078 2903 1
1108 2857 1189 2903 sed
1221 2859 1272 2910 ός
1302 2861 1351 2903 in
1375 2873 1451 2903 ras
1474 2854 1544 2903 m⁸
1676 2864 1701 2903 9
1733 2876 1802 2917 γι-

123 2916 327 2974 νομένων
361 2919 404 2963 V
