1992 3094
349 114 578 159 LIBANII
609 113 833 158 ORATIO
868 112 1114 158 CONTRA
1143 113 1401 159 ICARIUM
1432 115 1453 158 Ι
1619 157 1621 160 ,
1695 116 1766 168 29

74 252 277 315 θέντος
312 258 412 304 τοῦ
451 232 629 317 νόμου
667 257 801 303 πᾶσι
836 257 1002 302 τοῦτο
1036 251 1303 313 διδόντος.
1366 254 1436 304 σὺ
1471 249 1530 305 δὲ
1564 251 1768 320 ἀγανα-

78 349 220 404 κτεῖς
256 337 358 408 μὲν
396 340 470 402 ὡς
506 339 856 406 μισούμενος,
895 337 950 402 ἐξ
991 335 1071 392 ὧν
1109 337 1159 392 δ’
1190 339 1260 392 ἂν
1298 348 1462 393 τοῦτο
1499 342 1768 408 γίγνοιτο,

76 438 265 493 ποιεῖς.
339 429 401 481 τὸ
449 428 552 496 γὰρ
600 427 698 480 ἕνα
744 425 872 481 ἀνθ’
912 427 1172 482 ἁπάντων
1222 427 1368 481 τοῦτ’
1409 428 1661 483 ἐδύνατο.
1739 429 1769 483 ὁ

77 515 184 587 μὲν
230 518 335 587 γὰρ
383 517 485 570 οὐκ
532 513 641 586 εἷχε
687 517 850 586 χάριν
894 524 996 569 τοῦ
1044 518 1307 580 εἰωθότος
1355 519 1555 587 τυχών,
1610 519 1664 571 οἱ
1712 515 1773 571 δὲ

78 607 426 676 ἠγανάκτουν
469 606 652 674 <τῶν>
699 604 1080 674 ὀφειλομένων
1129 608 1463 674 στερόμενοι.
1546 607 1628 659 13.
1683 605 1774 660 καὶ
1822 628 1841 659 5

78 698 135 750 τί
169 697 254 749 δεῖ
291 693 417 763 περὶ
456 695 522 747 τὰ
556 692 759 747 ἐλάττω
792 695 1098 763 διατρίβειν
1130 696 1326 763 ἔχοντα
1357 696 1568 763 πληγὰς
1600 697 1776 750 εἰπεῖν

78 783 509 851 πολιτευομένου
533 784 710 836 πόνον
736 783 943 852 ἰατροῖς
972 784 1379 853 παρασχούσας,
1412 783 1538 836 ὥστ’
1571 784 1776 847 αὐτοὺς
1845 776 1859 793 ’

80 872 207 944 μηδ’
238 873 323 926 ὅτι
374 873 631 942 βιώσοιτο
677 873 743 925 τὰ
793 881 983 941 πρῶτα
1037 873 1320 925 δύνασθαι
1376 871 1579 943 λέγειν;
1635 873 1774 942 ἀνὴρ

82 963 186 1032 γάρ
223 982 305 1025 τις
344 963 437 1014 διὰ
474 962 540 1014 τὰ
578 971 690 1014 τῶν
723 961 981 1029 ἁρμάτων
1010 961 1162 1030 <ὢν>
1197 961 1258 1014 έν
1289 964 1452 1033 πενίᾳ
1482 960 1573 1015 καὶ
1607 967 1776 1015 λελει-

81 1051 397 1120 τουργηκὼς
441 1052 711 1119 πρότερον
753 1047 844 1102 καὶ
884 1054 1223 1119 λειτουργῶν
1261 1049 1479 1104 ἐπαίετο
1515 1051 1521 1119 Ι
1556 1052 1616 1104 τὸ
1657 1064 1698 1107 Β,
1720 1063 1866 1107 Π117

80 1139 426 1210 μετάφρενον
449 1130 783 1192 κωλυόντων
812 1136 916 1206 μὲν
946 1142 1198 1192 παλαιῶν
1228 1142 1433 1208 νόμων,
1465 1141 1779 1203 κωλύοντος
1804 1163 1844 1193 11

85 1225 146 1282 δὲ
182 1236 282 1282 τοῦ
321 1236 429 1281 νῦν
466 1227 750 1296 τεθέντος,
798 1229 961 1297 δίκην
1000 1229 1102 1297 οὐχ
1148 1224 1229 1281 ὧν
1276 1229 1441 1292 αὐτὸς
1478 1230 1657 1298 ἠδίκει
1697 1230 1780 1282 δι-

0 1374 1 1377 ,
83 1319 234 1386 δούς,
272 1316 390 1370 ἀλλ’
421 1313 500 1370 ὧν
538 1336 684 1380 τινες
738 1318 1000 1387 λούμενοι
1040 1319 1267 1371 Κόκκου
1306 1319 1552 1385 τοῦνομα
1592 1317 1653 1370 ἐν
1692 1317 1782 1372 εὐ-

84 1410 315 1476 φημίαις
360 1403 526 1476 εἶχον.
601 1415 717 1469 πῶς
771 1402 874 1460 οὖν
925 1407 1028 1460 οὐκ
1078 1407 1274 1460 ἄδικον
1324 1415 1419 1476 τῆς
1464 1404 1567 1474 μὲν
1612 1407 1782 1476 ὀργῆς

85 1495 329 1559 ἐκείνους
383 1496 595 1558 αἰτίους
648 1490 808 1564 εἶναι,
863 1506 975 1549 τῶν
1029 1494 1076 1548 δ’
1113 1495 1221 1549 άπὸ
1276 1496 1477 1565 ταύτης
1525 1494 1782 1566 Ἑρμείαν
1806 1516 1847 1549 15

86 1584 416 1654 ἀπολαῦσαι,
468 1586 647 1638 καίτοι
693 1586 856 1638 τοῦτό
901 1604 963 1652 γε
1009 1582 1142 1637 οὐδὲ
1181 1587 1382 1656 Κόκκῳ
1429 1592 1504 1657 τῷ
1551 1588 1780 1638 πλεῖστα

87 1675 435 1742 τετολμηκότι
480 1672 884 1742 τετολμημένον
931 1674 1107 1743 ἴσμεν,
1159 1671 1276 1726 ἀλλ’
1309 1675 1358 1726 εἰ
1404 1673 1497 1726 καὶ
1538 1674 1605 1726 τὰ
1644 1674 1783 1726 ἄλλα

88 1760 354 1830 ἐμαίνετο,
392 1764 555 1815 τοῦτό
595 1782 656 1830 γε
689 1761 996 1831 ἐσωφρόνει
1035 1761 1127 1815 καὶ
1158 1766 1393 1832 πληγαῖς
1430 1764 1531 1831 τὴν
1572 1763 1786 1831 βουλὴν

91 1850 193 1919 οὐχ
229 1851 431 1920 ὕβριζε.

204 1939 286 1991 14.
325 1941 530 1992 Βούλει
561 1954 650 1993 σοι
689 1938 781 1993 καὶ
820 1941 923 2009 τὴν
955 1941 1133 2008 καλὴν
1162 1941 1423 2009 φυλακὴν
1461 1945 1613 2007 εἴπω,
1653 1940 1783 2001 τοὺς
1810 1961 1854 1992 20

92 2025 154 2081 ἐν
190 2037 307 2091 ταῖς
343 2029 543 2092 πύλαις
582 2030 939 2098 στρατιώτας,
987 2022 1072 2091 οἷς
1109 2029 1171 2081 τὸ
1211 2025 1315 2095 μὲν
1352 2030 1642 2097 πρόσχημα
1682 2047 1787 2080 κω-

212 2192 235 2231 7
268 2188 487 2233 Hermiae
520 2188 576 2232 cf.
602 2189 707 2233 1.15
741 2191 788 2233 et
817 2205 862 2246 p.
888 2193 960 2244 49,
986 2194 1041 2232 22
1076 2190 1124 2232 eb
1154 2204 1197 2245 p.
1222 2193 1291 2242 57,
1314 2193 1366 2232 13
1508 2192 1559 2231 11
1573 2202 1639 2243 sq.
1674 2187 1784 2231 Cod.

93 2246 425 2350 Thlegd.fXHd1,
444 2251 571 2351 391ἓῦ
583 2253 651 2351 l800
677 2250 724 2292 et
748 2253 803 2292 85
830 2263 936 2292 eum
958 2248 1082 2291 notis
1101 2247 1393 2292 Golzhofredi.
1439 2246 1495 2290 cf.
1523 2262 1566 2303 p.
1586 2251 1657 2302 49,
1677 2251 1702 2289 3
1718 2261 1784 2302 sq.

242 2321 266 2350 e
292 2344 299 2351 .
333 2321 361 2351 a
424 2322 469 2364 p.
552 2343 563 2363 ,

217 2460 239 2498 1
271 2462 405 2499 τοῦτο
437 2462 552 2499 πᾶσι
585 2456 629 2499 V
743 2460 768 2498 2
802 2453 978 2512 γίνοιτο
1013 2455 1058 2499 V
1171 2458 1197 2498 3
1231 2453 1280 2497 ἓν
1304 2453 1408 2496 Mor
1435 2455 1603 2508 [τοῦτο
1637 2453 1727 2497 edd

98 2517 126 2556 4
155 2520 238 2557 τοῦ
263 2515 372 2557 ante
395 2521 476 2558 τοῦ
500 2514 626 2558 inser
640 2514 708 2558 Re
737 2517 742 2570 Ι
769 2515 919 2572 τυχών
944 2513 1110 2570 scripsi
1134 2527 1160 2556 e
1178 2514 1223 2557 B
1249 2527 1353 2557 cum
1378 2511 1552 2557 Cobeto
1571 2512 1683 2556 Coll.
1702 2516 1788 2554 125

155 2579 310 2630 τυχεῖν
339 2572 508 2629 reliqui
538 2573 648 2617 libri
674 2574 765 2617 edd.
938 2578 963 2617 5
995 2580 1088 2616 τῶν
1119 2572 1295 2616 inserui
1468 2576 1493 2614 6
1525 2569 1571 2615 τί
1601 2573 1629 2615 1
1660 2571 1743 2615 sed
1778 2569 1788 2583 '

99 2643 323 2687 suprapos
344 2632 415 2675 m⁸
565 2637 590 2676 8
623 2632 683 2689 μὴ
717 2630 762 2678 δ’
790 2633 1011 2677 IBMoV
1046 2637 1052 2687 Ι
1090 2638 1310 2687 ταπρῶτα
1335 2631 1419 2674 IV
1562 2634 1587 2672 9
1621 2628 1702 2674 διὰ
1733 2629 1791 2673 τὰ

101 2689 264 2746 scripsi
321 2690 380 2735 τὰ
411 2689 491 2735 διὰ
522 2691 632 2735 libri
664 2692 756 2735 edd.
826 2691 1011 2746 ἄριστος
1041 2689 1122 2735 διὰ
1153 2690 1211 2734 τὰ
1242 2690 1427 2746 ἅρματα
1461 2691 1543 2733 aut
1573 2688 1703 2743 παρὰ
1734 2688 1792 2731 τὰ

99 2754 193 2793 τῶν
221 2747 439 2805 ἁρμάτων
472 2750 576 2794 coni
600 2751 669 2795 Re
711 2753 716 2806 Ι
759 2749 824 2794 ὢν
856 2750 1030 2794 inserui
1063 2750 1253 2793 auctore
1284 2750 1354 2792 Re
1518 2752 1570 2790 12
1605 2748 1791 2802 „malim

102 2805 342 2874 ‘fidtqtrjusw
365 2809 435 2852 Re
557 2814 610 2853 13
642 2809 886 2866 λουόμενοι
908 2809 1011 2852 Mor
1133 2813 1186 2851 19
1218 2807 1371 2866 ὕβριζε
1405 2806 1570 2863 scripsi
1602 2820 1626 2850 e
1656 2807 1700 2850 V
1727 2807 1793 2862 (et

101 2881 157 2922 γρ
186 2880 238 2908 m
256 2881 392 2924 marg
413 2866 484 2910 m²
507 2869 662 2924 Patm)
752 2867 910 2926 ὕβρισε
940 2867 1111 2922 reliqui
1141 2867 1252 2910 libri
1284 2867 1375 2910 edd
1527 2870 1583 2908 20
1614 2872 1712 2917 τοῖς
1744 2867 1792 2909 et

105 2926 400 2979 στρατιώταις
430 2926 533 2970 Mor
1376 2942 1384 2949 '
