<?xml version="1.0" encoding="UTF-8"?>
<!DOCTYPE html PUBLIC "-//W3C//DTD XHTML 1.0 Transitional//EN"
    "http://www.w3.org/TR/xhtml1/DTD/xhtml1-transitional.dtd">
<html xmlns="http://www.w3.org/1999/xhtml" xml:lang="en" lang="en">
 <head>
  <title>
</title>
<meta http-equiv="Content-Type" content="text/html;charset=utf-8" />
  <meta name='ocr-system' content='tesseract 3.04.00' />
  <meta name='ocr-capabilities' content='ocr_page ocr_carea ocr_par ocr_line ocrx_word'/>
</head>
<body>
  <div class='ocr_page' id='page_1' title='image "./operarecensuitri03libauoft_0169.png"; bbox 0 0 1992 3094; ppageno 0'>
   <div class='ocr_carea' id='block_1_1' title="bbox 463 142 1796 199">
    <p class='ocr_par' dir='ltr' id='par_1_1' title="bbox 463 142 1796 199">
     <span class='ocr_line' id='line_1_1' title="bbox 463 142 1796 199; baseline 0.003 -13"><span class='ocrx_word' id='word_1_1' title='bbox 463 143 688 187; x_wconf 88' lang='lat' dir='ltr'><strong>LIBANII</strong></span> <span class='ocrx_word' id='word_1_2' title='bbox 721 142 945 189; x_wconf 84' lang='lat' dir='ltr'><strong>ORATIO</strong></span> <span class='ocrx_word' id='word_1_3' title='bbox 977 144 1096 189; x_wconf 88' lang='lat' dir='ltr'><strong><em>PRO</em></strong></span> <span class='ocrx_word' id='word_1_4' title='bbox 1130 145 1386 193; x_wconf 83' lang='lat' dir='ltr'>TEMPLIS</span> <span class='ocrx_word' id='word_1_5' title='bbox 1725 147 1796 199; x_wconf 87' lang='grc'><strong><em>99</em></strong></span> 
     </span>
    </p>
   </div>
   <div class='ocr_carea' id='block_1_2' title="bbox 83 277 1862 974">
    <p class='ocr_par' dir='ltr' id='par_1_2' title="bbox 83 277 1862 974">
     <span class='ocr_line' id='line_1_2' title="bbox 110 277 1797 353; baseline 0.002 -21"><span class='ocrx_word' id='word_1_6' title='bbox 110 280 484 350; x_wconf 68' lang='grc' dir='ltr'><strong><em>φυλάξασθαι,</em></strong></span> <span class='ocrx_word' id='word_1_7' title='bbox 542 277 660 332; x_wconf 86' lang='grc' dir='ltr'><strong><em>ἀλλ’</em></strong></span> <span class='ocrx_word' id='word_1_8' title='bbox 699 277 951 351; x_wconf 81' lang='grc' dir='ltr'><strong><em>ἐξῄρηται</em></strong></span> <span class='ocrx_word' id='word_1_9' title='bbox 998 288 1237 334; x_wconf 90' lang='grc' dir='ltr'><strong><em>τοσαῦτα</em></strong></span> <span class='ocrx_word' id='word_1_10' title='bbox 1283 282 1565 335; x_wconf 81' lang='grc' dir='ltr'><strong><em>τοσούτων</em></strong></span> <span class='ocrx_word' id='word_1_11' title='bbox 1611 281 1797 353; x_wconf 81' lang='grc' dir='ltr'><em>ἀγρῶν</em></span> 
     </span>
     <span class='ocr_line' id='line_1_3' title="bbox 110 366 1798 442; baseline 0.001 -20"><span class='ocrx_word' id='word_1_12' title='bbox 110 369 228 439; x_wconf 80' lang='grc' dir='ltr'><strong><em>ἱερὰ</em></strong></span> <span class='ocrx_word' id='word_1_13' title='bbox 266 367 424 438; x_wconf 74' lang='grc' dir='ltr'><strong><em>ὕβρει</em></strong></span> <span class='ocrx_word' id='word_1_14' title='bbox 463 366 554 421; x_wconf 83' lang='grc' dir='ltr'><strong><em>καὶ</em></strong></span> <span class='ocrx_word' id='word_1_15' title='bbox 592 370 857 439; x_wconf 80' lang='grc' dir='ltr'><strong><em>παροινίᾳ</em></strong></span> <span class='ocrx_word' id='word_1_16' title='bbox 894 369 986 422; x_wconf 88' lang='grc' dir='ltr'><strong><em>καὶ</em></strong></span> <span class='ocrx_word' id='word_1_17' title='bbox 1023 369 1207 440; x_wconf 82' lang='grc' dir='ltr'><em>κέρδει</em></span> <span class='ocrx_word' id='word_1_18' title='bbox 1253 368 1344 423; x_wconf 85' lang='grc' dir='ltr'><strong><em>καὶ</em></strong></span> <span class='ocrx_word' id='word_1_19' title='bbox 1385 378 1460 442; x_wconf 78' lang='grc' dir='ltr'><strong><em>τῷ</em></strong></span> <span class='ocrx_word' id='word_1_20' title='bbox 1491 371 1564 438; x_wconf 90' lang='grc' dir='ltr'><strong><em>μὴ</em></strong></span> <span class='ocrx_word' id='word_1_21' title='bbox 1603 371 1798 438; x_wconf 86' lang='grc' dir='ltr'><strong><em>βούλε-</em></strong></span> 
     </span>
     <span class='ocr_line' id='line_1_4' title="bbox 109 455 1796 528; baseline 0.001 -17"><span class='ocrx_word' id='word_1_22' title='bbox 109 462 244 511; x_wconf 86' lang='grc' dir='ltr'><strong><em>σθαι</em></strong></span> <span class='ocrx_word' id='word_1_23' title='bbox 281 455 528 526; x_wconf 81' lang='grc' dir='ltr'><strong><em>κατέχειν</em></strong></span> <span class='ocrx_word' id='word_1_24' title='bbox 566 457 783 520; x_wconf 87' lang='grc' dir='ltr'><strong><em>αὑτούς.</em></strong></span> <span class='ocrx_word' id='word_1_25' title='bbox 861 458 948 510; x_wconf 81' lang='grc'><strong><em>22.</em></strong></span> <span class='ocrx_word' id='word_1_26' title='bbox 1002 460 1296 528; x_wconf 87' lang='grc' dir='ltr'><strong><em>τεκμήριον</em></strong></span> <span class='ocrx_word' id='word_1_27' title='bbox 1336 457 1422 527; x_wconf 88' lang='grc' dir='ltr'><strong><em>δέ,</em></strong></span> <span class='ocrx_word' id='word_1_28' title='bbox 1474 455 1544 527; x_wconf 80' lang='grc' dir='ltr'><strong><em>ἦν</em></strong></span> <span class='ocrx_word' id='word_1_29' title='bbox 1582 460 1796 527; x_wconf 79' lang='grc' dir='ltr'><strong><em>ἄγαλμα</em></strong></span> 
     </span>
     <span class='ocr_line' id='line_1_5' title="bbox 83 535 1795 616; baseline 0 -15"><span class='ocrx_word' id='word_1_30' title='bbox 83 535 170 601; x_wconf 39' lang='grc' dir='ltr'><strong><em>’ἐν</em></strong></span> <span class='ocrx_word' id='word_1_31' title='bbox 206 548 411 616; x_wconf 81' lang='grc' dir='ltr'><strong><em>Βεροίᾳ</em></strong></span> <span class='ocrx_word' id='word_1_32' title='bbox 455 553 520 615; x_wconf 78' lang='grc' dir='ltr'><strong><em>τῇ</em></strong></span> <span class='ocrx_word' id='word_1_33' title='bbox 559 547 717 600; x_wconf 85' lang='grc' dir='ltr'><strong><em>πόλει</em></strong></span> <span class='ocrx_word' id='word_1_34' title='bbox 756 549 1015 615; x_wconf 76' lang='grc' dir='ltr'><strong><em>χαλκοῦν,</em></strong></span> <span class='ocrx_word' id='word_1_35' title='bbox 1065 545 1385 615; x_wconf 84' lang='grc' dir='ltr'><strong><em>Ἀσκληπιὸς</em></strong></span> <span class='ocrx_word' id='word_1_36' title='bbox 1422 545 1484 600; x_wconf 83' lang='grc' dir='ltr'><strong><em>ἐν</em></strong></span> <span class='ocrx_word' id='word_1_37' title='bbox 1523 549 1657 602; x_wconf 79' lang='grc' dir='ltr'><strong><em>εἴδει</em></strong></span> <span class='ocrx_word' id='word_1_38' title='bbox 1696 556 1795 601; x_wconf 89' lang='grc' dir='ltr'><strong><em>τοῦ</em></strong></span> 
     </span>
     <span class='ocr_line' id='line_1_6' title="bbox 107 634 1862 722; baseline 0.002 -34"><span class='ocrx_word' id='word_1_39' title='bbox 107 637 372 688; x_wconf 81' lang='grc' dir='ltr'><strong><em>Κλεινίου</em></strong></span> <span class='ocrx_word' id='word_1_40' title='bbox 425 635 622 697; x_wconf 89' lang='grc' dir='ltr'><strong><em>παιδὸς</em></strong></span> <span class='ocrx_word' id='word_1_41' title='bbox 667 642 768 688; x_wconf 85' lang='grc' dir='ltr'><strong><em>τοῦ</em></strong></span> <span class='ocrx_word' id='word_1_42' title='bbox 814 640 986 689; x_wconf 89' lang='grc' dir='ltr'><strong><em>καλοῦ</em></strong></span> <span class='ocrx_word' id='word_1_43' title='bbox 1041 634 1132 688; x_wconf 85' lang='grc' dir='ltr'><strong><em>καὶ</em></strong></span> <span class='ocrx_word' id='word_1_44' title='bbox 1178 635 1211 704; x_wconf 82' lang='grc' dir='ltr'>ἡ</span> <span class='ocrx_word' id='word_1_45' title='bbox 1259 635 1420 722; x_wconf 82' lang='grc' dir='ltr'><strong><em>τέχνη</em></strong></span> <span class='ocrx_word' id='word_1_46' title='bbox 1474 637 1575 705; x_wconf 84' lang='grc' dir='ltr'><strong><em>τὴν</em></strong></span> <span class='ocrx_word' id='word_1_47' title='bbox 1620 637 1796 705; x_wconf 87' lang='grc' dir='ltr'><strong><em>φύσιν</em></strong></span> <span class='ocrx_word' id='word_1_48' title='bbox 1843 659 1862 691; x_wconf 85' lang='lat'><strong>5</strong></span> 
     </span>
     <span class='ocr_line' id='line_1_7' title="bbox 106 718 1797 794; baseline 0.001 -18"><span class='ocrx_word' id='word_1_49' title='bbox 106 724 363 793; x_wconf 77' lang='grc' dir='ltr'><strong><em>ἐμιμεῖτο,</em></strong></span> <span class='ocrx_word' id='word_1_50' title='bbox 418 730 688 777; x_wconf 86' lang='grc' dir='ltr'><strong><em>τοσοῦτον</em></strong></span> <span class='ocrx_word' id='word_1_51' title='bbox 736 721 797 777; x_wconf 91' lang='grc' dir='ltr'><strong><em>δε</em></strong></span> <span class='ocrx_word' id='word_1_52' title='bbox 843 720 914 793; x_wconf 78' lang='grc' dir='ltr'><strong><em>ἦν</em></strong></span> <span class='ocrx_word' id='word_1_53' title='bbox 959 725 1020 777; x_wconf 93' lang='grc' dir='ltr'><strong><em>τὸ</em></strong></span> <span class='ocrx_word' id='word_1_54' title='bbox 1059 732 1156 793; x_wconf 82' lang='grc' dir='ltr'><strong><em>τῆς</em></strong></span> <span class='ocrx_word' id='word_1_55' title='bbox 1195 726 1356 794; x_wconf 80' lang='grc' dir='ltr'><strong><em>ὥρας,</em></strong></span> <span class='ocrx_word' id='word_1_56' title='bbox 1407 725 1545 778; x_wconf 78' lang='grc' dir='ltr'><strong><em>ὥστε</em></strong></span> <span class='ocrx_word' id='word_1_57' title='bbox 1584 723 1674 778; x_wconf 85' lang='grc' dir='ltr'><strong><em>καὶ</em></strong></span> <span class='ocrx_word' id='word_1_58' title='bbox 1714 718 1797 789; x_wconf 87' lang='grc' dir='ltr'><strong><em>οἷς</em></strong></span> 
     </span>
     <span class='ocr_line' id='line_1_8' title="bbox 105 807 1797 884; baseline 0.001 -18"><span class='ocrx_word' id='word_1_59' title='bbox 105 813 348 882; x_wconf 81' lang='grc' dir='ltr'><strong><em>ὑπῆρχεν</em></strong></span> <span class='ocrx_word' id='word_1_60' title='bbox 386 813 558 866; x_wconf 86' lang='grc' dir='ltr'><strong><em>αὐτὸν</em></strong></span> <span class='ocrx_word' id='word_1_61' title='bbox 587 812 718 866; x_wconf 84' lang='grc' dir='ltr'><strong><em>καθ’</em></strong></span> <span class='ocrx_word' id='word_1_62' title='bbox 748 812 958 883; x_wconf 80' lang='grc' dir='ltr'><strong><em>ἡμέραν</em></strong></span> <span class='ocrx_word' id='word_1_63' title='bbox 989 813 1143 882; x_wconf 82' lang='grc' dir='ltr'><strong><em>ὁρᾶν,</em></strong></span> <span class='ocrx_word' id='word_1_64' title='bbox 1184 807 1326 867; x_wconf 88' lang='grc' dir='ltr'><strong><em>εἶναι</em></strong></span> <span class='ocrx_word' id='word_1_65' title='bbox 1358 821 1453 882; x_wconf 79' lang='grc' dir='ltr'><strong><em>τῆς</em></strong></span> <span class='ocrx_word' id='word_1_66' title='bbox 1484 814 1619 877; x_wconf 88' lang='grc' dir='ltr'><strong><em>θέας</em></strong></span> <span class='ocrx_word' id='word_1_67' title='bbox 1651 815 1797 884; x_wconf 84' lang='grc' dir='ltr'><strong><em>ὅμως</em></strong></span> 
     </span>
     <span class='ocr_line' id='line_1_9' title="bbox 106 900 1796 974; baseline 0.001 -19"><span class='ocrx_word' id='word_1_68' title='bbox 106 900 421 968; x_wconf 83' lang='grc' dir='ltr'><strong><em>ἐπιθυμίαν.</em></strong></span> <span class='ocrx_word' id='word_1_69' title='bbox 481 903 658 974; x_wconf 80' lang='grc' dir='ltr'><strong><em>τούτῳ</em></strong></span> <span class='ocrx_word' id='word_1_70' title='bbox 691 904 940 956; x_wconf 78' lang='grc' dir='ltr'><strong><em>θύεσθαι</em></strong></span> <span class='ocrx_word' id='word_1_71' title='bbox 971 904 1176 965; x_wconf 80' lang='grc' dir='ltr'><strong><em>θυσίας</em></strong></span> <span class='ocrx_word' id='word_1_72' title='bbox 1216 902 1399 965; x_wconf 83' lang='grc' dir='ltr'><strong><em>οὐδεὶς</em></strong></span> <span class='ocrx_word' id='word_1_73' title='bbox 1432 903 1606 965; x_wconf 80' lang='grc' dir='ltr'><strong><em>οὕτως</em></strong></span> <span class='ocrx_word' id='word_1_74' title='bbox 1644 903 1796 956; x_wconf 85' lang='grc' dir='ltr'><strong><em>ἀναι-</em></strong></span> 
     </span>
    </p>
   </div>
   <div class='ocr_carea' id='block_1_3' title="bbox 28 989 1796 1061">
    <p class='ocr_par' dir='ltr' id='par_1_3' title="bbox 28 989 1796 1061">
     <span class='ocr_line' id='line_1_10' title="bbox 28 989 1796 1061; baseline 0.002 -19"><span class='ocrx_word' id='word_1_75' title='bbox 28 1055 30 1060; x_wconf 68' lang='lat'>,</span> <span class='ocrx_word' id='word_1_76' title='bbox 104 991 219 1058; x_wconf 84' lang='grc' dir='ltr'><strong><em>δής,</em></strong></span> <span class='ocrx_word' id='word_1_77' title='bbox 258 989 330 1052; x_wconf 82' lang='grc' dir='ltr'><strong><em>ὡς</em></strong></span> <span class='ocrx_word' id='word_1_78' title='bbox 362 991 539 1044; x_wconf 87' lang='grc' dir='ltr'><strong><em>εἰπεῖν</em></strong></span> <span class='ocrx_word' id='word_1_79' title='bbox 577 990 648 1045; x_wconf 77' lang='grc' dir='ltr'><strong><em>ἂν</em></strong></span> <span class='ocrx_word' id='word_1_80' title='bbox 678 995 959 1061; x_wconf 80' lang='grc' dir='ltr'><strong><em>τολμῆσαι.</em></strong></span> <span class='ocrx_word' id='word_1_81' title='bbox 1026 998 1190 1045; x_wconf 90' lang='grc' dir='ltr'><strong><em>τοῦτο</em></strong></span> <span class='ocrx_word' id='word_1_82' title='bbox 1222 994 1435 1061; x_wconf 86' lang='grc' dir='ltr'><strong><em>τοίνυν,</em></strong></span> <span class='ocrx_word' id='word_1_83' title='bbox 1476 989 1518 1046; x_wconf 85' lang='grc' dir='ltr'><em>ὦ</em></span> <span class='ocrx_word' id='word_1_84' title='bbox 1548 994 1796 1061; x_wconf 84' lang='grc' dir='ltr'><strong><em>βασιλεῦ,</em></strong></span> 
     </span>
    </p>
   </div>
   <div class='ocr_carea' id='block_1_4' title="bbox 103 1078 1863 1418">
    <p class='ocr_par' dir='ltr' id='par_1_4' title="bbox 103 1078 1863 1418">
     <span class='ocr_line' id='line_1_11' title="bbox 103 1078 1863 1153; baseline 0.002 -22"><span class='ocrx_word' id='word_1_85' title='bbox 103 1080 163 1132; x_wconf 90' lang='grc' dir='ltr'><strong><em>τὸ</em></strong></span> <span class='ocrx_word' id='word_1_86' title='bbox 201 1086 455 1133; x_wconf 89' lang='grc' dir='ltr'><strong><em>τοιοῦτον</em></strong></span> <span class='ocrx_word' id='word_1_87' title='bbox 493 1083 678 1153; x_wconf 79' lang='grc' dir='ltr'><strong><em>πολλῷ</em></strong></span> <span class='ocrx_word' id='word_1_88' title='bbox 725 1079 845 1149; x_wconf 86' lang='grc' dir='ltr'><strong><em>μέν,</em></strong></span> <span class='ocrx_word' id='word_1_89' title='bbox 900 1081 973 1143; x_wconf 84' lang='grc' dir='ltr'><strong><em>ὡς</em></strong></span> <span class='ocrx_word' id='word_1_90' title='bbox 1019 1081 1186 1149; x_wconf 81' lang='grc' dir='ltr'><strong><em>εἰκός,</em></strong></span> <span class='ocrx_word' id='word_1_91' title='bbox 1239 1082 1409 1152; x_wconf 78' lang='grc' dir='ltr'><strong><em>πόνῳ,</em></strong></span> <span class='ocrx_word' id='word_1_92' title='bbox 1463 1085 1683 1152; x_wconf 81' lang='grc' dir='ltr'><strong><em>λαμπρᾷ</em></strong></span> <span class='ocrx_word' id='word_1_93' title='bbox 1734 1078 1795 1134; x_wconf 75' lang='grc' dir='ltr'><strong><em>δὲ</em></strong></span> <span class='ocrx_word' id='word_1_94' title='bbox 1821 1103 1863 1135; x_wconf 86' lang='lat'><strong><em>10</em></strong></span> 
     </span>
     <span class='ocr_line' id='line_1_12' title="bbox 105 1166 1795 1241; baseline 0.001 -20"><span class='ocrx_word' id='word_1_95' title='bbox 105 1166 485 1239; x_wconf 84' lang='grc' dir='ltr'><strong><em>ἠκριβωμένον</em></strong></span> <span class='ocrx_word' id='word_1_96' title='bbox 531 1178 679 1241; x_wconf 80' lang='grc' dir='ltr'><strong><em>ψυχῇ</em></strong></span> <span class='ocrx_word' id='word_1_97' title='bbox 719 1168 1115 1223; x_wconf 82' lang='grc' dir='ltr'><strong><em>κατακέκοπται</em></strong></span> <span class='ocrx_word' id='word_1_98' title='bbox 1159 1167 1251 1223; x_wconf 85' lang='grc' dir='ltr'><strong><em>καὶ</em></strong></span> <span class='ocrx_word' id='word_1_99' title='bbox 1292 1174 1521 1239; x_wconf 78' lang='grc' dir='ltr'><strong><em>οἴχεται,</em></strong></span> <span class='ocrx_word' id='word_1_100' title='bbox 1571 1168 1662 1223; x_wconf 88' lang='grc' dir='ltr'><strong><em>καὶ</em></strong></span> <span class='ocrx_word' id='word_1_101' title='bbox 1700 1171 1795 1233; x_wconf 79' lang='grc' dir='ltr'><strong><em>τὰς</em></strong></span> 
     </span>
     <span class='ocr_line' id='line_1_13' title="bbox 109 1251 1794 1328; baseline 0.001 -18"><span class='ocrx_word' id='word_1_102' title='bbox 109 1257 337 1310; x_wconf 79' lang='grc' dir='ltr'><strong><em>Φειδίου</em></strong></span> <span class='ocrx_word' id='word_1_103' title='bbox 379 1267 565 1328; x_wconf 88' lang='grc' dir='ltr'><strong><em>χεῖρας</em></strong></span> <span class='ocrx_word' id='word_1_104' title='bbox 608 1257 808 1313; x_wconf 88' lang='grc' dir='ltr'><strong><em>πολλαὶ</em></strong></span> <span class='ocrx_word' id='word_1_105' title='bbox 857 1259 1213 1327; x_wconf 88' lang='grc' dir='ltr'><strong><em>διενείμαντο.</em></strong></span> <span class='ocrx_word' id='word_1_106' title='bbox 1291 1259 1383 1312; x_wconf 78' lang='grc' dir='ltr'><strong><em>διὰ</em></strong></span> <span class='ocrx_word' id='word_1_107' title='bbox 1429 1267 1593 1313; x_wconf 88' lang='grc' dir='ltr'><strong><em>ποῖον</em></strong></span> <span class='ocrx_word' id='word_1_108' title='bbox 1640 1251 1794 1326; x_wconf 81' lang='grc' dir='ltr'><strong><em>αἶμα;</em></strong></span> 
     </span>
     <span class='ocr_line' id='line_1_14' title="bbox 106 1346 1794 1418; baseline 0.002 -20"><span class='ocrx_word' id='word_1_109' title='bbox 106 1346 196 1399; x_wconf 83' lang='grc' dir='ltr'><strong><em>διὰ</em></strong></span> <span class='ocrx_word' id='word_1_110' title='bbox 234 1349 401 1400; x_wconf 91' lang='grc' dir='ltr'><strong><em>ποιάν</em></strong></span> <span class='ocrx_word' id='word_1_111' title='bbox 437 1348 734 1418; x_wconf 87' lang='grc' dir='ltr'><strong><em>μάχαιραν;</em></strong></span> <span class='ocrx_word' id='word_1_112' title='bbox 775 1349 868 1401; x_wconf 83' lang='grc' dir='ltr'><strong><em>διὰ</em></strong></span> <span class='ocrx_word' id='word_1_113' title='bbox 906 1349 1075 1401; x_wconf 89' lang='grc' dir='ltr'><strong><em>ποίαν</em></strong></span> <span class='ocrx_word' id='word_1_114' title='bbox 1114 1346 1212 1411; x_wconf 80' lang='grc' dir='ltr'><strong><em>ἔξω</em></strong></span> <span class='ocrx_word' id='word_1_115' title='bbox 1252 1357 1364 1401; x_wconf 87' lang='grc' dir='ltr'><strong><em>τῶν</em></strong></span> <span class='ocrx_word' id='word_1_116' title='bbox 1403 1349 1589 1415; x_wconf 90' lang='grc' dir='ltr'><strong><em>νόμων</em></strong></span> <span class='ocrx_word' id='word_1_117' title='bbox 1626 1353 1794 1418; x_wconf 89' lang='grc' dir='ltr'><strong><em>θερα-</em></strong></span> 
     </span>
    </p>
   </div>
   <div class='ocr_carea' id='block_1_5' title="bbox 0 1433 1859 1595">
    <p class='ocr_par' dir='ltr' id='par_1_5' title="bbox 0 1433 1859 1595">
     <span class='ocr_line' id='line_1_15' title="bbox 31 1433 1794 1507; baseline 0.001 -20"><span class='ocrx_word' id='word_1_118' title='bbox 31 1483 34 1486; x_wconf 85' lang='grc'><strong><em>.</em></strong></span> <span class='ocrx_word' id='word_1_119' title='bbox 101 1437 283 1500; x_wconf 87' lang='grc' dir='ltr'><strong><em>πειάν;</em></strong></span> <span class='ocrx_word' id='word_1_120' title='bbox 322 1435 407 1488; x_wconf 83' lang='grc'><strong><em>23.</em></strong></span> <span class='ocrx_word' id='word_1_121' title='bbox 440 1436 625 1507; x_wconf 81' lang='grc' dir='ltr'><strong><em>ὥσπερ</em></strong></span> <span class='ocrx_word' id='word_1_122' title='bbox 659 1433 763 1491; x_wconf 84' lang='grc' dir='ltr'><strong><em>οὗν</em></strong></span> <span class='ocrx_word' id='word_1_123' title='bbox 795 1435 1045 1491; x_wconf 80' lang='grc' dir='ltr'><strong><em>ἐνταῦθα</em></strong></span> <span class='ocrx_word' id='word_1_124' title='bbox 1075 1439 1253 1489; x_wconf 90' lang='grc' dir='ltr'><strong><em>καίτοι</em></strong></span> <span class='ocrx_word' id='word_1_125' title='bbox 1285 1438 1498 1489; x_wconf 86' lang='grc' dir='ltr'><strong><em>θυσίαν</em></strong></span> <span class='ocrx_word' id='word_1_126' title='bbox 1528 1437 1794 1506; x_wconf 80' lang='grc' dir='ltr'><strong><em>οὐδεμίαν</em></strong></span> 
     </span>
     <span class='ocr_line' id='line_1_16' title="bbox 0 1524 1859 1595; baseline 0.003 -23"><span class='ocrx_word' id='word_1_127' title='bbox 0 1557 2 1572; x_wconf 67' lang='grc'><strong><em>,</em></strong></span> <span class='ocrx_word' id='word_1_128' title='bbox 71 1525 274 1579; x_wconf 61' lang='grc' dir='ltr'><strong><em>εἰπεῖν</em></strong></span> <span class='ocrx_word' id='word_1_129' title='bbox 313 1527 529 1594; x_wconf 80' lang='grc' dir='ltr'><strong><em>ἔχοντες</em></strong></span> <span class='ocrx_word' id='word_1_130' title='bbox 568 1525 714 1595; x_wconf 81' lang='grc' dir='ltr'><strong><em>ὅμως</em></strong></span> <span class='ocrx_word' id='word_1_131' title='bbox 746 1526 925 1579; x_wconf 81' lang='grc' dir='ltr'><strong><em>πολλὰ</em></strong></span> <span class='ocrx_word' id='word_1_132' title='bbox 955 1524 1091 1594; x_wconf 90' lang='grc' dir='ltr'><strong><em>μέρη</em></strong></span> <span class='ocrx_word' id='word_1_133' title='bbox 1123 1526 1223 1578; x_wconf 93' lang='grc' dir='ltr'><strong><em>τὸν</em></strong></span> <span class='ocrx_word' id='word_1_134' title='bbox 1258 1524 1619 1594; x_wconf 78' lang='grc' dir='ltr'><strong><em>Ἀλκιβιάδην,</em></strong></span> <span class='ocrx_word' id='word_1_135' title='bbox 1658 1529 1791 1594; x_wconf 87' lang='grc' dir='ltr'><strong><em>μᾶλ-</em></strong></span> <span class='ocrx_word' id='word_1_136' title='bbox 1818 1545 1859 1578; x_wconf 84' lang='lat'><strong><em>15</em></strong></span> 
     </span>
    </p>
   </div>
   <div class='ocr_carea' id='block_1_6' title="bbox 99 1611 1856 2041">
    <p class='ocr_par' dir='ltr' id='par_1_6' title="bbox 99 1611 1856 2041">
     <span class='ocr_line' id='line_1_17' title="bbox 100 1611 1791 1683; baseline 0 -17"><span class='ocrx_word' id='word_1_137' title='bbox 100 1615 199 1666; x_wconf 77' lang='grc' dir='ltr'><strong><em>λον</em></strong></span> <span class='ocrx_word' id='word_1_138' title='bbox 240 1611 314 1666; x_wconf 59' lang='grc' dir='ltr'><strong><em>&gt;δὲ</em></strong></span> <span class='ocrx_word' id='word_1_139' title='bbox 366 1614 465 1667; x_wconf 89' lang='grc' dir='ltr'><strong><em>τὸν</em></strong></span> <span class='ocrx_word' id='word_1_140' title='bbox 528 1613 851 1683; x_wconf 83' lang='grc' dir='ltr'><strong><em>Ἀσκληπιὸν</em></strong></span> <span class='ocrx_word' id='word_1_141' title='bbox 907 1616 1135 1681; x_wconf 83' lang='grc' dir='ltr'><strong><em>ἔτεμνον</em></strong></span> <span class='ocrx_word' id='word_1_142' title='bbox 1189 1613 1636 1683; x_wconf 83' lang='grc' dir='ltr'><strong><em>ἀποκοσμοῦντες</em></strong></span> <span class='ocrx_word' id='word_1_143' title='bbox 1687 1615 1791 1683; x_wconf 80' lang='grc' dir='ltr'><strong><em>τὴν</em></strong></span> 
     </span>
     <span class='ocr_line' id='line_1_18' title="bbox 99 1702 1791 1773; baseline 0.001 -19"><span class='ocrx_word' id='word_1_144' title='bbox 99 1703 262 1756; x_wconf 85' lang='grc' dir='ltr'><strong><em>πόλιν</em></strong></span> <span class='ocrx_word' id='word_1_145' title='bbox 299 1711 415 1766; x_wconf 89' lang='grc' dir='ltr'><strong><em>τοῖς</em></strong></span> <span class='ocrx_word' id='word_1_146' title='bbox 452 1702 578 1773; x_wconf 84' lang='grc' dir='ltr'><strong><em>περὶ</em></strong></span> <span class='ocrx_word' id='word_1_147' title='bbox 616 1705 678 1756; x_wconf 92' lang='grc' dir='ltr'><strong><em>τὸ</em></strong></span> <span class='ocrx_word' id='word_1_148' title='bbox 718 1704 958 1772; x_wconf 77' lang='grc' dir='ltr'><strong><em>ἄγαλμα,</em></strong></span> <span class='ocrx_word' id='word_1_149' title='bbox 998 1702 1142 1756; x_wconf 82' lang='grc' dir='ltr'><strong><em>οὕτω</em></strong></span> <span class='ocrx_word' id='word_1_150' title='bbox 1181 1704 1284 1772; x_wconf 88' lang='grc' dir='ltr'><strong><em>χρὴ</em></strong></span> <span class='ocrx_word' id='word_1_151' title='bbox 1323 1705 1564 1770; x_wconf 81' lang='grc' dir='ltr'><strong><em>νομίζειν</em></strong></span> <span class='ocrx_word' id='word_1_152' title='bbox 1604 1702 1791 1764; x_wconf 86' lang='grc' dir='ltr'><strong><em>αὐτοῖς</em></strong></span> 
     </span>
     <span class='ocr_line' id='line_1_19' title="bbox 100 1788 1791 1862; baseline 0 -19"><span class='ocrx_word' id='word_1_153' title='bbox 100 1788 189 1844; x_wconf 86' lang='grc' dir='ltr'><strong><em>καὶ</em></strong></span> <span class='ocrx_word' id='word_1_154' title='bbox 219 1792 286 1844; x_wconf 79' lang='grc' dir='ltr'><strong><em>τὰ</em></strong></span> <span class='ocrx_word' id='word_1_155' title='bbox 315 1792 440 1862; x_wconf 81' lang='grc' dir='ltr'><strong><em>περὶ</em></strong></span> <span class='ocrx_word' id='word_1_156' title='bbox 471 1794 602 1855; x_wconf 85' lang='grc' dir='ltr'><strong><em>τοὺς</em></strong></span> <span class='ocrx_word' id='word_1_157' title='bbox 632 1792 838 1862; x_wconf 76' lang='grc' dir='ltr'><strong><em>ἀγροὺς</em></strong></span> <span class='ocrx_word' id='word_1_158' title='bbox 863 1791 1162 1861; x_wconf 80' lang='grc' dir='ltr'><strong><em>ἐσχηκέναι.</em></strong></span> <span class='ocrx_word' id='word_1_159' title='bbox 1223 1791 1425 1845; x_wconf 86' lang='grc' dir='ltr'><strong><em>τέθυκε</em></strong></span> <span class='ocrx_word' id='word_1_160' title='bbox 1455 1788 1558 1858; x_wconf 74' lang='grc' dir='ltr'><strong><em>μὲν</em></strong></span> <span class='ocrx_word' id='word_1_161' title='bbox 1591 1792 1791 1861; x_wconf 79' lang='grc' dir='ltr'><strong><em>ἱερεῖον</em></strong></span> 
     </span>
     <span class='ocr_line' id='line_1_20' title="bbox 102 1874 1791 1950; baseline -0.001 -18"><span class='ocrx_word' id='word_1_162' title='bbox 102 1879 306 1949; x_wconf 80' lang='grc' dir='ltr'><strong><em>οὐδείς,</em></strong></span> <span class='ocrx_word' id='word_1_163' title='bbox 361 1879 422 1933; x_wconf 83' lang='grc' dir='ltr'><strong><em>έν</em></strong></span> <span class='ocrx_word' id='word_1_164' title='bbox 468 1874 553 1944; x_wconf 86' lang='grc' dir='ltr'><strong><em>οἷς</em></strong></span> <span class='ocrx_word' id='word_1_165' title='bbox 600 1881 661 1934; x_wconf 79' lang='grc' dir='ltr'><strong><em>δὲ</em></strong></span> <span class='ocrx_word' id='word_1_166' title='bbox 706 1883 971 1950; x_wconf 84' lang='grc' dir='ltr'><strong><em>καμόντες</em></strong></span> <span class='ocrx_word' id='word_1_167' title='bbox 1021 1880 1224 1943; x_wconf 83' lang='grc' dir='ltr'><strong><em>αὐτοὺς</em></strong></span> <span class='ocrx_word' id='word_1_168' title='bbox 1272 1879 1553 1934; x_wconf 86' lang='grc' dir='ltr'><strong><em>ἀνέπαυον</em></strong></span> <span class='ocrx_word' id='word_1_169' title='bbox 1606 1880 1791 1949; x_wconf 77' lang='grc' dir='ltr'><strong><em>ἱεροῖς,</em></strong></span> 
     </span>
     <span class='ocr_line' id='line_1_21' title="bbox 101 1965 1856 2041; baseline 0 -21"><span class='ocrx_word' id='word_1_170' title='bbox 101 1975 268 2023; x_wconf 83' lang='grc' dir='ltr'><strong><em>ταῦτα</em></strong></span> <span class='ocrx_word' id='word_1_171' title='bbox 307 1966 576 2041; x_wconf 82' lang='grc' dir='ltr'><strong><em>ἀνῄρηται</em></strong></span> <span class='ocrx_word' id='word_1_172' title='bbox 613 1971 775 2039; x_wconf 81' lang='grc' dir='ltr'><strong><em>μείζω</em></strong></span> <span class='ocrx_word' id='word_1_173' title='bbox 814 1989 873 2022; x_wconf 90' lang='grc' dir='ltr'><strong><em>τε</em></strong></span> <span class='ocrx_word' id='word_1_174' title='bbox 914 1969 1113 2036; x_wconf 88' lang='grc' dir='ltr'><strong><em>ὁμοίως</em></strong></span> <span class='ocrx_word' id='word_1_175' title='bbox 1151 1966 1242 2021; x_wconf 86' lang='grc' dir='ltr'><strong><em>καὶ</em></strong></span> <span class='ocrx_word' id='word_1_176' title='bbox 1283 1967 1501 2022; x_wconf 81' lang='grc' dir='ltr'><strong><em>ἐλάττω.</em></strong></span> <span class='ocrx_word' id='word_1_177' title='bbox 1573 1965 1662 2020; x_wconf 91' lang='grc' dir='ltr'><strong><em>καὶ</em></strong></span> <span class='ocrx_word' id='word_1_178' title='bbox 1701 1986 1788 2020; x_wconf 89' lang='grc' dir='ltr'><strong><em>νε-</em></strong></span> <span class='ocrx_word' id='word_1_179' title='bbox 1814 1988 1856 2021; x_wconf 78' lang='lat'><strong><em>20</em></strong></span> 
     </span>
    </p>
   </div>
   <div class='ocr_carea' id='block_1_7' title="bbox 50 2055 1791 2126">
    <p class='ocr_par' dir='ltr' id='par_1_7' title="bbox 50 2055 1791 2126">
     <span class='ocr_line' id='line_1_22' title="bbox 50 2055 1791 2126; baseline -0.001 -16"><span class='ocrx_word' id='word_1_180' title='bbox 50 2087 54 2090; x_wconf 92' lang='lat'>·</span> <span class='ocrx_word' id='word_1_181' title='bbox 100 2060 475 2126; x_wconf 82' lang='grc' dir='ltr'><strong><em>ναυαγηκόσιν</em></strong></span> <span class='ocrx_word' id='word_1_182' title='bbox 521 2060 574 2112; x_wconf 79' lang='grc' dir='ltr'><strong><em>οἱ</em></strong></span> <span class='ocrx_word' id='word_1_183' title='bbox 622 2066 791 2112; x_wconf 84' lang='grc' dir='ltr'><strong><em>ταῦτα</em></strong></span> <span class='ocrx_word' id='word_1_184' title='bbox 845 2059 1120 2120; x_wconf 87' lang='grc' dir='ltr'><strong><em>παθόντες</em></strong></span> <span class='ocrx_word' id='word_1_185' title='bbox 1170 2056 1418 2110; x_wconf 82' lang='grc' dir='ltr'><strong><em>ἐοίκασιν</em></strong></span> <span class='ocrx_word' id='word_1_186' title='bbox 1470 2055 1791 2126; x_wconf 84' lang='grc' dir='ltr'><strong><em>ἀνθρώποις</em></strong></span> 
     </span>
    </p>
   </div>
   <div class='ocr_carea' id='block_1_8' title="bbox 102 2141 1213 2216">
    <p class='ocr_par' dir='ltr' id='par_1_8' title="bbox 102 2141 1213 2216">
     <span class='ocr_line' id='line_1_23' title="bbox 102 2141 1213 2216; baseline 0 -18"><span class='ocrx_word' id='word_1_187' title='bbox 102 2142 391 2199; x_wconf 77' lang='grc' dir='ltr'><strong><em>ἐκπεσοῦσι</em></strong></span> <span class='ocrx_word' id='word_1_188' title='bbox 431 2156 542 2200; x_wconf 83' lang='grc' dir='ltr'><strong><em>τῶν</em></strong></span> <span class='ocrx_word' id='word_1_189' title='bbox 581 2157 725 2201; x_wconf 83' lang='grc' dir='ltr'><strong><em>νεῶν</em></strong></span> <span class='ocrx_word' id='word_1_190' title='bbox 764 2145 850 2216; x_wconf 82' lang='grc' dir='ltr'><strong><em>ἐφ’</em></strong></span> <span class='ocrx_word' id='word_1_191' title='bbox 883 2141 963 2199; x_wconf 82' lang='grc' dir='ltr'><strong><em>ὧν</em></strong></span> <span class='ocrx_word' id='word_1_192' title='bbox 1001 2149 1213 2200; x_wconf 81' lang='grc' dir='ltr'><strong><em>ἔπλεον.</em></strong></span> 
     </span>
    </p>
   </div>
   <div class='ocr_carea' id='block_1_9' title="bbox 102 2257 454 2265">
    <p class='ocr_par' dir='ltr' id='par_1_9' title="bbox 102 2257 454 2265">
     <span class='ocr_line' id='line_1_24' title="bbox 102 2257 454 2265; baseline 0 829"><span class='ocrx_word' id='word_1_193' title='bbox 102 2257 454 2265; x_wconf 95' lang='lat' dir='ltr'><strong><em> </em></strong></span> 
     </span>
    </p>
   </div>
   <div class='ocr_carea' id='block_1_10' title="bbox 219 2305 1450 2366">
    <p class='ocr_par' dir='ltr' id='par_1_10' title="bbox 219 2305 1450 2366">
     <span class='ocr_line' id='line_1_25' title="bbox 219 2305 1450 2366; baseline -0.002 -16"><span class='ocrx_word' id='word_1_194' title='bbox 219 2311 273 2350; x_wconf 84' lang='lat'><strong><em>16</em></strong></span> <span class='ocrx_word' id='word_1_195' title='bbox 306 2307 539 2366; x_wconf 58' lang='lat' dir='ltr'><strong><em>[Arima]</em></strong></span> <span class='ocrx_word' id='word_1_196' title='bbox 571 2307 720 2351; x_wconf 79' lang='lat' dir='ltr'><strong>Rhod.</strong></span> <span class='ocrx_word' id='word_1_197' title='bbox 747 2309 780 2352; x_wconf 73' lang='lat' dir='ltr'><strong><em>t.</em></strong></span> <span class='ocrx_word' id='word_1_198' title='bbox 799 2307 820 2350; x_wconf 93' lang='lat'>1</span> <span class='ocrx_word' id='word_1_199' title='bbox 846 2311 949 2361; x_wconf 79' lang='lat'>812,</span> <span class='ocrx_word' id='word_1_200' title='bbox 969 2311 1023 2350; x_wconf 86' lang='lat'><strong><em>14</em></strong></span> <span class='ocrx_word' id='word_1_201' title='bbox 1040 2305 1094 2349; x_wconf 86' lang='lat' dir='ltr'><strong><em>D.</em></strong></span> <span class='ocrx_word' id='word_1_202' title='bbox 1128 2305 1220 2349; x_wconf 76' lang='lat' dir='ltr'>t.11</span> <span class='ocrx_word' id='word_1_203' title='bbox 1245 2310 1316 2359; x_wconf 79' lang='lat'><strong><em>82,</em></strong></span> <span class='ocrx_word' id='word_1_204' title='bbox 1336 2310 1389 2349; x_wconf 82' lang='lat'><strong><em>32</em></strong></span> <span class='ocrx_word' id='word_1_205' title='bbox 1409 2305 1450 2347; x_wconf 83' lang='lat' dir='ltr'><strong>K</strong></span> 
     </span>
    </p>
   </div>
   <div class='ocr_carea' id='block_1_11' title="bbox 101 2397 453 2406">
    <p class='ocr_par' dir='ltr' id='par_1_11' title="bbox 101 2397 453 2406">
     <span class='ocr_line' id='line_1_26' title="bbox 101 2397 453 2406; baseline 0.009 -3"><span class='ocrx_word' id='word_1_206' title='bbox 101 2397 267 2404; x_wconf 39' lang='lat' dir='ltr'><strong><em>ffl-—-</em></strong></span> <span class='ocrx_word' id='word_1_207' title='bbox 297 2402 335 2405; x_wconf 73' lang='lat'><strong><em>-.—</em></strong></span> <span class='ocrx_word' id='word_1_208' title='bbox 362 2403 453 2406; x_wconf 46' lang='lat'><strong><em>&gt;—</em></strong></span> 
     </span>
    </p>
   </div>
   <div class='ocr_carea' id='block_1_12' title="bbox 218 2452 1788 2511">
    <p class='ocr_par' dir='ltr' id='par_1_12' title="bbox 218 2452 1788 2511">
     <span class='ocr_line' id='line_1_27' title="bbox 218 2452 1788 2511; baseline -0.001 -14"><span class='ocrx_word' id='word_1_209' title='bbox 218 2459 244 2497; x_wconf 87' lang='lat'>5</span> <span class='ocrx_word' id='word_1_210' title='bbox 277 2453 378 2509; x_wconf 85' lang='grc' dir='ltr'><strong><em>ἤτοι</em></strong></span> <span class='ocrx_word' id='word_1_211' title='bbox 407 2463 490 2500; x_wconf 86' lang='grc' dir='ltr'><strong><em>τοῦ</em></strong></span> <span class='ocrx_word' id='word_1_212' title='bbox 514 2453 625 2500; x_wconf 64' lang='lat' dir='ltr'><strong><em>mm</em></strong></span> <span class='ocrx_word' id='word_1_213' title='bbox 657 2455 797 2501; x_wconf 82' lang='grc' dir='ltr'><strong><em>ιάδου</em></strong></span> <span class='ocrx_word' id='word_1_214' title='bbox 823 2455 931 2499; x_wconf 83' lang='lat' dir='ltr'><strong><em>P⁸I</em></strong></span> <span class='ocrx_word' id='word_1_215' title='bbox 955 2454 1012 2499; x_wconf 85' lang='lat' dir='ltr'><strong><em>cf.</em></strong></span> <span class='ocrx_word' id='word_1_216' title='bbox 1038 2453 1211 2511; x_wconf 85' lang='lat' dir='ltr'>Helbig</span> <span class='ocrx_word' id='word_1_217' title='bbox 1234 2454 1354 2496; x_wconf 90' lang='lat' dir='ltr'><strong>Ann.</strong></span> <span class='ocrx_word' id='word_1_218' title='bbox 1382 2453 1424 2497; x_wconf 89' lang='lat' dir='ltr'><strong><em>d.</em></strong></span> <span class='ocrx_word' id='word_1_219' title='bbox 1443 2452 1476 2496; x_wconf 87' lang='lat' dir='ltr'><strong><em>I.</em></strong></span> <span class='ocrx_word' id='word_1_220' title='bbox 1502 2454 1535 2497; x_wconf 74' lang='lat' dir='ltr'><strong><em>t.</em></strong></span> <span class='ocrx_word' id='word_1_221' title='bbox 1555 2457 1610 2496; x_wconf 84' lang='lat'><strong><em>38</em></strong></span> <span class='ocrx_word' id='word_1_222' title='bbox 1635 2454 1788 2510; x_wconf 61' lang='lat'>(2866)</span> 
     </span>
    </p>
   </div>
   <div class='ocr_carea' id='block_1_13' title="bbox 55 2495 1595 2570">
    <p class='ocr_par' dir='ltr' id='par_1_13' title="bbox 55 2495 1595 2570">
     <span class='ocr_line' id='line_1_28' title="bbox 55 2495 1595 2570; baseline -0.001 -14"><span class='ocrx_word' id='word_1_223' title='bbox 55 2495 59 2501; x_wconf 46' lang='grc'><em>’</em></span> <span class='ocrx_word' id='word_1_224' title='bbox 100 2524 146 2568; x_wconf 83' lang='lat' dir='ltr'><strong><em>p.</em></strong></span> <span class='ocrx_word' id='word_1_225' title='bbox 170 2517 254 2557; x_wconf 78' lang='lat'><strong><em>228</em></strong></span> <span class='ocrx_word' id='word_1_226' title='bbox 267 2527 332 2569; x_wconf 86' lang='lat' dir='ltr'><strong><em>sq.</em></strong></span> <span class='ocrx_word' id='word_1_227' title='bbox 366 2514 489 2558; x_wconf 88' lang='lat' dir='ltr'>Mon.</span> <span class='ocrx_word' id='word_1_228' title='bbox 517 2514 610 2558; x_wconf 73' lang='grc'><strong><em>(1.1.</em></strong></span> <span class='ocrx_word' id='word_1_229' title='bbox 753 2519 824 2558; x_wconf 83' lang='lat'><strong><em>25.</em></strong></span> <span class='ocrx_word' id='word_1_230' title='bbox 886 2513 1039 2557; x_wconf 77' lang='lat' dir='ltr'><strong>Arndt</strong></span> <span class='ocrx_word' id='word_1_231' title='bbox 1071 2513 1216 2557; x_wconf 76' lang='lat' dir='ltr'>Sti-en.</span> <span class='ocrx_word' id='word_1_232' title='bbox 1245 2512 1431 2570; x_wconf 83' lang='lat' dir='ltr'>Helbig.</span> <span class='ocrx_word' id='word_1_233' title='bbox 1460 2516 1514 2555; x_wconf 94' lang='lat'><strong><em>10</em></strong></span> <span class='ocrx_word' id='word_1_234' title='bbox 1529 2527 1595 2568; x_wconf 82' lang='lat' dir='ltr'><strong><em>sq.</em></strong></span> 
     </span>
    </p>
   </div>
   <div class='ocr_carea' id='block_1_14' title="bbox 102 2603 455 2612">
    <p class='ocr_par' dir='ltr' id='par_1_14' title="bbox 102 2603 455 2612">
     <span class='ocr_line' id='line_1_29' title="bbox 102 2603 455 2612; baseline 0 482"><span class='ocrx_word' id='word_1_235' title='bbox 102 2603 455 2612; x_wconf 95' lang='lat' dir='ltr'><strong><em> </em></strong></span> 
     </span>
    </p>
   </div>
   <div class='ocr_carea' id='block_1_15' title="bbox 142 2658 1728 2737">
    <p class='ocr_par' dir='ltr' id='par_1_15' title="bbox 142 2658 1728 2737">
     <span class='ocr_line' id='line_1_30' title="bbox 142 2658 1728 2737; baseline -0.001 -34"><span class='ocrx_word' id='word_1_236' title='bbox 142 2663 145 2667; x_wconf 83' lang='lat'>&#39;</span> <span class='ocrx_word' id='word_1_237' title='bbox 217 2664 243 2703; x_wconf 78' lang='lat'>2</span> <span class='ocrx_word' id='word_1_238' title='bbox 275 2660 501 2737; x_wconf 80' lang='grc' dir='ltr'><strong><em>παροινίᾳ</em></strong></span> <span class='ocrx_word' id='word_1_239' title='bbox 533 2662 699 2719; x_wconf 79' lang='lat' dir='ltr'><strong>scripsi</strong></span> <span class='ocrx_word' id='word_1_240' title='bbox 723 2675 778 2706; x_wconf 85' lang='lat' dir='ltr'><strong><em>ex</em></strong></span> <span class='ocrx_word' id='word_1_241' title='bbox 810 2663 900 2706; x_wconf 89' lang='lat' dir='ltr'><strong><em>IM</em></strong></span> <span class='ocrx_word' id='word_1_242' title='bbox 911 2662 954 2705; x_wconf 89' lang='lat' dir='ltr'><strong><em>V</em></strong></span> <span class='ocrx_word' id='word_1_243' title='bbox 1033 2658 1273 2721; x_wconf 77' lang='grc' dir='ltr'><strong><em>παρανοίᾳ</em></strong></span> <span class='ocrx_word' id='word_1_244' title='bbox 1304 2659 1475 2715; x_wconf 82' lang='lat' dir='ltr'>reliqui</span> <span class='ocrx_word' id='word_1_245' title='bbox 1503 2658 1612 2703; x_wconf 88' lang='lat' dir='ltr'>libri</span> <span class='ocrx_word' id='word_1_246' title='bbox 1637 2658 1728 2703; x_wconf 84' lang='lat' dir='ltr'><strong><em>edd</em></strong></span> 
     </span>
    </p>
   </div>
   <div class='ocr_carea' id='block_1_16' title="bbox 47 2707 1788 2782">
    <p class='ocr_par' dir='ltr' id='par_1_16' title="bbox 47 2707 1788 2782">
     <span class='ocr_line' id='line_1_31' title="bbox 47 2707 1788 2782; baseline -0.001 -20"><span class='ocrx_word' id='word_1_247' title='bbox 47 2743 74 2778; x_wconf 55' lang='lat' dir='ltr'><strong><em>j</em></strong></span> <span class='ocrx_word' id='word_1_248' title='bbox 102 2718 131 2762; x_wconf 76' lang='lat'><em>8</em></span> <span class='ocrx_word' id='word_1_249' title='bbox 160 2719 330 2770; x_wconf 77' lang='grc' dir='ltr'><strong><em>αὐτους</em></strong></span> <span class='ocrx_word' id='word_1_250' title='bbox 361 2721 405 2764; x_wconf 90' lang='lat' dir='ltr'><strong><em>V</em></strong></span> <span class='ocrx_word' id='word_1_251' title='bbox 555 2726 584 2764; x_wconf 77' lang='lat'>4</span> <span class='ocrx_word' id='word_1_252' title='bbox 615 2718 807 2782; x_wconf 83' lang='grc' dir='ltr'><strong><em>βερροίᾳ</em></strong></span> <span class='ocrx_word' id='word_1_253' title='bbox 832 2721 974 2764; x_wconf 89' lang='lat' dir='ltr'><strong><em>IMV</em></strong></span> <span class='ocrx_word' id='word_1_254' title='bbox 999 2719 1055 2763; x_wconf 85' lang='lat' dir='ltr'><strong><em>cf</em></strong></span> <span class='ocrx_word' id='word_1_255' title='bbox 1081 2734 1125 2775; x_wconf 91' lang='lat' dir='ltr'>p</span> <span class='ocrx_word' id='word_1_256' title='bbox 1146 2707 1290 2774; x_wconf 80' lang='lat'>50‚1‘3</span> <span class='ocrx_word' id='word_1_257' title='bbox 1443 2722 1469 2761; x_wconf 87' lang='grc'>6</span> <span class='ocrx_word' id='word_1_258' title='bbox 1500 2718 1552 2762; x_wconf 89' lang='grc' dir='ltr'><strong><em>τὸ</em></strong></span> <span class='ocrx_word' id='word_1_259' title='bbox 1584 2716 1709 2761; x_wconf 82' lang='lat' dir='ltr'>inser</span> <span class='ocrx_word' id='word_1_260' title='bbox 1731 2717 1788 2761; x_wconf 83' lang='lat'><strong><em>1³</em></strong></span> 
     </span>
    </p>
   </div>
   <div class='ocr_carea' id='block_1_17' title="bbox 161 2766 1788 2851">
    <p class='ocr_par' dir='ltr' id='par_1_17' title="bbox 161 2766 1788 2851">
     <span class='ocr_line' id='line_1_32' title="bbox 161 2766 1788 2851; baseline -0.001 -31"><span class='ocrx_word' id='word_1_261' title='bbox 161 2781 185 2820; x_wconf 80' lang='grc'><strong><em>’1</em></strong></span> <span class='ocrx_word' id='word_1_262' title='bbox 218 2778 362 2824; x_wconf 83' lang='grc' dir='ltr'><strong><em>αὐτοῦ</em></strong></span> <span class='ocrx_word' id='word_1_263' title='bbox 387 2781 433 2824; x_wconf 88' lang='grc' dir='ltr'><strong><em>Β</em></strong></span> <span class='ocrx_word' id='word_1_264' title='bbox 448 2779 661 2824; x_wconf 81' lang='lat' dir='ltr'>Monnier</span> <span class='ocrx_word' id='word_1_265' title='bbox 687 2783 692 2837; x_wconf 86' lang='grc' dir='ltr'>Ι</span> <span class='ocrx_word' id='word_1_266' title='bbox 721 2766 1003 2851; x_wconf 75' lang='grc' dir='ltr'><strong><em>καθημέραν</em></strong></span> <span class='ocrx_word' id='word_1_267' title='bbox 1019 2779 1061 2822; x_wconf 93' lang='lat' dir='ltr'><em>V</em></span> <span class='ocrx_word' id='word_1_268' title='bbox 1175 2782 1201 2821; x_wconf 84' lang='lat'>8</span> <span class='ocrx_word' id='word_1_269' title='bbox 1233 2775 1293 2823; x_wconf 78' lang='grc' dir='ltr'><strong><em>ἂν</em></strong></span> <span class='ocrx_word' id='word_1_270' title='bbox 1317 2794 1462 2827; x_wconf 84' lang='grc' dir='ltr'><strong><em>ουτως</em></strong></span> <span class='ocrx_word' id='word_1_271' title='bbox 1485 2778 1519 2820; x_wconf 93' lang='grc' dir='ltr'><em>Ι</em></span> <span class='ocrx_word' id='word_1_272' title='bbox 1632 2781 1658 2819; x_wconf 85' lang='grc'><strong>9</strong></span> <span class='ocrx_word' id='word_1_273' title='bbox 1689 2778 1788 2820; x_wconf 84' lang='grc' dir='ltr'><strong><em>τολ-</em></strong></span> 
     </span>
    </p>
   </div>
   <div class='ocr_carea' id='block_1_18' title="bbox 52 2818 1795 2995">
    <p class='ocr_par' dir='ltr' id='par_1_18' title="bbox 52 2818 1795 2995">
     <span class='ocr_line' id='line_1_33' title="bbox 55 2818 1795 2895; baseline -0.004 -10"><span class='ocrx_word' id='word_1_274' title='bbox 55 2818 64 2885; x_wconf 23' lang='grc' dir='ltr'><em>Ῑ</em></span> <span class='ocrx_word' id='word_1_275' title='bbox 165 2850 243 2881; x_wconf 85' lang='grc' dir='ltr'><strong><em>σαι</em></strong></span> <span class='ocrx_word' id='word_1_276' title='bbox 266 2838 329 2890; x_wconf 79' lang='grc' dir='ltr'><em>Μ</em></span> <span class='ocrx_word' id='word_1_277' title='bbox 446 2843 501 2883; x_wconf 92' lang='grc'><strong><em>10</em></strong></span> <span class='ocrx_word' id='word_1_278' title='bbox 523 2841 711 2895; x_wconf 83' lang='grc' dir='ltr'><strong><em>λαμπρᾶ</em></strong></span> <span class='ocrx_word' id='word_1_279' title='bbox 734 2840 781 2883; x_wconf 89' lang='grc' dir='ltr'><strong><em>Ρ</em></strong></span> <span class='ocrx_word' id='word_1_280' title='bbox 810 2839 930 2882; x_wconf 66' lang='lat' dir='ltr'><strong><em>sed*</em></strong></span> <span class='ocrx_word' id='word_1_281' title='bbox 950 2851 974 2881; x_wconf 83' lang='lat' dir='ltr'><strong>e</strong></span> <span class='ocrx_word' id='word_1_282' title='bbox 1040 2851 1142 2881; x_wconf 84' lang='lat' dir='ltr'><strong>con·</strong></span> <span class='ocrx_word' id='word_1_283' title='bbox 1164 2836 1235 2879; x_wconf 65' lang='grc' dir='ltr'><strong><em>ω’</em></strong></span> <span class='ocrx_word' id='word_1_284' title='bbox 1359 2841 1410 2879; x_wconf 92' lang='grc'><strong><em>11</em></strong></span> <span class='ocrx_word' id='word_1_285' title='bbox 1437 2834 1735 2893; x_wconf 81' lang='grc' dir='ltr'><strong><em>ἠκριβωμένω</em></strong></span> <span class='ocrx_word' id='word_1_286' title='bbox 1759 2835 1795 2878; x_wconf 93' lang='grc' dir='ltr'><em>Ι</em></span> 
     </span>
     <span class='ocr_line' id='line_1_34' title="bbox 52 2833 1787 2995; baseline -0.001 -55"><span class='ocrx_word' id='word_1_287' title='bbox 52 2911 54 2915; x_wconf 72' lang='grc'>’</span> <span class='ocrx_word' id='word_1_288' title='bbox 101 2833 205 2995; x_wconf 52' lang='lat' dir='ltr'><strong><em>Ut&amp;</em></strong></span> <span class='ocrx_word' id='word_1_289' title='bbox 231 2894 419 2942; x_wconf 81' lang='grc' dir='ltr'><strong><em>Φειδίου</em></strong></span> <span class='ocrx_word' id='word_1_290' title='bbox 450 2905 599 2971; x_wconf 80' lang='grc' dir='ltr'><strong><em>χεῖρες</em></strong></span> <span class='ocrx_word' id='word_1_291' title='bbox 623 2897 837 2942; x_wconf 85' lang='lat' dir='ltr'>Monnier</span> <span class='ocrx_word' id='word_1_292' title='bbox 959 2901 1012 2939; x_wconf 84' lang='lat'><strong><em>12</em></strong></span> <span class='ocrx_word' id='word_1_293' title='bbox 1045 2896 1242 2940; x_wconf 71' lang='grc' dir='ltr'><strong><em>πολλοὶῗ</em></strong></span> <span class='ocrx_word' id='word_1_294' title='bbox 1364 2899 1415 2938; x_wconf 81' lang='grc'><strong><em>17</em></strong></span> <span class='ocrx_word' id='word_1_295' title='bbox 1450 2894 1595 2946; x_wconf 74' lang='grc' dir='ltr'><strong><em>οὕτως</em></strong></span> <span class='ocrx_word' id='word_1_296' title='bbox 1621 2894 1787 2939; x_wconf 80' lang='grc' dir='ltr'><em>ΟΡΙΜ</em></span> 
     </span>
    </p>
   </div>
   <div class='ocr_carea' id='block_1_19' title="bbox 52 2949 78 3017">
    <p class='ocr_par' dir='ltr' id='par_1_19' title="bbox 52 2949 78 3017">
     <span class='ocr_line' id='line_1_35' title="bbox 52 2949 78 3017; baseline 0 0"><span class='ocrx_word' id='word_1_297' title='bbox 52 2949 78 3017; x_wconf 55' lang='grc' dir='ltr'><strong><em>ἐν</em></strong></span> 
     </span>
    </p>
   </div>
   <div class='ocr_carea' id='block_1_20' title="bbox 155 2954 1705 3014">
    <p class='ocr_par' dir='ltr' id='par_1_20' title="bbox 155 2954 1705 3014">
     <span class='ocr_line' id='line_1_36' title="bbox 155 2954 1705 3014; baseline 0 -17"><span class='ocrx_word' id='word_1_298' title='bbox 155 2965 202 2997; x_wconf 76' lang='lat' dir='ltr'><strong><em>al</em></strong></span> <span class='ocrx_word' id='word_1_299' title='bbox 324 2960 377 2999; x_wconf 85' lang='lat'><strong><em>19</em></strong></span> <span class='ocrx_word' id='word_1_300' title='bbox 410 2955 634 3014; x_wconf 84' lang='grc' dir='ltr'><strong><em>καμόντες</em></strong></span> <span class='ocrx_word' id='word_1_301' title='bbox 658 2956 822 3012; x_wconf 80' lang='lat' dir='ltr'>scripsi</span> <span class='ocrx_word' id='word_1_302' title='bbox 884 2954 1138 3011; x_wconf 81' lang='grc' dir='ltr'><strong><em>κάμνοντες</em></strong></span> <span class='ocrx_word' id='word_1_303' title='bbox 1167 2954 1277 2999; x_wconf 87' lang='lat' dir='ltr'>libri</span> <span class='ocrx_word' id='word_1_304' title='bbox 1310 2954 1400 2996; x_wconf 86' lang='lat' dir='ltr'><strong><em>edd</em></strong></span> <span class='ocrx_word' id='word_1_305' title='bbox 1429 2957 1434 3010; x_wconf 90' lang='grc' dir='ltr'>Ι</span> <span class='ocrx_word' id='word_1_306' title='bbox 1462 2954 1630 3003; x_wconf 81' lang='grc' dir='ltr'><strong><em>αὐτους</em></strong></span> <span class='ocrx_word' id='word_1_307' title='bbox 1662 2954 1705 2997; x_wconf 91' lang='lat' dir='ltr'><strong><em>V</em></strong></span> 
     </span>
    </p>
   </div>
   <div class='ocr_carea' id='block_1_21' title="bbox 56 3027 1521 3094">
    <p class='ocr_par' dir='ltr' id='par_1_21' title="bbox 56 3027 1521 3094">
     <span class='ocr_line' id='line_1_37' title="bbox 56 3027 1521 3094; baseline 0 0"><span class='ocrx_word' id='word_1_308' title='bbox 56 3034 82 3094; x_wconf 73' lang='lat' dir='ltr'><strong><em>t·</em></strong></span> <span class='ocrx_word' id='word_1_309' title='bbox 1467 3027 1521 3069; x_wconf 74' lang='lat'><strong><em>⁷*</em></strong></span> 
     </span>
    </p>
   </div>
  </div>
 </body>
</html>
