1992 3094
357 96 585 141 LIBANII
616 96 840 142 ORATIO
873 97 955 140 AD
989 95 1208 141 DICERE
1241 96 1561 141 NOLENTES
1695 97 1799 149 221

108 235 236 305 σίω,
283 233 384 301 τὴν
423 233 597 301 αὐτὴν
641 233 777 286 ὁδὸν
818 234 1014 300 ἰόντες,
1061 240 1157 301 τῆς
1196 233 1365 302 αὐτῆς
1413 241 1602 302 φωνῆς
1641 232 1804 285 ἀκού-

108 341 289 389 οντες,
343 331 454 374 τῶν
508 322 692 374 αὐτῶν
751 323 921 391 ἰχνῶν
975 320 1247 391 ἐχόμενοι;
1308 324 1489 375 πόθεν
1544 316 1649 374 οὖν
1703 321 1806 374 οὐκ

112 415 225 463 ἴσοι
269 410 469 473 πάντες
517 410 650 464 οὐδὲ
694 413 1091 479 παραπλήσιοι,
1147 405 1306 464 εἷπον
1351 409 1442 464 καὶ
1495 410 1804 479 διελέχθην.

111 497 236 569 παρ’
267 499 424 566 ὑμῶν
462 495 567 552 οὖν
606 497 826 569 ἔχοντες
862 508 976 553 τῶν
1013 499 1139 552 κατ’
1163 499 1298 569 ἐμοῦ
1340 501 1520 568 λόγων
1552 499 1807 569 ἀφορμὰς

110 590 166 642 οἱ
204 596 303 641 τοῦ
342 597 520 651 κακῶς
557 608 624 657 με
663 587 847 656 λέγειν
885 587 1293 656 ἐπιθυμοῦντες
1328 589 1638 658 κρύπτουσι
1677 590 1807 650 τοὺς
1853 609 1872 642 5

107 685 256 747 τρεῖς
294 675 542 740 ἐκείνους
580 683 654 750 τῷ
688 680 890 746 πλήθει
930 687 1043 730 τῶν
1082 680 1363 747 χειρόνων.

222 766 308 818 22.
372 766 451 818 Τὸ
493 763 554 819 δὲ
600 766 825 819 πάντων
863 765 1267 835 ἀλγεινότατον,
1320 766 1403 819 ὅτι
1443 766 1472 820 ὁ
1512 768 1669 820 δεῖνα
1706 763 1809 833 μὲν

110 850 180 908 οὗ
221 855 322 907 οὐκ
368 853 439 907 ἂν
488 859 697 922 εἴποιμι
744 856 1015 924 τοῦνομα,
1066 855 1246 924 ῥήτωρ
1295 855 1440 919 ἀξιοῖ
1485 857 1808 924 νομίζεσθαι

111 945 289 996 πάντα
328 947 540 1012 μᾶλλον
578 944 908 1013 μεμαθηκὼς
940 944 973 1013 ἢ
1005 943 1205 1012 λέγειν,
1245 944 1378 997 οὐδὲ
1413 945 1516 1014 γὰρ
1550 942 1808 1014 ἐφοίτησε

112 1034 260 1100 παρὰ
297 1033 586 1096 τοιούτους
625 1034 1019 1101 διδασκάλους,
1067 1031 1196 1086 ἀλλ’
1227 1034 1372 1102 ὅμως
1412 1033 1514 1086 οὐκ
1553 1032 1623 1086 ἂν
1662 1031 1805 1096 ἐξελ-
1831 1055 1874 1087 10

109 1126 242 1174 θεῖν
289 1121 583 1191 ἀνάσχοιτο
630 1123 764 1191 πρὶν
812 1124 988 1175 εἰπεῖν
1038 1142 1090 1174 τι
1138 1123 1277 1192 πρὸς
1320 1123 1421 1176 τὸν
1471 1123 1736 1191 δικαστὴν
1774 1121 1807 1190 ἢ

111 1209 284 1263 πλέον
329 1209 361 1278 ἢ
409 1208 654 1279 ἔλαττον,
707 1211 863 1278 ὑμεῖς
911 1211 972 1264 δὲ
1020 1212 1074 1264 οἱ
1126 1212 1221 1274 τὰς
1276 1210 1501 1274 δέλτους
1547 1210 1609 1264 ἐν
1653 1211 1808 1264 παισὶ

111 1300 377 1362 πολλάκις
432 1299 664 1353 ἑκάστου
719 1301 891 1369 μηνὸς
943 1310 1054 1353 τῶν
1106 1300 1367 1370 ῥητορικῇ
1413 1302 1810 1370 προσηκόντων

115 1388 450 1458 γραμμάτων
488 1388 888 1457 ἐμπεπληκότες
938 1388 1244 1458 ἀπέρχεσθε
1291 1397 1562 1443 τοσοῦτον
1598 1397 1709 1442 τῶν
1749 1387 1811 1442 ἐν

117 1485 234 1540 ταῖς
272 1486 513 1546 γραφαῖς
553 1478 928 1546 διενεγκόντες
976 1478 1111 1531 ὅσον
1155 1479 1402 1546 βαδίζετε
1447 1479 1538 1531 καὶ
1584 1476 1810 1547 βλέπετε
1835 1500 1876 1532 15

111 1564 203 1618 καὶ
244 1565 553 1635 ἀναπνεῖτε,
592 1567 659 1619 τὰ
698 1563 759 1619 δὲ
799 1575 894 1636 τῆς
934 1566 1183 1636 ἀφωνιάς
1222 1572 1328 1620 ἴσα.

228 1654 313 1707 23.
370 1659 518 1718 Τοῖς
568 1656 687 1723 γὰρ
727 1655 1229 1725 πρεσβυτέροις,
1284 1657 1359 1724 νὴ
1399 1657 1552 1724 Δία,
1606 1674 1809 1726 παρα-

113 1742 459 1813 χωρητέον.
536 1744 684 1797 πάνυ
737 1764 798 1813 γε
844 1752 944 1797 τοῦ
992 1746 1243 1814 πρώτους
1290 1746 1478 1798 εἰπεῖν.
1555 1745 1712 1814 ὑμεῖς
1751 1744 1812 1798 δ’

111 1832 303 1895 αὐτοῖς
341 1832 602 1902 παρέχετε
640 1835 701 1886 τὸ
742 1835 963 1902 μόνους.
1041 1834 1109 1887 οὐ
1156 1835 1261 1903 γὰρ
1306 1832 1398 1887 ἐπ’
1428 1832 1660 1897 ἐκείνοις
1699 1833 1810 1898 ἀξι-

113 1928 244 1974 οῦτε
291 1921 491 1990 λέγειν,
546 1919 830 1975 ἀλλὀὐδὲ
882 1922 1064 1990 λέγειν
1114 1923 1267 1985 ὅλως.
1346 1925 1458 1975 ἔστι
1514 1920 1575 1975 δὲ
1629 1921 1808 1976 ἐκεῖνο
1835 1945 1878 1977 20

114 2006 219 2078 μὲν
271 2011 559 2079 τιμώντων
614 2010 883 2080 ἐκείνους,
937 2019 1101 2065 τοῦτο
1159 2012 1220 2065 δὲ
1266 2011 1469 2074 αὑτοὺς
1518 2025 1811 2082 καταισχυ-

114 2099 344 2152 νόντων.
421 2101 474 2153 οἱ
515 2099 577 2152 δ’
601 2100 732 2153 οὐδ’
763 2099 922 2154 αὐτοὶ
969 2102 1146 2173 τούτῳ
1186 2099 1247 2168 γ’
1269 2100 1340 2153 ἂν
1378 2099 1620 2170 ἠξίωσαν
1658 2108 1811 2170 τιμᾶ-

116 2192 269 2240 σθαι.
323 2191 501 2241 καίτοι
533 2187 624 2242 καὶ
655 2190 762 2258 πρὸ
797 2189 1025 2243 ἐκείνων
1057 2192 1207 2242 ἔστιν
1239 2186 1307 2242 οὗ
1348 2189 1529 2257 λέγειν
1568 2190 1811 2258 οἰόμενοι

116 2276 238 2328 δεῖν
274 2275 441 2345 εἴχετ’
464 2275 534 2330 ἂν
573 2278 651 2341 εἰς
682 2279 1029 2348 παράδειγμα
1062 2278 1255 2332 ἱκανὸν
1286 2279 1673 2347 καταφεύγειν,
1713 2279 1811 2331 τὸν
1835 2300 1879 2332 34

117 2364 511 2434 Δημοσθένην,
552 2365 613 2429 ὃς
651 2367 815 2429 αὐτὸς
856 2366 1114 2435 ὁμολογεῖ
1151 2368 1416 2437 πρότερος
1464 2365 1471 2435 Ι
1519 2367 1652 2420 ἐκεί-
1692 2376 1899 2424 ΒΠ294

237 2530 292 2569 25
324 2525 454 2570 Dem.
482 2540 518 2570 c.
544 2526 664 2571 Phil.
690 2526 711 2569 I
731 2533 751 2570 1
787 2542 831 2584 p.
858 2531 929 2582 40,
950 2532 972 2570 1
990 2542 1054 2582 sq.

240 2679 261 2717 1
296 2644 440 2724 ἱέντες
473 2677 557 2719 Mo
694 2679 719 2718 2
752 2671 838 2719 οὖν
871 2689 946 2718 om
971 2675 1015 2718 B
1161 2680 1186 2718 3
1221 2672 1312 2720 ἶσοι
1346 2676 1479 2720 MoB
1507 2678 1512 2731 Ι
1541 2673 1809 2749 διειλέχθην

123 2730 294 2777 ΟΜΟΑ
326 2734 439 2790 cf.p
445 2738 550 2786 ,,25
571 2738 619 2788 3;
652 2738 723 2786 66,
743 2738 790 2788 53
822 2733 968 2787 1133,
990 2738 1065 2789 14,
1098 2734 1140 2778 Π
1164 2739 1522 2837 464,16146
1543 2735 1570 2778 ὑ
1607 2742 1671 2778 ῶν
1704 2731 1809 2792 οὖν]

121 2789 231 2846 ἐμοῦ
264 2791 347 2848 μὲν
378 2793 514 2837 IMR
668 2798 720 2835 12
753 2809 862 2844 τους
894 2794 939 2836 Β
1103 2798 1214 2837 13τ
1216 2794 1320 2852 ῇῘῙ
1575 2807 1634 2837 σα
1667 2795 1752 2838 Mo

123 2852 177 2891 21
211 2851 381 2902 αὐτοὺς
413 2853 498 2896 Mo
659 2857 714 2894 22
748 2851 794 2895 οἳ
826 2853 904 2896 ΑΙ
991 2868 1034 2896 οι
1071 2853 1364 2898 MoPMBV
1399 2853 1405 2911 Ι
1447 2860 1583 2896 τοῦτο
1615 2852 1751 2897 IMR

123 2911 180 2950 24
212 2907 375 2954 ἱκανὸν
408 2924 482 2953 om
508 2910 554 2953 B
