1992 3094
819 773 1000 827 XXVI
1040 772 1218 846 (xxv
1242 772 1314 845 R)

732 879 964 941 ΠΡΟΣ
1018 877 1395 940 IKAPION.

134 1040 309 1083 RII91
392 1028 437 1078 1.
486 1025 577 1089 Ὡς
622 1026 723 1093 μὲν
768 1024 855 1078 ἐπὶ
910 1033 1025 1088 τοῖς
1078 1023 1203 1095 περὶ
1254 1022 1315 1078 σε
1368 1023 1814 1094 τετολμημένοις,
1870 1020 1911 1077 ὦ

225 1117 473 1184 φίλτατε,
528 1113 787 1183 διετέθην
832 1112 923 1167 καὶ
972 1107 1062 1166 οἷα
1108 1110 1210 1181 μὲν
1255 1110 1431 1182 εἶπον,
1479 1106 1569 1166 οἷα
1609 1110 1669 1166 δὲ
1708 1110 1914 1182 ἔπραξα

223 1205 359 1274 πρὸς
396 1206 525 1266 τοὺς
565 1203 631 1256 οὐ
671 1210 1127 1272 σωφρονοῦντας,
1165 1203 1295 1265 τούς
1333 1222 1391 1255 τε
1430 1203 1633 1265 ἄλλους
1671 1203 1915 1264 ἅπαντας

181 1315 200 1346 5
226 1292 430 1346 εἰδέναι
469 1293 668 1358 νομίζω
701 1290 766 1344 σέ
801 1311 859 1344 τε
891 1291 1120 1354 οὐδενὸς
1151 1288 1331 1360 ἧττον.
1409 1293 1461 1343 ει’
1490 1286 1594 1344 οὗν
1623 1310 1750 1344 τινα
1779 1291 1917 1360 πρὸς

226 1381 286 1434 σὲ
323 1383 581 1449 ποιοίμην
619 1381 708 1433 καὶ
747 1382 1091 1450 παραίνεσιν,
1143 1380 1244 1432 οὐκ
1290 1379 1360 1432 ἂν
1407 1381 1626 1443 εἰκότως
1671 1379 1915 1448 ὑπολαμ-

228 1469 418 1538 βάνοις
450 1468 654 1539 ἑτέροις
692 1488 758 1536 με
789 1472 1001 1535 μᾶλλον
1040 1470 1398 1538 χαριζόμενον
1430 1468 1463 1537 ἢ
1494 1478 1605 1522 τῶν
1638 1478 1753 1522 σῶν
1783 1469 1916 1538 πρό-

229 1576 389 1609 νοιαν
426 1558 765 1626 ποιούμενον
795 1556 884 1610 ἐπὶ
915 1565 1077 1611 τοῦτο
1119 1557 1374 1627 ἀφῖχθαι,
1414 1556 1533 1610 οὐδ’
1565 1556 1635 1610 ἂν
1672 1559 1917 1625 χαλεπῶς

136 1659 178 1702 R
201 1658 314 1701 1192
348 1644 555 1714 φέροις,
596 1651 653 1698 εἴ
682 1665 734 1698 τι
774 1655 886 1698 τῶν
923 1653 1031 1699 νῦν
1072 1646 1174 1699 οὐκ
1213 1646 1398 1713 ὀρθῶς
1432 1647 1439 1714 Ι
1475 1659 1563 1698 σοι
1596 1646 1916 1698 δοκούντων

161 1756 202 1787 10
228 1731 618 1802 ἑπανορθοίην.
695 1734 761 1787 οὐ
816 1735 920 1804 γὰρ
978 1734 1076 1797 οὓς
1130 1733 1232 1787 οὐκ
1282 1732 1352 1786 ἂν
1405 1735 1626 1797 εἰκότως
1681 1736 1915 1804 φιλοίης,

228 1824 399 1890 φαίην
438 1822 506 1874 ἄν
557 1836 618 1875 σε
665 1824 964 1892 προσήκειν
1012 1827 1214 1892 φιλεῖν,
1270 1821 1406 1875 ἀλλὰ
1460 1823 1531 1891 μὴ
1587 1831 1771 1891 μισεῖν
1817 1823 1914 1886 οὓς

228 1910 328 1962 οὐκ
367 1908 534 1972 ἄξιον.

347 2055 386 2100 0
450 2077 505 2092 =
539 2056 684 2099 codex
716 2055 962 2100 Ghisianus

345 2114 391 2158 A
451 2136 506 2151 =
538 2115 830 2159 Monacensis
862 2130 928 2172 gr.
955 2120 1042 2159 483
1075 2115 1411 2172 (Augustanus)

346 2174 392 2217 P
451 2195 506 2210 =
538 2173 780 2217 Palatinus
812 2189 879 2231 gr.
907 2179 991 2218 282

345 2233 381 2274 Ι
450 2253 505 2268 =
537 2232 802 2276 Marcianus
834 2234 1032 2290 append.
1058 2231 1158 2276 XCI
1176 2238 1200 2276 2

346 2292 420 2335 Ρα
452 2313 507 2328 =
540 2291 750 2334 Patmius

347 2351 432 2394 Mo
449 2371 504 2386 =
537 2349 827 2394 Monacensis
859 2365 924 2406 gr.
947 2355 1028 2394 101

357 2408 400 2451 V
448 2429 503 2444 =
539 2407 906 2453 Vindobonensis
939 2410 1052 2466 phil.
1079 2423 1145 2465 gr.
1172 2408 1313 2453 XCIII

351 2546 372 2582 1
409 2540 465 2584 cf.
492 2542 524 2584 t.
543 2540 564 2582 I
594 2555 637 2596 p.
660 2545 757 2596 182,
775 2546 800 2584 5
816 2556 881 2597 sq.

353 2677 375 2715 1
400 2678 481 2716 τοῦ
507 2674 651 2716 αὐτοῦ
674 2673 791 2727 πρὸς
816 2674 884 2729 Vl
914 2673 1097 2730 ἱκάριον
1115 2675 1148 2717 Ι
1231 2671 1365 2730 λόγος
1389 2673 1784 2725 ὀκτωκαιδέκατος
1806 2675 1914 2731 post

231 2730 415 2785 ἰκοὶριον
456 2731 628 2775 Vrubr
777 2737 801 2774 2
833 2732 1176 2789 πεπραγμένοις
1206 2734 1237 2776 Ι
1384 2738 1409 2776 5
1443 2731 1488 2776 δ’
1525 2733 1648 2776 inter
1678 2733 1719 2777 εἰ
1750 2735 1797 2777 et
1830 2729 1912 2777 οὖν

230 2790 354 2833 inser
377 2789 449 2832 12²
581 2794 606 2832 6
640 2789 981 2848 ὑπολαμβάνεις
1012 2794 1043 2835 1
1176 2796 1199 2834 7
1234 2790 1406 2846 ἑτέροις
1437 2793 1483 2835 Ρ
1512 2792 1592 2835 sed
1626 2809 1642 2834 ι
1671 2792 1721 2834 in
1744 2805 1819 2835 ras
1843 2790 1914 2835 m²

235 2847 240 2905 Ι
275 2864 327 2903 με
353 2861 427 2891 om
446 2849 572 2892 PaV
627 2848 710 2904 μὲν
733 2848 837 2891 Μοι·
863 2850 869 2907 Ι
896 2850 1245 2906 προνοούμενον
1269 2850 1372 2894 Mor
1493 2854 1517 2893 9
1545 2850 1704 2905 ὀρθῶν
1721 2850 1875 2909 <ἔν>ἱ>
1903 2850 1908 2908 Ι

232 2907 496 2951 δοκούντων
521 2906 641 2963 ἔχειν
667 2907 771 2950 coni
796 2907 862 2951 Re
985 2914 1036 2951 11
1072 2923 1144 2952 σοι
1171 2910 1214 2953 Ῐζ
1235 2911 1241 2965 Ι
1268 2908 1349 2959 οὓς
1381 2909 1466 2952 οὐκ
1490 2909 1538 2951 in
1562 2923 1695 2966 marg
1719 2909 1844 2952 inser
1867 2909 1913 2953 A
