<?xml version="1.0" encoding="UTF-8"?>
<!DOCTYPE html PUBLIC "-//W3C//DTD XHTML 1.0 Transitional//EN"
    "http://www.w3.org/TR/xhtml1/DTD/xhtml1-transitional.dtd">
<html xmlns="http://www.w3.org/1999/xhtml" xml:lang="en" lang="en">
 <head>
  <title>
</title>
<meta http-equiv="Content-Type" content="text/html;charset=utf-8" />
  <meta name='ocr-system' content='tesseract 3.04.00' />
  <meta name='ocr-capabilities' content='ocr_page ocr_carea ocr_par ocr_line ocrx_word'/>
</head>
<body>
  <div class='ocr_page' id='page_1' title='image "./operarecensuitri03libauoft_0062.png"; bbox 0 0 1992 3094; ppageno 0'>
   <div class='ocr_carea' id='block_1_1' title="bbox 195 96 1348 143">
    <p class='ocr_par' dir='ltr' id='par_1_1' title="bbox 195 96 1348 143">
     <span class='ocr_line' id='line_1_1' title="bbox 195 96 1348 143; baseline -0.003 0"><span class='ocrx_word' id='word_1_1' title='bbox 195 99 338 143; x_wconf 92' lang='lat' dir='ltr'><strong>LVIII</strong></span> <span class='ocrx_word' id='word_1_2' title='bbox 736 97 1078 142; x_wconf 82' lang='lat' dir='ltr'><strong>PRAEFATIO</strong></span> <span class='ocrx_word' id='word_1_3' title='bbox 1113 96 1348 141; x_wconf 84' lang='lat' dir='ltr'><strong>GRITICA</strong></span> 
     </span>
    </p>
   </div>
   <div class='ocr_carea' id='block_1_2' title="bbox 193 236 1882 2959">
    <p class='ocr_par' dir='ltr' id='par_1_2' title="bbox 194 236 1882 598">
     <span class='ocr_line' id='line_1_2' title="bbox 194 236 1882 302; baseline -0.003 -14"><span class='ocrx_word' id='word_1_4' title='bbox 194 241 328 302; x_wconf 86' lang='lat' dir='ltr'>quod</span> <span class='ocrx_word' id='word_1_5' title='bbox 373 239 506 302; x_wconf 89' lang='lat' dir='ltr'>apud</span> <span class='ocrx_word' id='word_1_6' title='bbox 544 238 808 286; x_wconf 87' lang='lat' dir='ltr'>Libanium</span> <span class='ocrx_word' id='word_1_7' title='bbox 847 238 1154 299; x_wconf 82' lang='lat' dir='ltr'>frequenter,</span> <span class='ocrx_word' id='word_1_8' title='bbox 1202 238 1340 285; x_wconf 86' lang='lat' dir='ltr'>velut</span> <span class='ocrx_word' id='word_1_9' title='bbox 1386 238 1419 283; x_wconf 84' lang='lat' dir='ltr'>t.</span> <span class='ocrx_word' id='word_1_10' title='bbox 1452 236 1530 283; x_wconf 92' lang='lat' dir='ltr'>III</span> <span class='ocrx_word' id='word_1_11' title='bbox 1570 237 1691 297; x_wconf 85' lang='lat'>433,</span> <span class='ocrx_word' id='word_1_12' title='bbox 1721 238 1783 284; x_wconf 95' lang='lat'>11</span> <span class='ocrx_word' id='word_1_13' title='bbox 1832 236 1882 284; x_wconf 79' lang='grc' dir='ltr'>οἳ</span> 
     </span>
     <span class='ocr_line' id='line_1_3' title="bbox 194 308 1875 376; baseline -0.004 -13"><span class='ocrx_word' id='word_1_14' title='bbox 194 313 285 363; x_wconf 81' lang='grc' dir='ltr'>οὐκ</span> <span class='ocrx_word' id='word_1_15' title='bbox 335 313 531 376; x_wconf 73' lang='grc' dir='ltr'><strong><em>ἔμελλον</em></strong></span> <span class='ocrx_word' id='word_1_16' title='bbox 578 311 741 374; x_wconf 82' lang='grc' dir='ltr'><em>δήπου</em></span> <span class='ocrx_word' id='word_1_17' title='bbox 787 313 1003 376; x_wconf 79' lang='grc' dir='ltr'><strong><em>χαλεπῶς</em></strong></span> <span class='ocrx_word' id='word_1_18' title='bbox 1055 309 1174 374; x_wconf 81' lang='grc' dir='ltr'><em>ὑμῖν</em></span> <span class='ocrx_word' id='word_1_19' title='bbox 1221 308 1365 371; x_wconf 75' lang='grc' dir='ltr'><strong><em>ἕξειν,</em></strong></span> <span class='ocrx_word' id='word_1_20' title='bbox 1419 326 1516 358; x_wconf 93' lang='lat' dir='ltr'>non</span> <span class='ocrx_word' id='word_1_21' title='bbox 1569 309 1728 358; x_wconf 91' lang='lat' dir='ltr'>solum</span> <span class='ocrx_word' id='word_1_22' title='bbox 1775 325 1875 358; x_wconf 87' lang='lat' dir='ltr'>rem</span> 
     </span>
     <span class='ocr_line' id='line_1_4' title="bbox 198 385 1877 448; baseline -0.002 -13"><span class='ocrx_word' id='word_1_23' title='bbox 198 389 411 436; x_wconf 84' lang='lat' dir='ltr'>futuram</span> <span class='ocrx_word' id='word_1_24' title='bbox 457 388 617 448; x_wconf 85' lang='lat' dir='ltr'><strong>ipsam</strong></span> <span class='ocrx_word' id='word_1_25' title='bbox 664 385 915 448; x_wconf 81' lang='lat' dir='ltr'>exprimit,</span> <span class='ocrx_word' id='word_1_26' title='bbox 967 385 1051 433; x_wconf 85' lang='lat' dir='ltr'>sed</span> <span class='ocrx_word' id='word_1_27' title='bbox 1100 385 1247 432; x_wconf 89' lang='lat' dir='ltr'>etiam</span> <span class='ocrx_word' id='word_1_28' title='bbox 1295 388 1511 432; x_wconf 91' lang='lat' dir='ltr'>mentem</span> <span class='ocrx_word' id='word_1_29' title='bbox 1565 385 1758 448; x_wconf 87' lang='lat' dir='ltr'>agentis</span> <span class='ocrx_word' id='word_1_30' title='bbox 1804 400 1877 431; x_wconf 92' lang='lat' dir='ltr'>re-</span> 
     </span>
     <span class='ocr_line' id='line_1_5' title="bbox 194 455 1879 524; baseline -0.002 -14"><span class='ocrx_word' id='word_1_31' title='bbox 194 463 352 524; x_wconf 84' lang='lat' dir='ltr'>spicit.</span> <span class='ocrx_word' id='word_1_32' title='bbox 439 459 762 524; x_wconf 81' lang='grc' dir='ltr'><strong><em>προελθόντες</em></strong></span> <span class='ocrx_word' id='word_1_33' title='bbox 812 459 987 506; x_wconf 87' lang='lat' dir='ltr'>melius</span> <span class='ocrx_word' id='word_1_34' title='bbox 1035 474 1085 506; x_wconf 88' lang='lat' dir='ltr'>se</span> <span class='ocrx_word' id='word_1_35' title='bbox 1131 458 1280 506; x_wconf 88' lang='lat' dir='ltr'>habet</span> <span class='ocrx_word' id='word_1_36' title='bbox 1327 473 1479 520; x_wconf 91' lang='lat' dir='ltr'>quam</span> <span class='ocrx_word' id='word_1_37' title='bbox 1524 455 1879 522; x_wconf 79' lang='grc' dir='ltr'><strong><em>προσελθόντες</em></strong></span> 
     </span>
     <span class='ocr_line' id='line_1_6' title="bbox 195 532 1306 598; baseline -0.004 -15"><span class='ocrx_word' id='word_1_38' title='bbox 195 535 324 598; x_wconf 90' lang='lat' dir='ltr'>quod</span> <span class='ocrx_word' id='word_1_39' title='bbox 363 534 718 582; x_wconf 83' lang='lat' dir='ltr'>Herwerdenus</span> <span class='ocrx_word' id='word_1_40' title='bbox 758 533 1046 581; x_wconf 71' lang='lat' dir='ltr'>dubitanter</span> <span class='ocrx_word' id='word_1_41' title='bbox 1083 532 1306 594; x_wconf 85' lang='lat' dir='ltr'>protulit.</span> 
     </span>
    </p>

    <p class='ocr_par' dir='ltr' id='par_1_3' title="bbox 194 599 1881 1113">
     <span class='ocr_line' id='line_1_7' title="bbox 305 599 1880 671; baseline -0.001 -15"><span class='ocrx_word' id='word_1_42' title='bbox 305 626 350 670; x_wconf 91' lang='lat' dir='ltr'>p.</span> <span class='ocrx_word' id='word_1_43' title='bbox 385 609 591 669; x_wconf 86' lang='lat'>399,13</span> <span class='ocrx_word' id='word_1_44' title='bbox 641 599 704 670; x_wconf 76' lang='grc' dir='ltr'>ἦν</span> <span class='ocrx_word' id='word_1_45' title='bbox 750 605 918 670; x_wconf 76' lang='grc' dir='ltr'><strong><em>ἔνδον,</em></strong></span> <span class='ocrx_word' id='word_1_46' title='bbox 965 601 991 654; x_wconf 78' lang='grc' dir='ltr'>ὃ</span> <span class='ocrx_word' id='word_1_47' title='bbox 1041 605 1090 654; x_wconf 87' lang='grc' dir='ltr'>τὸ</span> <span class='ocrx_word' id='word_1_48' title='bbox 1138 599 1257 653; x_wconf 86' lang='grc' dir='ltr'><strong><em>καθ’</em></strong></span> <span class='ocrx_word' id='word_1_49' title='bbox 1302 603 1503 654; x_wconf 77' lang='grc' dir='ltr'><strong><em>ἕκαστον</em></strong></span> <span class='ocrx_word' id='word_1_50' title='bbox 1548 603 1880 671; x_wconf 77' lang='grc' dir='ltr'>κατηνάγκαζε</span> 
     </span>
     <span class='ocr_line' id='line_1_8' title="bbox 195 678 1881 746; baseline -0.002 -16"><span class='ocrx_word' id='word_1_51' title='bbox 195 680 412 746; x_wconf 78' lang='grc' dir='ltr'>βλέπειν,</span> <span class='ocrx_word' id='word_1_52' title='bbox 459 678 608 729; x_wconf 85' lang='grc' dir='ltr'><strong><em>αὐτὸν</em></strong></span> <span class='ocrx_word' id='word_1_53' title='bbox 655 678 707 730; x_wconf 81' lang='grc' dir='ltr'>δὲ</span> <span class='ocrx_word' id='word_1_54' title='bbox 754 679 845 730; x_wconf 81' lang='grc' dir='ltr'>οὐκ</span> <span class='ocrx_word' id='word_1_55' title='bbox 891 679 965 728; x_wconf 85' lang='grc' dir='ltr'>εἴα</span> <span class='ocrx_word' id='word_1_56' title='bbox 1010 679 1154 746; x_wconf 75' lang='grc' dir='ltr'><strong><em>ῥῆξαι</em></strong></span> <span class='ocrx_word' id='word_1_57' title='bbox 1193 679 1384 743; x_wconf 83' lang='grc' dir='ltr'><em>φωνήν.</em></span> <span class='ocrx_word' id='word_1_58' title='bbox 1459 679 1671 741; x_wconf 83' lang='lat' dir='ltr'>Iniuria,</span> <span class='ocrx_word' id='word_1_59' title='bbox 1720 680 1881 740; x_wconf 84' lang='lat' dir='ltr'>oredo,</span> 
     </span>
     <span class='ocr_line' id='line_1_9' title="bbox 196 747 1880 817; baseline -0.001 -13"><span class='ocrx_word' id='word_1_60' title='bbox 196 756 548 804; x_wconf 85' lang='lat' dir='ltr'>Herwerdenus</span> <span class='ocrx_word' id='word_1_61' title='bbox 602 753 655 803; x_wconf 91' lang='grc' dir='ltr'>τὸ</span> <span class='ocrx_word' id='word_1_62' title='bbox 709 747 828 802; x_wconf 78' lang='grc' dir='ltr'><strong><em>καθ’</em></strong></span> <span class='ocrx_word' id='word_1_63' title='bbox 879 751 1080 802; x_wconf 76' lang='grc' dir='ltr'><strong><em>ἕκαστον</em></strong></span> <span class='ocrx_word' id='word_1_64' title='bbox 1136 769 1165 801; x_wconf 91' lang='lat' dir='ltr'>a</span> <span class='ocrx_word' id='word_1_65' title='bbox 1223 751 1417 817; x_wconf 83' lang='grc' dir='ltr'><strong><em>βλέπειν</em></strong></span> <span class='ocrx_word' id='word_1_66' title='bbox 1471 754 1683 815; x_wconf 88' lang='lat' dir='ltr'>pendere</span> <span class='ocrx_word' id='word_1_67' title='bbox 1737 769 1880 816; x_wconf 82' lang='lat' dir='ltr'>posse</span> 
     </span>
     <span class='ocr_line' id='line_1_10' title="bbox 195 827 1881 893; baseline -0.002 -16"><span class='ocrx_word' id='word_1_68' title='bbox 195 830 408 893; x_wconf 86' lang='lat' dir='ltr'>negavit.</span> <span class='ocrx_word' id='word_1_69' title='bbox 486 829 658 890; x_wconf 82' lang='lat' dir='ltr'>Neque</span> <span class='ocrx_word' id='word_1_70' title='bbox 699 828 821 876; x_wconf 83' lang='lat' dir='ltr'>haec</span> <span class='ocrx_word' id='word_1_71' title='bbox 858 829 956 875; x_wconf 85' lang='lat' dir='ltr'>fuit</span> <span class='ocrx_word' id='word_1_72' title='bbox 995 828 1241 875; x_wconf 85' lang='lat' dir='ltr'>sententia</span> <span class='ocrx_word' id='word_1_73' title='bbox 1279 827 1469 875; x_wconf 88' lang='lat' dir='ltr'>Reiskii</span> <span class='ocrx_word' id='word_1_74' title='bbox 1516 830 1665 890; x_wconf 84' lang='lat' dir='ltr'>atque</span> <span class='ocrx_word' id='word_1_75' title='bbox 1707 827 1881 876; x_wconf 82' lang='lat' dir='ltr'>Cobeti</span> 
     </span>
     <span class='ocr_line' id='line_1_11' title="bbox 194 899 1878 966; baseline -0.002 -15"><span class='ocrx_word' id='word_1_76' title='bbox 194 907 228 952; x_wconf 90' lang='lat' dir='ltr'>t.</span> <span class='ocrx_word' id='word_1_77' title='bbox 260 903 337 951; x_wconf 90' lang='grc' dir='ltr'>ΠΙ</span> <span class='ocrx_word' id='word_1_78' title='bbox 370 904 578 963; x_wconf 86' lang='grc'>418,14</span> <span class='ocrx_word' id='word_1_79' title='bbox 609 902 670 950; x_wconf 61' lang='grc' dir='ltr'>ζὲν</span> <span class='ocrx_word' id='word_1_80' title='bbox 717 899 972 966; x_wconf 77' lang='grc' dir='ltr'><strong><em>βλέπουσι,</em></strong></span> <span class='ocrx_word' id='word_1_81' title='bbox 1020 900 1239 966; x_wconf 84' lang='grc' dir='ltr'><strong><em>χρήματα</em></strong></span> <span class='ocrx_word' id='word_1_82' title='bbox 1283 917 1373 963; x_wconf 91' lang='lat' dir='ltr'>pro</span> <span class='ocrx_word' id='word_1_83' title='bbox 1414 899 1707 966; x_wconf 81' lang='grc' dir='ltr'><strong><em>ἐμβλέπουσι</em></strong></span> <span class='ocrx_word' id='word_1_84' title='bbox 1746 902 1878 950; x_wconf 81' lang='lat' dir='ltr'>coni-</span> 
     </span>
     <span class='ocr_line' id='line_1_12' title="bbox 195 969 1879 1040; baseline -0.001 -14"><span class='ocrx_word' id='word_1_85' title='bbox 195 979 441 1026; x_wconf 83' lang='lat' dir='ltr'>cientium.</span> <span class='ocrx_word' id='word_1_86' title='bbox 535 976 675 1033; x_wconf 88' lang='lat' dir='ltr'>Quod</span> <span class='ocrx_word' id='word_1_87' title='bbox 724 992 836 1024; x_wconf 89' lang='lat' dir='ltr'>vero</span> <span class='ocrx_word' id='word_1_88' title='bbox 886 976 991 1038; x_wconf 91' lang='lat' dir='ltr'>ipse</span> <span class='ocrx_word' id='word_1_89' title='bbox 1038 977 1298 1038; x_wconf 87' lang='lat' dir='ltr'>proposuit</span> <span class='ocrx_word' id='word_1_90' title='bbox 1351 973 1435 1024; x_wconf 89' lang='grc' dir='ltr'>τὸν</span> <span class='ocrx_word' id='word_1_91' title='bbox 1487 969 1609 1023; x_wconf 85' lang='grc' dir='ltr'><strong><em>καθ’</em></strong></span> <span class='ocrx_word' id='word_1_92' title='bbox 1659 973 1879 1040; x_wconf 77' lang='grc' dir='ltr'><strong><em>ἕκαστον,</em></strong></span> 
     </span>
     <span class='ocr_line' id='line_1_13' title="bbox 194 1051 868 1113; baseline -0.001 -15"><span class='ocrx_word' id='word_1_93' title='bbox 194 1067 392 1113; x_wconf 90' lang='lat' dir='ltr'>prorsus</span> <span class='ocrx_word' id='word_1_94' title='bbox 431 1051 741 1098; x_wconf 84' lang='lat' dir='ltr'>intolerabile</span> <span class='ocrx_word' id='word_1_95' title='bbox 783 1052 868 1097; x_wconf 91' lang='lat' dir='ltr'>est.</span> 
     </span>
    </p>

    <p class='ocr_par' dir='ltr' id='par_1_4' title="bbox 194 1119 1880 1408">
     <span class='ocr_line' id='line_1_14' title="bbox 304 1119 1880 1188; baseline 0.001 -17"><span class='ocrx_word' id='word_1_96' title='bbox 304 1126 522 1186; x_wconf 85' lang='lat' dir='ltr'>p.407,1</span> <span class='ocrx_word' id='word_1_97' title='bbox 549 1119 759 1172; x_wconf 79' lang='grc' dir='ltr'><strong><em>Ἔδεσσα</em></strong></span> <span class='ocrx_word' id='word_1_98' title='bbox 789 1122 881 1188; x_wconf 82' lang='grc' dir='ltr'>γὰρ</span> <span class='ocrx_word' id='word_1_99' title='bbox 913 1119 943 1186; x_wconf 79' lang='grc' dir='ltr'>ἡ</span> <span class='ocrx_word' id='word_1_100' title='bbox 977 1121 1130 1181; x_wconf 91' lang='grc' dir='ltr'><strong><em>πόλις.</em></strong></span> <span class='ocrx_word' id='word_1_101' title='bbox 1185 1123 1427 1185; x_wconf 86' lang='lat' dir='ltr'>Apposite</span> <span class='ocrx_word' id='word_1_102' title='bbox 1451 1122 1633 1171; x_wconf 87' lang='lat' dir='ltr'>Asmus</span> <span class='ocrx_word' id='word_1_103' title='bbox 1666 1124 1730 1171; x_wconf 86' lang='lat' dir='ltr'>ad</span> <span class='ocrx_word' id='word_1_104' title='bbox 1752 1124 1880 1172; x_wconf 82' lang='lat' dir='ltr'>hano</span> 
     </span>
     <span class='ocr_line' id='line_1_15' title="bbox 195 1191 1878 1264; baseline -0.001 -18"><span class='ocrx_word' id='word_1_105' title='bbox 195 1199 489 1260; x_wconf 80' lang='lat' dir='ltr'>scripturam</span> <span class='ocrx_word' id='word_1_106' title='bbox 515 1191 744 1264; x_wconf 80' lang='grc' dir='ltr'><strong><em>(Ἔδεσσα</em></strong></span> <span class='ocrx_word' id='word_1_107' title='bbox 767 1213 856 1259; x_wconf 91' lang='lat' dir='ltr'>pro</span> <span class='ocrx_word' id='word_1_108' title='bbox 877 1191 1084 1264; x_wconf 85' lang='grc' dir='ltr'><strong><em>Ἔμεσα)</em></strong></span> <span class='ocrx_word' id='word_1_109' title='bbox 1107 1197 1401 1245; x_wconf 87' lang='lat' dir='ltr'>firmandam</span> <span class='ocrx_word' id='word_1_110' title='bbox 1433 1197 1649 1245; x_wconf 89' lang='lat' dir='ltr'>eiusdem</span> <span class='ocrx_word' id='word_1_111' title='bbox 1682 1213 1878 1260; x_wconf 81' lang='lat' dir='ltr'>eorrup-</span> 
     </span>
     <span class='ocr_line' id='line_1_16' title="bbox 194 1271 1879 1333; baseline 0.001 -14"><span class='ocrx_word' id='word_1_112' title='bbox 194 1273 321 1320; x_wconf 91' lang='lat' dir='ltr'>telae</span> <span class='ocrx_word' id='word_1_113' title='bbox 352 1274 405 1320; x_wconf 91' lang='lat' dir='ltr'>in</span> <span class='ocrx_word' id='word_1_114' title='bbox 437 1271 626 1319; x_wconf 89' lang='lat' dir='ltr'>duobus</span> <span class='ocrx_word' id='word_1_115' title='bbox 664 1272 785 1320; x_wconf 84' lang='lat' dir='ltr'>loeis</span> <span class='ocrx_word' id='word_1_116' title='bbox 823 1271 1009 1319; x_wconf 89' lang='lat' dir='ltr'>Iuliani</span> <span class='ocrx_word' id='word_1_117' title='bbox 1040 1287 1108 1320; x_wconf 89' lang='lat' dir='ltr'>or.</span> <span class='ocrx_word' id='word_1_118' title='bbox 1132 1271 1204 1318; x_wconf 93' lang='lat' dir='ltr'>IV</span> <span class='ocrx_word' id='word_1_119' title='bbox 1235 1288 1282 1333; x_wconf 91' lang='lat' dir='ltr'>p.</span> <span class='ocrx_word' id='word_1_120' title='bbox 1312 1272 1534 1333; x_wconf 81' lang='lat'>195,12;</span> <span class='ocrx_word' id='word_1_121' title='bbox 1570 1274 1732 1332; x_wconf 84' lang='lat'>200,2</span> <span class='ocrx_word' id='word_1_122' title='bbox 1768 1288 1879 1320; x_wconf 85' lang='lat' dir='ltr'>eon-</span> 
     </span>
     <span class='ocr_line' id='line_1_17' title="bbox 195 1345 1641 1408; baseline -0.001 -14"><span class='ocrx_word' id='word_1_123' title='bbox 195 1347 390 1408; x_wconf 84' lang='lat' dir='ltr'>spiouae</span> <span class='ocrx_word' id='word_1_124' title='bbox 429 1348 729 1393; x_wconf 87' lang='lat' dir='ltr'>mentionem</span> <span class='ocrx_word' id='word_1_125' title='bbox 767 1346 897 1393; x_wconf 84' lang='lat' dir='ltr'>feeit.</span> <span class='ocrx_word' id='word_1_126' title='bbox 978 1345 1048 1393; x_wconf 83' lang='lat' dir='ltr'>Of.</span> <span class='ocrx_word' id='word_1_127' title='bbox 1080 1362 1127 1407; x_wconf 91' lang='lat' dir='ltr'>p.</span> <span class='ocrx_word' id='word_1_128' title='bbox 1151 1345 1239 1392; x_wconf 87' lang='lat' dir='ltr'>LX</span> <span class='ocrx_word' id='word_1_129' title='bbox 1279 1345 1342 1393; x_wconf 87' lang='lat' dir='ltr'>ad</span> <span class='ocrx_word' id='word_1_130' title='bbox 1379 1362 1426 1407; x_wconf 91' lang='lat' dir='ltr'>p.</span> <span class='ocrx_word' id='word_1_131' title='bbox 1452 1347 1575 1406; x_wconf 88' lang='lat'>434,</span> <span class='ocrx_word' id='word_1_132' title='bbox 1597 1348 1641 1394; x_wconf 87' lang='lat'>1.</span> 
     </span>
    </p>

    <p class='ocr_par' dir='ltr' id='par_1_5' title="bbox 193 1416 1881 2073">
     <span class='ocr_line' id='line_1_18' title="bbox 304 1416 1880 1485; baseline 0.001 -18"><span class='ocrx_word' id='word_1_133' title='bbox 304 1437 351 1481; x_wconf 94' lang='lat' dir='ltr'>p.</span> <span class='ocrx_word' id='word_1_134' title='bbox 378 1420 577 1479; x_wconf 85' lang='lat'>408‚16</span> <span class='ocrx_word' id='word_1_135' title='bbox 613 1419 843 1483; x_wconf 79' lang='grc' dir='ltr'><strong><em>τοιαύτην</em></strong></span> <span class='ocrx_word' id='word_1_136' title='bbox 876 1416 928 1468; x_wconf 81' lang='grc' dir='ltr'>δὲ</span> <span class='ocrx_word' id='word_1_137' title='bbox 960 1417 1042 1467; x_wconf 85' lang='grc' dir='ltr'><strong><em>καὶ</em></strong></span> <span class='ocrx_word' id='word_1_138' title='bbox 1081 1416 1218 1468; x_wconf 67' lang='grc' dir='ltr'><strong><em>οὕτω</em></strong></span> <span class='ocrx_word' id='word_1_139' title='bbox 1240 1418 1427 1483; x_wconf 82' lang='grc' dir='ltr'><strong><em>πολλὴν</em></strong></span> <span class='ocrx_word' id='word_1_140' title='bbox 1465 1419 1728 1483; x_wconf 83' lang='grc' dir='ltr'><strong><em>περίκειται</em></strong></span> <span class='ocrx_word' id='word_1_141' title='bbox 1766 1427 1880 1485; x_wconf 81' lang='grc' dir='ltr'><strong><em>γῆν,</em></strong></span> 
     </span>
     <span class='ocr_line' id='line_1_19' title="bbox 195 1490 1880 1562; baseline 0.001 -21"><span class='ocrx_word' id='word_1_142' title='bbox 195 1492 311 1542; x_wconf 80' lang='grc' dir='ltr'><strong><em>ὥστε</em></strong></span> <span class='ocrx_word' id='word_1_143' title='bbox 357 1492 516 1541; x_wconf 83' lang='grc' dir='ltr'><strong><em>πάντα</em></strong></span> <span class='ocrx_word' id='word_1_144' title='bbox 562 1490 650 1556; x_wconf 82' lang='grc' dir='ltr'>μὲν</span> <span class='ocrx_word' id='word_1_145' title='bbox 696 1491 887 1557; x_wconf 81' lang='grc' dir='ltr'><strong><em>φέρειν,</em></strong></span> <span class='ocrx_word' id='word_1_146' title='bbox 935 1492 1058 1562; x_wconf 80' lang='grc' dir='ltr'><strong><em>αὐτῇ</em></strong></span> <span class='ocrx_word' id='word_1_147' title='bbox 1108 1491 1159 1542; x_wconf 83' lang='grc' dir='ltr'>δὲ</span> <span class='ocrx_word' id='word_1_148' title='bbox 1208 1490 1444 1559; x_wconf 80' lang='grc' dir='ltr'><strong><em>ἀποχρῆν.</em></strong></span> <span class='ocrx_word' id='word_1_149' title='bbox 1521 1493 1880 1542; x_wconf 87' lang='lat' dir='ltr'>Herwerdenus</span> 
     </span>
     <span class='ocr_line' id='line_1_20' title="bbox 195 1563 1880 1635; baseline 0.001 -21"><span class='ocrx_word' id='word_1_150' title='bbox 195 1567 438 1615; x_wconf 82' lang='lat' dir='ltr'>coniciens</span> <span class='ocrx_word' id='word_1_151' title='bbox 492 1564 615 1635; x_wconf 76' lang='grc' dir='ltr'><strong><em>αὐτῇ</em></strong></span> <span class='ocrx_word' id='word_1_152' title='bbox 672 1564 723 1615; x_wconf 83' lang='grc' dir='ltr'>δὲ</span> <span class='ocrx_word' id='word_1_153' title='bbox 776 1563 971 1631; x_wconf 82' lang='grc' dir='ltr'>&lt;μηδὲ&gt;</span> <span class='ocrx_word' id='word_1_154' title='bbox 1021 1565 1243 1632; x_wconf 79' lang='grc' dir='ltr'><strong><em>ἀποχρῆν</em></strong></span> <span class='ocrx_word' id='word_1_155' title='bbox 1297 1583 1326 1614; x_wconf 87' lang='lat' dir='ltr'>a</span> <span class='ocrx_word' id='word_1_156' title='bbox 1373 1567 1618 1615; x_wconf 88' lang='lat' dir='ltr'>sententia</span> <span class='ocrx_word' id='word_1_157' title='bbox 1666 1570 1880 1616; x_wconf 83' lang='lat' dir='ltr'>auctoris</span> 
     </span>
     <span class='ocr_line' id='line_1_21' title="bbox 196 1639 1879 1709; baseline 0.001 -21"><span class='ocrx_word' id='word_1_158' title='bbox 196 1640 443 1689; x_wconf 86' lang='lat' dir='ltr'>aberravit</span> <span class='ocrx_word' id='word_1_159' title='bbox 489 1656 642 1703; x_wconf 85' lang='lat' dir='ltr'>aeque</span> <span class='ocrx_word' id='word_1_160' title='bbox 683 1643 831 1702; x_wconf 87' lang='lat' dir='ltr'>atque</span> <span class='ocrx_word' id='word_1_161' title='bbox 870 1641 1105 1690; x_wconf 89' lang='lat' dir='ltr'>Polakius</span> <span class='ocrx_word' id='word_1_162' title='bbox 1153 1641 1238 1703; x_wconf 87' lang='lat' dir='ltr'>qui</span> <span class='ocrx_word' id='word_1_163' title='bbox 1285 1639 1409 1709; x_wconf 76' lang='grc' dir='ltr'><strong><em>αὑτῇ</em></strong></span> <span class='ocrx_word' id='word_1_164' title='bbox 1455 1641 1668 1690; x_wconf 79' lang='lat' dir='ltr'>scribens</span> <span class='ocrx_word' id='word_1_165' title='bbox 1708 1643 1879 1690; x_wconf 87' lang='lat' dir='ltr'>vertit:</span> 
     </span>
     <span class='ocr_line' id='line_1_22' title="bbox 198 1716 1881 1776; baseline 0.001 -14"><span class='ocrx_word' id='word_1_166' title='bbox 198 1717 404 1763; x_wconf 79' lang='lat' dir='ltr'>civitatis</span> <span class='ocrx_word' id='word_1_167' title='bbox 441 1718 633 1762; x_wconf 71' lang='lat' dir='ltr'>nostrae</span> <span class='ocrx_word' id='word_1_168' title='bbox 671 1730 785 1774; x_wconf 74' lang='lat' dir='ltr'>ayer</span> <span class='ocrx_word' id='word_1_169' title='bbox 823 1718 923 1763; x_wconf 79' lang='lat' dir='ltr'>tam</span> <span class='ocrx_word' id='word_1_170' title='bbox 959 1716 1078 1763; x_wconf 81' lang='lat' dir='ltr'>uber</span> <span class='ocrx_word' id='word_1_171' title='bbox 1117 1719 1196 1771; x_wconf 76' lang='lat' dir='ltr'>est,</span> <span class='ocrx_word' id='word_1_172' title='bbox 1235 1719 1291 1763; x_wconf 79' lang='lat' dir='ltr'>ut</span> <span class='ocrx_word' id='word_1_173' title='bbox 1327 1718 1492 1764; x_wconf 74' lang='lat' dir='ltr'>omnia</span> <span class='ocrx_word' id='word_1_174' title='bbox 1528 1718 1660 1776; x_wconf 76' lang='lat' dir='ltr'>ferat</span> <span class='ocrx_word' id='word_1_175' title='bbox 1695 1717 1881 1776; x_wconf 77' lang='lat' dir='ltr'>sibique</span> 
     </span>
     <span class='ocr_line' id='line_1_23' title="bbox 194 1788 1881 1849; baseline 0.001 -13"><span class='ocrx_word' id='word_1_176' title='bbox 194 1790 411 1848; x_wconf 74' lang='lat' dir='ltr'>sufficiat</span> <span class='ocrx_word' id='word_1_177' title='bbox 439 1788 471 1835; x_wconf 92' lang='lat' dir='ltr'>i.</span> <span class='ocrx_word' id='word_1_178' title='bbox 498 1804 536 1835; x_wconf 91' lang='lat' dir='ltr'>e.</span> <span class='ocrx_word' id='word_1_179' title='bbox 561 1791 616 1835; x_wconf 79' lang='lat' dir='ltr'>ut</span> <span class='ocrx_word' id='word_1_180' title='bbox 643 1790 755 1836; x_wconf 80' lang='lat' dir='ltr'>urbi</span> <span class='ocrx_word' id='word_1_181' title='bbox 784 1793 977 1837; x_wconf 74' lang='lat' dir='ltr'>nostrae</span> <span class='ocrx_word' id='word_1_182' title='bbox 1003 1791 1200 1838; x_wconf 75' lang='lat' dir='ltr'>minime</span> <span class='ocrx_word' id='word_1_183' title='bbox 1230 1790 1471 1848; x_wconf 75' lang='lat' dir='ltr'>frumento</span> <span class='ocrx_word' id='word_1_184' title='bbox 1504 1790 1708 1849; x_wconf 82' lang='lat' dir='ltr'>aliisque</span> <span class='ocrx_word' id='word_1_185' title='bbox 1737 1791 1881 1839; x_wconf 84' lang='lat' dir='ltr'>rebus</span> 
     </span>
     <span class='ocr_line' id='line_1_24' title="bbox 194 1862 1880 1925; baseline 0.001 -16"><span class='ocrx_word' id='word_1_186' title='bbox 194 1864 464 1922; x_wconf 76' lang='lat' dir='ltr'>importatis</span> <span class='ocrx_word' id='word_1_187' title='bbox 502 1877 622 1921; x_wconf 86' lang='lat' dir='ltr'>opus</span> <span class='ocrx_word' id='word_1_188' title='bbox 659 1865 733 1910; x_wconf 78' lang='lat' dir='ltr'>sit.</span> <span class='ocrx_word' id='word_1_189' title='bbox 805 1862 1061 1911; x_wconf 85' lang='lat' dir='ltr'>Sententia</span> <span class='ocrx_word' id='word_1_190' title='bbox 1094 1864 1261 1925; x_wconf 83' lang='lat' dir='ltr'>potius</span> <span class='ocrx_word' id='word_1_191' title='bbox 1301 1865 1395 1911; x_wconf 92' lang='lat' dir='ltr'>est:</span> <span class='ocrx_word' id='word_1_192' title='bbox 1435 1867 1566 1912; x_wconf 78' lang='lat' dir='ltr'>terra</span> <span class='ocrx_word' id='word_1_193' title='bbox 1599 1866 1642 1912; x_wconf 82' lang='lat' dir='ltr'>ei</span> <span class='ocrx_word' id='word_1_194' title='bbox 1672 1880 1736 1912; x_wconf 85' lang='lat' dir='ltr'>so.</span> <span class='ocrx_word' id='word_1_195' title='bbox 1768 1864 1880 1912; x_wconf 90' lang='lat' dir='ltr'>urbi</span> 
     </span>
     <span class='ocr_line' id='line_1_25' title="bbox 193 1936 1880 1998; baseline 0.002 -16"><span class='ocrx_word' id='word_1_196' title='bbox 193 1937 375 1995; x_wconf 74' lang='lat' dir='ltr'>sufficit</span> <span class='ocrx_word' id='word_1_197' title='bbox 411 1936 443 1983; x_wconf 88' lang='lat' dir='ltr'>i.</span> <span class='ocrx_word' id='word_1_198' title='bbox 485 1952 522 1982; x_wconf 91' lang='lat' dir='ltr'>e.</span> <span class='ocrx_word' id='word_1_199' title='bbox 563 1950 856 1995; x_wconf 79' lang='lat' dir='ltr'>quamquam</span> <span class='ocrx_word' id='word_1_200' title='bbox 902 1939 1066 1985; x_wconf 76' lang='lat' dir='ltr'>omnia</span> <span class='ocrx_word' id='word_1_201' title='bbox 1111 1938 1225 1998; x_wconf 76' lang='lat' dir='ltr'>fert,</span> <span class='ocrx_word' id='word_1_202' title='bbox 1272 1940 1433 1984; x_wconf 74' lang='lat' dir='ltr'>tamen</span> <span class='ocrx_word' id='word_1_203' title='bbox 1474 1939 1589 1986; x_wconf 77' lang='lat' dir='ltr'>haec</span> <span class='ocrx_word' id='word_1_204' title='bbox 1634 1939 1725 1986; x_wconf 87' lang='lat' dir='ltr'>soli</span> <span class='ocrx_word' id='word_1_205' title='bbox 1767 1939 1880 1986; x_wconf 84' lang='lat' dir='ltr'>urbi</span> 
     </span>
     <span class='ocr_line' id='line_1_26' title="bbox 195 2010 1439 2073; baseline 0.002 -17"><span class='ocrx_word' id='word_1_206' title='bbox 195 2011 459 2069; x_wconf 76' lang='lat' dir='ltr'>sufficiunt,</span> <span class='ocrx_word' id='word_1_207' title='bbox 497 2023 594 2056; x_wconf 76' lang='lat' dir='ltr'>non</span> <span class='ocrx_word' id='word_1_208' title='bbox 634 2014 960 2070; x_wconf 76' lang='lat' dir='ltr'>exportantur.</span> <span class='ocrx_word' id='word_1_209' title='bbox 1039 2010 1110 2058; x_wconf 82' lang='lat' dir='ltr'>Of.</span> <span class='ocrx_word' id='word_1_210' title='bbox 1143 2028 1190 2073; x_wconf 93' lang='lat' dir='ltr'>p.</span> <span class='ocrx_word' id='word_1_211' title='bbox 1218 2012 1439 2072; x_wconf 83' lang='lat'>410,12.</span> 
     </span>
    </p>

    <p class='ocr_par' dir='ltr' id='par_1_6' title="bbox 195 2081 1880 2501">
     <span class='ocr_line' id='line_1_27' title="bbox 305 2081 1880 2150; baseline 0.003 -21"><span class='ocrx_word' id='word_1_212' title='bbox 305 2099 351 2144; x_wconf 92' lang='lat' dir='ltr'>p.</span> <span class='ocrx_word' id='word_1_213' title='bbox 379 2084 579 2143; x_wconf 84' lang='lat'>410,12</span> <span class='ocrx_word' id='word_1_214' title='bbox 614 2083 670 2131; x_wconf 79' lang='grc' dir='ltr'><strong><em>αἱ</em></strong></span> <span class='ocrx_word' id='word_1_215' title='bbox 695 2081 746 2131; x_wconf 83' lang='grc' dir='ltr'>δὲ</span> <span class='ocrx_word' id='word_1_216' title='bbox 778 2083 894 2148; x_wconf 86' lang='grc' dir='ltr'><strong><em>πρὶν</em></strong></span> <span class='ocrx_word' id='word_1_217' title='bbox 925 2083 983 2132; x_wconf 84' lang='grc' dir='ltr'>τὰ</span> <span class='ocrx_word' id='word_1_218' title='bbox 1018 2082 1114 2133; x_wconf 92' lang='grc' dir='ltr'>ἀπὸ</span> <span class='ocrx_word' id='word_1_219' title='bbox 1147 2091 1244 2132; x_wconf 85' lang='grc' dir='ltr'>τῶν</span> <span class='ocrx_word' id='word_1_220' title='bbox 1282 2082 1447 2150; x_wconf 85' lang='grc' dir='ltr'><strong><em>ἀγρῶν</em></strong></span> <span class='ocrx_word' id='word_1_221' title='bbox 1487 2085 1632 2150; x_wconf 79' lang='grc' dir='ltr'><strong><em>δεῦρο</em></strong></span> <span class='ocrx_word' id='word_1_222' title='bbox 1672 2082 1880 2150; x_wconf 74' lang='grc' dir='ltr'><strong><em>ἄγουσαι</em></strong></span> 
     </span>
     <span class='ocr_line' id='line_1_28' title="bbox 196 2150 1880 2226; baseline 0.003 -23"><span class='ocrx_word' id='word_1_223' title='bbox 196 2150 315 2203; x_wconf 80' lang='grc' dir='ltr'><strong><em>καθ’</em></strong></span> <span class='ocrx_word' id='word_1_224' title='bbox 358 2154 565 2219; x_wconf 76' lang='grc' dir='ltr'><strong><em>ἑκάστην</em></strong></span> <span class='ocrx_word' id='word_1_225' title='bbox 611 2156 772 2220; x_wconf 84' lang='grc' dir='ltr'><strong><em>πύλην</em></strong></span> <span class='ocrx_word' id='word_1_226' title='bbox 819 2155 926 2207; x_wconf 81' lang='grc' dir='ltr'><strong><em>ὁδοὶ</em></strong></span> <span class='ocrx_word' id='word_1_227' title='bbox 975 2156 1065 2206; x_wconf 84' lang='grc' dir='ltr'>τάκ</span> <span class='ocrx_word' id='word_1_228' title='bbox 1113 2165 1200 2222; x_wconf 80' lang='grc' dir='ltr'><strong><em>τῆς</em></strong></span> <span class='ocrx_word' id='word_1_229' title='bbox 1247 2157 1432 2217; x_wconf 91' lang='grc' dir='ltr'><strong><em>πόλεως</em></strong></span> <span class='ocrx_word' id='word_1_230' title='bbox 1481 2161 1695 2226; x_wconf 78' lang='grc' dir='ltr'><strong><em>πολλαχῇ</em></strong></span> <span class='ocrx_word' id='word_1_231' title='bbox 1748 2158 1880 2224; x_wconf 47' lang='grc' dir='ltr'><strong><em>μερίι</em></strong></span> 
     </span>
     <span class='ocr_line' id='line_1_29' title="bbox 197 2227 1878 2294; baseline 0.002 -18"><span class='ocrx_word' id='word_1_232' title='bbox 197 2230 376 2287; x_wconf 82' lang='grc' dir='ltr'><strong><em>ζουσιν.</em></strong></span> <span class='ocrx_word' id='word_1_233' title='bbox 453 2229 716 2291; x_wconf 89' lang='lat' dir='ltr'>Perperam</span> <span class='ocrx_word' id='word_1_234' title='bbox 762 2231 1119 2280; x_wconf 90' lang='lat' dir='ltr'>Herwerdenus</span> <span class='ocrx_word' id='word_1_235' title='bbox 1167 2229 1338 2290; x_wconf 86' lang='grc' dir='ltr'><strong><em>τάκτὸς</em></strong></span> <span class='ocrx_word' id='word_1_236' title='bbox 1383 2247 1472 2294; x_wconf 90' lang='lat' dir='ltr'>pro</span> <span class='ocrx_word' id='word_1_237' title='bbox 1519 2230 1607 2280; x_wconf 83' lang='grc' dir='ltr'>τάκ</span> <span class='ocrx_word' id='word_1_238' title='bbox 1658 2227 1878 2282; x_wconf 79' lang='lat' dir='ltr'>coniecit.</span> 
     </span>
     <span class='ocr_line' id='line_1_30' title="bbox 195 2303 1880 2367; baseline 0.004 -18"><span class='ocrx_word' id='word_1_239' title='bbox 195 2303 325 2350; x_wconf 83' lang='lat' dir='ltr'>Nam</span> <span class='ocrx_word' id='word_1_240' title='bbox 364 2304 607 2364; x_wconf 88' lang='lat' dir='ltr'>quomodo</span> <span class='ocrx_word' id='word_1_241' title='bbox 646 2308 852 2366; x_wconf 89' lang='lat' dir='ltr'>possunt</span> <span class='ocrx_word' id='word_1_242' title='bbox 889 2309 1061 2367; x_wconf 89' lang='lat' dir='ltr'>portae</span> <span class='ocrx_word' id='word_1_243' title='bbox 1102 2322 1160 2354; x_wconf 89' lang='lat' dir='ltr'>ea</span> <span class='ocrx_word' id='word_1_244' title='bbox 1199 2321 1327 2367; x_wconf 90' lang='lat' dir='ltr'>quae</span> <span class='ocrx_word' id='word_1_245' title='bbox 1360 2308 1526 2354; x_wconf 83' lang='lat' dir='ltr'>extra</span> <span class='ocrx_word' id='word_1_246' title='bbox 1561 2307 1732 2355; x_wconf 90' lang='lat' dir='ltr'>urbem</span> <span class='ocrx_word' id='word_1_247' title='bbox 1763 2309 1880 2355; x_wconf 82' lang='lat' dir='ltr'>sunt</span> 
     </span>
     <span class='ocr_line' id='line_1_31' title="bbox 195 2376 1879 2443; baseline 0.004 -21"><span class='ocrx_word' id='word_1_248' title='bbox 195 2376 521 2423; x_wconf 86' lang='lat' dir='ltr'>multifariam</span> <span class='ocrx_word' id='word_1_249' title='bbox 553 2377 805 2425; x_wconf 77' lang='lat' dir='ltr'>dividere?</span> <span class='ocrx_word' id='word_1_250' title='bbox 872 2376 961 2427; x_wconf 87' lang='grc' dir='ltr'>τάκ</span> <span class='ocrx_word' id='word_1_251' title='bbox 999 2386 1085 2443; x_wconf 81' lang='grc' dir='ltr'><strong><em>τῆς</em></strong></span> <span class='ocrx_word' id='word_1_252' title='bbox 1123 2377 1308 2438; x_wconf 89' lang='grc' dir='ltr'><strong><em>πόλεως</em></strong></span> <span class='ocrx_word' id='word_1_253' title='bbox 1339 2381 1455 2427; x_wconf 85' lang='lat' dir='ltr'>sunt</span> <span class='ocrx_word' id='word_1_254' title='bbox 1492 2396 1569 2428; x_wconf 90' lang='lat' dir='ltr'>res</span> <span class='ocrx_word' id='word_1_255' title='bbox 1611 2397 1736 2442; x_wconf 88' lang='lat' dir='ltr'>quae</span> <span class='ocrx_word' id='word_1_256' title='bbox 1775 2381 1879 2428; x_wconf 78' lang='lat' dir='ltr'>fue-</span> 
     </span>
     <span class='ocr_line' id='line_1_32' title="bbox 196 2450 1134 2501; baseline 0.004 -5"><span class='ocrx_word' id='word_1_257' title='bbox 196 2453 309 2496; x_wconf 84' lang='lat' dir='ltr'>rant</span> <span class='ocrx_word' id='word_1_258' title='bbox 347 2451 398 2496; x_wconf 87' lang='lat' dir='ltr'>in</span> <span class='ocrx_word' id='word_1_259' title='bbox 436 2450 554 2498; x_wconf 92' lang='lat' dir='ltr'>urbe</span> <span class='ocrx_word' id='word_1_260' title='bbox 594 2454 643 2498; x_wconf 92' lang='lat' dir='ltr'>et</span> <span class='ocrx_word' id='word_1_261' title='bbox 681 2467 809 2500; x_wconf 83' lang='lat' dir='ltr'>nuno</span> <span class='ocrx_word' id='word_1_262' title='bbox 850 2453 1134 2501; x_wconf 87' lang='lat' dir='ltr'>evehuntur.</span> 
     </span>
    </p>

    <p class='ocr_par' dir='ltr' id='par_1_7' title="bbox 195 2523 1880 2959">
     <span class='ocr_line' id='line_1_33' title="bbox 307 2523 1878 2590; baseline 0.003 -21"><span class='ocrx_word' id='word_1_263' title='bbox 307 2540 352 2584; x_wconf 91' lang='lat' dir='ltr'>p.</span> <span class='ocrx_word' id='word_1_264' title='bbox 387 2525 595 2583; x_wconf 86' lang='lat'>411,13</span> <span class='ocrx_word' id='word_1_265' title='bbox 637 2527 833 2583; x_wconf 83' lang='grc' dir='ltr'><strong><em>πολλοῖς</em></strong></span> <span class='ocrx_word' id='word_1_266' title='bbox 872 2523 1089 2575; x_wconf 87' lang='grc' dir='ltr'><strong><em>ἀπόλωλε</em></strong></span> <span class='ocrx_word' id='word_1_267' title='bbox 1127 2525 1370 2590; x_wconf 81' lang='grc' dir='ltr'><strong><em>χρήματα,</em></strong></span> <span class='ocrx_word' id='word_1_268' title='bbox 1417 2526 1642 2590; x_wconf 81' lang='grc' dir='ltr'><strong><em>βασιλεῦ,</em></strong></span> <span class='ocrx_word' id='word_1_269' title='bbox 1681 2529 1878 2585; x_wconf 86' lang='grc' dir='ltr'><strong><em>πολλοῖς</em></strong></span> 
     </span>
     <span class='ocr_line' id='line_1_34' title="bbox 196 2594 1878 2663; baseline 0.002 -20"><span class='ocrx_word' id='word_1_270' title='bbox 196 2596 492 2661; x_wconf 84' lang='grc' dir='ltr'><strong><em>θεράπαιναι</em></strong></span> <span class='ocrx_word' id='word_1_271' title='bbox 523 2594 576 2644; x_wconf 81' lang='grc' dir='ltr'>ἐν</span> <span class='ocrx_word' id='word_1_272' title='bbox 611 2596 671 2645; x_wconf 86' lang='grc' dir='ltr'>οὐ</span> <span class='ocrx_word' id='word_1_273' title='bbox 711 2603 946 2662; x_wconf 84' lang='grc' dir='ltr'><strong><em>φορητοῖς</em></strong></span> <span class='ocrx_word' id='word_1_274' title='bbox 977 2599 1224 2663; x_wconf 81' lang='grc' dir='ltr'><strong><em>καμάτοις.</em></strong></span> <span class='ocrx_word' id='word_1_275' title='bbox 1293 2600 1651 2649; x_wconf 88' lang='lat' dir='ltr'>Herwerdenus</span> <span class='ocrx_word' id='word_1_276' title='bbox 1682 2602 1878 2657; x_wconf 79' lang='lat' dir='ltr'>„Miror</span> 
     </span>
     <span class='ocr_line' id='line_1_35' title="bbox 195 2671 1879 2737; baseline 0.004 -21"><span class='ocrx_word' id='word_1_277' title='bbox 195 2671 359 2731; x_wconf 86' lang='lat' dir='ltr'>inquit</span> <span class='ocrx_word' id='word_1_278' title='bbox 396 2672 631 2719; x_wconf 75' lang='lat' dir='ltr'>neminem</span> <span class='ocrx_word' id='word_1_279' title='bbox 668 2673 844 2719; x_wconf 82' lang='lat' dir='ltr'>vidisse</span> <span class='ocrx_word' id='word_1_280' title='bbox 874 2673 1144 2721; x_wconf 80' lang='lat' dir='ltr'>Libanium</span> <span class='ocrx_word' id='word_1_281' title='bbox 1173 2687 1270 2734; x_wconf 77' lang='lat' dir='ltr'>pro</span> <span class='ocrx_word' id='word_1_282' title='bbox 1301 2673 1601 2737; x_wconf 81' lang='grc' dir='ltr'><strong><em>θεράπαιναι</em></strong></span> <span class='ocrx_word' id='word_1_283' title='bbox 1631 2676 1879 2734; x_wconf 74' lang='lat' dir='ltr'>scripsisse</span> 
     </span>
     <span class='ocr_line' id='line_1_36' title="bbox 197 2745 1880 2809; baseline 0.003 -19"><span class='ocrx_word' id='word_1_284' title='bbox 197 2746 467 2806; x_wconf 85' lang='grc' dir='ltr'><strong><em>θεραπεῖαι.</em></strong></span> <span class='ocrx_word' id='word_1_285' title='bbox 537 2745 714 2792; x_wconf 81' lang='lat' dir='ltr'>Risum</span> <span class='ocrx_word' id='word_1_286' title='bbox 751 2749 904 2792; x_wconf 76' lang='lat' dir='ltr'>movet</span> <span class='ocrx_word' id='word_1_287' title='bbox 932 2748 1175 2807; x_wconf 74' lang='lat' dir='ltr'>vulyata.“</span> <span class='ocrx_word' id='word_1_288' title='bbox 1242 2747 1383 2794; x_wconf 88' lang='lat' dir='ltr'>Nihil</span> <span class='ocrx_word' id='word_1_289' title='bbox 1420 2747 1714 2809; x_wconf 86' lang='lat' dir='ltr'>mirandum,</span> <span class='ocrx_word' id='word_1_290' title='bbox 1752 2748 1880 2794; x_wconf 88' lang='lat' dir='ltr'>nihil</span> 
     </span>
     <span class='ocr_line' id='line_1_37' title="bbox 196 2816 1875 2883; baseline 0.004 -21"><span class='ocrx_word' id='word_1_291' title='bbox 196 2816 466 2864; x_wconf 86' lang='lat' dir='ltr'>ridendum.</span> <span class='ocrx_word' id='word_1_292' title='bbox 543 2816 840 2883; x_wconf 89' lang='grc' dir='ltr'><strong><em>θεράπαιναι</em></strong></span> <span class='ocrx_word' id='word_1_293' title='bbox 879 2821 1063 2880; x_wconf 86' lang='lat' dir='ltr'>optime</span> <span class='ocrx_word' id='word_1_294' title='bbox 1103 2835 1154 2868; x_wconf 91' lang='lat' dir='ltr'>se</span> <span class='ocrx_word' id='word_1_295' title='bbox 1191 2820 1353 2868; x_wconf 86' lang='lat' dir='ltr'>habet.</span> <span class='ocrx_word' id='word_1_296' title='bbox 1433 2820 1503 2868; x_wconf 83' lang='lat' dir='ltr'>Cf.</span> <span class='ocrx_word' id='word_1_297' title='bbox 1535 2823 1570 2868; x_wconf 89' lang='lat' dir='ltr'>t.</span> <span class='ocrx_word' id='word_1_298' title='bbox 1603 2821 1679 2868; x_wconf 91' lang='grc' dir='ltr'>ΠΙ</span> <span class='ocrx_word' id='word_1_299' title='bbox 1713 2821 1875 2882; x_wconf 86' lang='grc'><strong>408,8</strong></span> 
     </span>
     <span class='ocr_line' id='line_1_38' title="bbox 198 2885 1878 2959; baseline 0.003 -22"><span class='ocrx_word' id='word_1_300' title='bbox 198 2890 398 2954; x_wconf 83' lang='grc' dir='ltr'><strong><em>χρυσίου</em></strong></span> <span class='ocrx_word' id='word_1_301' title='bbox 431 2885 476 2938; x_wconf 79' lang='grc' dir='ltr'>δ’</span> <span class='ocrx_word' id='word_1_302' title='bbox 506 2890 597 2939; x_wconf 84' lang='grc' dir='ltr'>οὐκ</span> <span class='ocrx_word' id='word_1_303' title='bbox 630 2888 770 2949; x_wconf 80' lang='grc' dir='ltr'><strong><em>ὄντος</em></strong></span> <span class='ocrx_word' id='word_1_304' title='bbox 801 2886 908 2940; x_wconf 79' lang='grc' dir='ltr'>οὐδ’</span> <span class='ocrx_word' id='word_1_305' title='bbox 932 2890 1167 2958; x_wconf 84' lang='grc' dir='ltr'><strong><em>ἀργυρίου</em></strong></span> <span class='ocrx_word' id='word_1_306' title='bbox 1205 2896 1423 2942; x_wconf 86' lang='grc' dir='ltr'><strong><em>πωλοῦσι</em></strong></span> <span class='ocrx_word' id='word_1_307' title='bbox 1455 2890 1542 2957; x_wconf 81' lang='grc' dir='ltr'>μὲν</span> <span class='ocrx_word' id='word_1_308' title='bbox 1573 2894 1878 2959; x_wconf 84' lang='grc' dir='ltr'><strong><em>θεραπαίνας</em></strong></span> 
     </span>
    </p>
   </div>
  </div>
 </body>
</html>
