1992 3094
188 110 292 162 112
693 106 921 150 LIBANII
952 104 1177 150 ORATIO
1210 105 1335 149 XXX

179 254 290 298 τῶν
351 242 699 312 τεθεαμε’νων
761 242 999 294 ἀκούειν.
1077 241 1219 293 οὕτω
1281 239 1536 308 μέγιστος
1595 244 1871 310 μεγίστοις

181 332 425 400 ἐγεγόνει
463 341 578 394 τοῖς
618 333 817 397 λίθοις,
856 337 1127 382 τοσοῦτον
1167 328 1375 398 ἐπέχων
1406 337 1501 398 τῆς
1533 338 1632 398 γῆς
1663 329 1872 384 ὁπόσον

180 420 270 474 καὶ
326 422 356 489 ἡ
412 422 581 483 πόλις.
657 421 810 489 ἤρκει
865 426 1007 486 γοῦν
1061 417 1122 470 ἐν
1175 426 1290 480 τοῖς
1345 416 1404 470 ἐκ
1457 427 1569 471 τῶν
1617 417 1871 486 πολέμων

183 512 381 579 φόβοις
418 518 535 572 τοῖς
574 509 791 561 οἰκοῦσι
830 508 931 576 τὴν
963 509 1129 560 πόλιν
1165 507 1338 575 μηδὲν
1371 503 1512 559 εἶναι
1551 506 1734 567 πλέονΥ
1757 516 1873 570 τοῖς

137 620 157 652 5
183 597 369 652 ἑλοῦσι
409 599 511 667 τὴν
541 599 708 650 πόλιν
740 596 842 650 οὐκ
873 594 1063 666 ἔχουσι
1101 596 1358 649 κάκεῖνον
1396 596 1747 666 προσεξελεῖν
1777 604 1872 665 τῆς

184 688 370 756 ἰσχύος
408 694 508 739 τοῦ
552 689 850 756 περιβόλου
899 693 1011 738 πᾶν
1051 684 1379 754 ἐλεγχούσης
1423 686 1726 754 μηχάνημα.
1800 681 1873 753 ἧν

182 773 243 828 δὲ
291 776 357 844 δὴ
414 774 504 828 καὶ
552 774 639 828 ἐπὶ
686 775 747 827 τὸ
797 773 952 841 τέγος
1000 773 1236 842 ἀναβᾶσι
1289 777 1548 826 πλεῖστον
1598 774 1733 826 ὅσον
1778 781 1873 842 τῆς

181 866 442 933 πολεμίας
483 864 637 931 ὁρᾶν,
677 863 743 915 οὐ
784 864 983 932 μικρὸν
1027 861 1459 930 πολεμουμένοις
1500 861 1874 931 πλεονέκτημα

183 952 516 1022 ἀνθρώποις.
593 953 806 1020 ἤκουσα
846 950 908 1003 δὲ
946 951 1035 1003 καὶ
1076 949 1367 1019 ἐριζόντων
1406 960 1593 1018 τινῶν,
1644 949 1706 1004 ἐν
1745 951 1873 1004 ὁπο-

94 1053 299 1096 RH194
352 1039 490 1111 τέρῳ
545 1041 605 1092 τὸ
659 1045 852 1108 θαῦμα
905 1042 1091 1106 μεῖζον
1148 1038 1154 1110 Ι
1215 1040 1359 1144 ἱερῷ,
1415 1045 1490 1111 τῷ
1539 1038 1720 1108 μηκέτ’
1753 1041 1873 1093 ὄντι

118 1152 158 1182 11
182 1130 358 1200 τούτῳ
399 1128 430 1196 ἢ
473 1129 501 1182 ὃ
542 1131 747 1197 μήποτε
786 1129 961 1180 πάθοι
1000 1128 1220 1194 ταύτόν,
1261 1126 1322 1181 ἐν
1360 1120 1504 1200 ᾧπερ
1545 1127 1573 1180 ὁ
1608 1129 1873 1197 Σάραπις.

182 1217 268 1270 45
325 1217 461 1270 ἀλλὰ
507 1225 669 1270 τοῦτο
724 1237 826 1285 μεν
872 1217 932 1269 τὸ
981 1224 1200 1269 τοιοῦτο
1252 1236 1343 1269 και
1389 1224 1659 1269 τοσοῦτον
1706 1218 1872 1284 ἱερόν,

184 1305 254 1358 ἵν’
286 1306 508 1375 ὑπερβῶ
549 1307 615 1358 τὰ
645 1313 739 1374 τῆς
779 1306 988 1375 ὀροφῆς
1021 1305 1303 1375 ἀπόρρητα
1333 1304 1423 1358 καὶ
1458 1305 1561 1358 ὅσα
1591 1305 1874 1375 ἀγάλματα

184 1396 415 1465 σιδήρου
457 1393 795 1463 πεποιημένα
840 1394 1110 1462 κέκρυπτο
1157 1401 1232 1466 τῷ
1275 1396 1448 1466 σκότῳ
1498 1395 1874 1463 διαφεύγοντα

120 1503 160 1536 15
185 1484 283 1535 τὸν
318 1484 496 1551 ἥλιον,
537 1488 741 1552 οἴχεται
773 1481 863 1536 καὶ
897 1483 1160 1551 ἀπόλωλε,
1198 1489 1412 1551 θρῆνος
1441 1483 1543 1550 μὲν
1574 1491 1691 1545 τοῖς
1723 1483 1874 1536 ἰδοῦ-

186 1586 294 1638 σιν,
348 1572 520 1640 ἡὸονὴ
569 1572 630 1625 δὲ
674 1580 788 1634 τοῖς
836 1572 936 1640 οὐχ
989 1570 1308 1642 ἑωρακόσιν,
1363 1572 1429 1624 οὐ
1486 1573 1588 1641 γὰρ
1643 1577 1784 1640 ἴσον
1813 1570 1875 1625 ἐν

185 1668 299 1722 τοῖς
338 1661 612 1723 τοιούτοις
659 1660 950 1730 ὀφθαλμοί
991 1681 1048 1713 τε
1088 1661 1177 1714 καὶ
1218 1657 1351 1729 ὦτα,
1401 1665 1612 1727 μᾶλλον
1659 1657 1720 1712 δὲ
1759 1668 1876 1723 τοῖς

187 1747 288 1800 οὐκ
329 1748 547 1800 ἰδοῦσιν
581 1749 761 1817 ἄμφω,
802 1747 892 1801 καὶ
926 1749 1070 1817 λύπη
1107 1749 1196 1801 καὶ
1228 1749 1418 1817 ἡδονή,
1457 1750 1518 1801 τὸ
1551 1746 1653 1818 μὲν
1685 1748 1743 1802 ἐκ
1774 1756 1874 1802 τοῦ
1959 1766 1962 1767 ’

186 1836 491 1904 πτώματος,
539 1837 600 1889 τὸ
643 1835 689 1888 δ’
725 1837 910 1905 ὅτιπερ
961 1838 1026 1890 οὐ
1066 1835 1370 1890 τεθεάνται.
1447 1836 1533 1889 46.
1583 1835 1699 1889 ἀλλ’
1731 1837 1876 1904 ὅμως

119 1945 163 1976 20
187 1929 243 1976 εἴ
273 1944 355 1986 τις
395 1924 631 1994 ἀκριβῶς
671 1927 1014 1995 σκοπήσειεν,
1055 1926 1119 1978 οὐ
1154 1926 1255 1978 σὸν
1285 1934 1464 1995 τοῦτο,
1502 1933 1602 1978 τοῦ
1643 1923 1703 1978 δὲ
1738 1926 1875 1994 ἠπα-

187 2014 410 2080 τηκότος
452 2013 755 2083 ἀνθρώπου
802 2023 1002 2083 μιαροῦ
1054 2015 1143 2067 καὶ
1183 2020 1338 2077 θεοῖς
1378 2013 1585 2083 ἐχθροῦ
1637 2015 1726 2067 καὶ
1767 2015 1875 2067 δει-

100 2112 301 2156 RII195
351 2106 451 2154 λοῦ
491 2103 580 2154 καὶ
621 2104 1033 2172 φιλοχρημάτου
1070 2110 1074 2168 ἰ
1111 2101 1200 2155 καὶ
1239 2111 1303 2172 τῇ
1345 2106 1666 2171 τικτόμενον
1706 2102 1875 2155 αὐτὸν
1951 2135 1955 2138 -

309 2281 362 2319 19
395 2277 536 2320 Thuo.
563 2277 626 2319 IV
646 2283 713 2331 14,
732 2283 756 2320 2
940 2283 995 2321 20
1028 2278 1096 2321 De
1122 2277 1325 2335 Cynegio
1357 2277 1593 2334 praefecto
1624 2277 1872 2333 praeborio,

189 2337 353 2390 postea
386 2337 528 2379 etiam
569 2336 625 2378 de
657 2336 818 2380 Proclo
863 2338 1031 2380 comite
1065 2336 1265 2381 Orientis
1306 2337 1530 2394 cogitavit
1563 2336 1873 2380 Gothofredus

191 2394 250 2436 ad
283 2393 390 2437 Cod.
418 2394 588 2438 Theod.
615 2395 720 2437 XVI
747 2400 814 2451 10,
834 2400 860 2438 8
885 2399 918 2439 t.
936 2396 1000 2438 VI
1023 2412 1066 2452 p
1087 2400 1185 2440 269.
1231 2395 1287 2439 cf.
1314 2411 1358 2451 p
1379 2400 1434 2439 80
1467 2398 1561 2439 not.
1582 2400 1606 2439 3
1672 2418 1675 2420 -

312 2559 332 2597 1
368 2553 594 2611 μεγίστοις
625 2570 699 2598 om
725 2555 814 2600 Got
996 2563 1020 2599 2
1062 2556 1227 2614 ἐπέχον
1261 2556 1351 2600 Got
1533 2562 1557 2600 3
1592 2555 1637 2613 γ’
1667 2554 1751 2602 οὖν
1783 2558 1828 2601 Α
1864 2557 1868 2615 Ι

189 2620 280 2656 τῶν
313 2627 388 2656 om
411 2615 443 2656 I
559 2620 585 2657 4
618 2613 729 2658 ὥστε
762 2618 931 2672 antefa
933 2615 1045 2672 ηδὲν
1076 2617 1200 2659 inser
1231 2617 1335 2659 coni
1360 2616 1572 2660 Mounier
1700 2621 1724 2658 5
1757 2629 1876 2671 προσ
1949 2659 1951 2662 ⁴

190 2672 334 2723 ξελεῖν
374 2686 479 2715 cum
510 2686 584 2715 ras
620 2679 640 2716 1
674 2672 752 2716 litt
784 2677 891 2718 ante
901 2633 959 2727 μξη
987 2675 1030 2719 U
1205 2680 1230 2719 6
1277 2670 1334 2731 ἦν
1370 2676 1408 2719 C
1443 2675 1524 2718 sed
1563 2692 1589 2718 ν
1630 2675 1723 2718 add.
1745 2674 1816 2718 m²

195 2735 246 2771 13
280 2729 368 2774 ὑπέ
371 2732 463 2788 ρβω
496 2731 563 2775 Re
709 2737 763 2775 14
794 2748 905 2776 num
936 2738 1136 2806 χρυσοῦὶ)
1209 2732 1434 2791 Σεβήρου,
1467 2741 1638 2792 χρυσοῦ
1672 2734 1775 2777 coni
1807 2733 1874 2777 Re

192 2789 329 2831 Anim
358 2794 363 2843 1
371 2748 644 2845 ρκέκρυπται
675 2791 717 2833 V
855 2797 908 2835 16
943 2792 961 2836 ἑ
995 2791 1186 2846 ρακόσιν
1219 2807 1323 2835 eum
1347 2806 1422 2835 ras
1450 2799 1471 2835 1
1498 2792 1576 2835 litt
1606 2795 1729 2848 post
1745 2808 1766 2836 ε
1793 2793 1838 2838 U
1863 2791 1867 2849 Ι

193 2843 292 2890 ἶσον
319 2849 363 2890 P
396 2851 401 2904 Ι
436 2848 518 2903 μὲν
552 2847 641 2891 Gob
793 2855 845 2893 19
880 2850 930 2894 δὲ
962 2851 1028 2895 Re
1180 2856 1235 2894 20
1268 2851 1610 2904 ,ὡπατευκότος
1642 2852 1874 2908 legendum
1951 2851 1954 2854 ’

192 2907 293 2960 quis
320 2911 473 2962 putet“
509 2906 598 2950 Got
630 2907 686 2951 cf
712 2923 754 2963 p.
775 2913 830 2952 80
862 2911 956 2953 not.
976 2915 1000 2952 3
