1992 3094
182 126 251 178 74
695 122 923 166 LIBANH
946 121 1179 166 ORATIO
1211 121 1362 165 XXIX

180 259 293 314 ἀλλ’
328 261 471 327 ὅμως
510 257 590 312 ἐπ’
624 257 799 312 ἐκεῖνο
840 254 948 325 εἶμι
987 265 1159 310 ταῦτα
1197 256 1374 326 ἀφείς,
1416 257 1464 309 εἰ
1501 256 1605 323 μὲν
1639 257 1869 325 ἔχει’τις

89 363 132 407 R
154 362 297 406 11336
331 350 505 402 εἰπεῖν
539 346 545 418 Ι
579 352 807 416 πληγῶν
838 346 1084 415 ἀριθμὸν
1115 344 1406 416 εἰρημένον
1444 345 1591 414 παρὰ
1629 351 1728 397 τοῦ
1768 345 1870 412 τὴν

183 438 355 507 ἀρχὴν
406 440 627 506 ἔχοντος
679 435 770 488 καὶ
824 442 1095 488 τοσοῦτον
1143 435 1272 496 ὅσος
1318 434 1513 502 γέγονε
1558 431 1646 486 καὶ
1696 432 1869 495 οὕτως

180 527 330 595 ὠμὸν
379 525 451 587 ὡς
497 524 692 576 πολλοὶ
738 523 1044 576 τεθέανται.
1128 523 1361 591 μάλιστα
1407 519 1510 588 μὲν
1555 519 1646 574 καὶ
1695 521 1870 584 οὕτως

137 637 155 669 5
180 615 355 683 ἠδίκει
396 613 678 675 Κάνδιδος
717 612 782 665 οὐ
824 614 1122 680 γενόμενος
1167 618 1267 664 τοῦ
1314 612 1695 673 κεκελευκότος
1732 628 1870 680 πρᾳ-

182 705 392 773 ότερος,
448 701 477 755 ὃ
532 700 621 754 καὶ
676 703 805 763 τοὺς
859 699 1071 763 οἰκέτας
1124 699 1339 769 ὁρῶμεν
1384 706 1683 762 ποιοῦντας
1732 699 1868 769 πρὸς

182 791 466 859 ἀλλήλους,
507 790 640 843 ὅταν
671 788 757 843 ἐπὶ
791 793 1024 857 πληγαῖς
1056 790 1220 850 ἄλλος
1251 789 1397 860 ἄλλῳ
1430 789 1744 858 παραδοθῇ,
1776 786 1867 841 καὶ

180 888 343 933 τοῦτο
391 878 481 932 καὶ
519 881 649 941 τοὺς
687 880 1034 947 παραδόντας
1073 879 1275 940 αὐτοὺς
1322 876 1686 939 ἐπαινοῦντας
1732 876 1871 945 ὁρῶ-

182 988 282 1037 μεν
319 969 424 1037 ήδη
464 975 564 1020 τοῦ
603 973 793 1036 θυμοῦ
828 968 1217 1035 λελωφηκότος.
1289 966 1375 1018 23.
1413 973 1584 1018 ταῦτα
1623 966 1724 1018 οὐκ
1765 965 1868 1033 ἐρῶ

115 1079 159 1111 ιο
182 1058 319 1126 πρὸς
367 1056 668 1123 Κάνδιδον,
723 1054 839 1108 ἀλλ’
874 1057 1010 1108 ἔστω
1058 1057 1119 1108 τὸ
1171 1055 1372 1124 πικρὸν
1421 1062 1585 1107 τοῦτο
1637 1055 1870 1120 δίκαιον,

184 1147 231 1197 εἰ
271 1146 576 1214 διαρρήδην
615 1146 871 1213 ἤκουσεν,
913 1144 996 1197 ὅτι
1030 1145 1116 1196 δεῖ
1146 1151 1318 1196 ταῦτα
1348 1142 1625 1212 Ἀντίοχον
1656 1144 1869 1196 ἅπαντα

182 1240 387 1286 παθεῖν
441 1232 474 1285 ἃ
528 1232 824 1286 πέπονθεν.
903 1231 1021 1286 ἀλλ’
1061 1232 1163 1286 οὐκ
1215 1232 1286 1285 ἂν
1341 1233 1585 1285 δύναιτο.
1664 1232 1871 1285 οὐκοῦν

183 1324 373 1390 κύριος
422 1319 491 1390 ἦν
538 1330 727 1389 σαφῶς
780 1328 880 1374 τοῦ
931 1341 994 1390 γε
1044 1319 1333 1384 ἐλάττονος
1387 1319 1479 1373 καὶ
1530 1321 1631 1373 οὐκ
1682 1322 1871 1388 ἔμελλε

184 1412 384 1463 δώσειν
422 1418 527 1463 νῦν
559 1411 723 1478 δίκην
760 1417 860 1462 τοῦ
900 1410 972 1478 μὴ
1013 1409 1150 1478 ὅσην
1180 1416 1289 1462 νῦν
1325 1410 1487 1477 δίκην
1517 1411 1710 1478 λαβεῖν
1742 1407 1862 1462 οὐδ’

117 1521 159 1552 15
185 1498 483 1568 ἐρήσεσθαι
543 1501 674 1561 τοὺς
734 1498 1006 1567 ὑπηρέτας
1060 1497 1088 1551 ὁ
1145 1499 1356 1568 ἅρχων·
1417 1500 1614 1551 πόσαι
1677 1494 1745 1550 δὲ
1808 1499 1871 1550 αἱ

183 1589 451 1655 πληγαί;
506 1586 626 1640 οὐδ’
658 1588 730 1649 ὡς
776 1587 842 1640 οὐ
890 1589 1112 1654 πολλαί,
1167 1589 1337 1655 γνοὺς
1382 1585 1415 1655 ἢ
1464 1588 1608 1659 λόγῳ
1656 1585 1688 1655 ἢ
1729 1589 1870 1658 ἔργω

186 1678 453 1744 λυπήσειν
490 1677 588 1728 τὸν
627 1676 928 1730 Κάνδιδον.
1005 1678 1182 1729 καίτοι
1229 1678 1286 1727 τί
1331 1676 1391 1728 τὸ
1438 1676 1659 1728 κωλύον
1698 1671 1783 1743 ἦν,
1825 1676 1872 1727 εἰ

184 1766 388 1827 πολλὰς
421 1764 563 1817 οὕτω
596 1764 860 1832 γενέσθαι
892 1766 987 1827 τὰς
1018 1765 1229 1832 πληγὰς
1261 1762 1538 1831 ἐβούλετο,
1577 1764 1678 1817 τὸν
1709 1763 1872 1834 ἀριθ-

184 1854 291 1919 μὸν
329 1854 504 1905 εἰπεῖν
542 1851 632 1905 καὶ
673 1854 733 1905 τὸ
766 1855 895 1915 τοὺς
933 1853 1239 1914 τύπτοντας
1278 1849 1420 1905 εἶναι
1461 1853 1581 1905 δεῖν
1619 1862 1731 1905 τῶν
1769 1853 1873 1921 ῥω-

118 1962 163 1995 20
186 1940 557 2011 μαλεωτέρων,
612 1934 733 1994 οἷον
780 1942 1062 2003 Κάνδιδος
1109 1941 1255 2012 αὐτῷ
1295 1941 1394 1993 τὸν
1439 1941 1568 1993 υἱὸν
1614 1939 1871 2009 ἐπέστησε

186 2029 284 2081 τὸν
323 2029 520 2094 αὐτοῦς
560 2029 646 2082 24.
684 2030 949 2098 θαυμάζω
991 2026 1051 2082 δὲ
1091 2029 1236 2091 ὅπως
1276 2027 1394 2082 οὐδ’
1428 2029 1599 2082 αὐτοῦ
1637 2037 1738 2083 τοῦ
1778 2029 1872 2098 ῥή-

187 2137 352 2183 ματος
390 2115 644 2188 ᾐσχύνθη
684 2119 785 2186 τὴν
825 2120 1278 2187 φιλανθρωπίαν·
1319 2117 1385 2170 οὐ
1419 2118 1521 2187 γὰρ
1556 2117 1871 2188 ἀγριαίνον-

187 2225 278 2268 τος
318 2202 387 2274 ἧν
427 2205 558 2258 οὐδὲ
598 2205 826 2274 ζέοντος,
868 2204 983 2258 ἀλλ’
1017 2199 1139 2259 οἷον
1178 2206 1493 2268 δεδοικότος
1531 2207 1605 2274 μή
1643 2226 1694 2259 τι
1737 2220 1872 2275 σφο-

309 2429 331 2467 1
373 2421 471 2467 ἀλλ’
501 2450 557 2456 —-
579 2422 718 2479 ἀφείς
748 2425 866 2468 citat
895 2424 1012 2468 Plan
1044 2424 1122 2468 fol.
1144 2428 1227 2468 104
1263 2426 1268 2479 Ι
1304 2424 1453 2469 ἐκεῖνο
1486 2425 1530 2468 Α
1575 2425 1657 2468 sed
1689 2441 1713 2469 ο
1755 2438 1811 2468 ex
1842 2442 1872 2467 α
1944 2459 1971 2477 2⁷

189 2496 290 2526 corr
346 2485 352 2538 Ι
410 2480 565 2538 ἀφείς·
601 2484 835 2527 PBMVI
852 2484 984 2541 Bong
1040 2486 1046 2540 Ι
1105 2484 1198 2541 ἔχοι
1232 2482 1448 2540 MBong
1497 2486 1502 2539 Ι
1551 2482 1621 2535 τίς
1651 2484 1814 2528 BIMo

191 2575 216 2613 2
249 2570 490 2627 εἰρημένον
522 2585 598 2614 om
623 2571 667 2613 V
782 2575 807 2614 3
839 2557 1061 2616 τοσοῦτοῗ
1087 2573 1171 2616 Mo
1200 2574 1205 2628 Ι
1234 2570 1285 2622 ὃς
1309 2572 1393 2615 Mo
1424 2572 1507 2615 sed
1533 2568 1639 2623 ὅσος
1667 2571 1717 2614 in
1741 2584 1874 2628 marg

250 2635 275 2673 5
321 2628 568 2687 γενόμενος
607 2629 771 2685 scripsi
811 2643 835 2673 e
878 2631 959 2675 GP
1001 2631 1084 2675 sed
1121 2630 1171 2674 in
1202 2631 1290 2675 hoc
1329 2646 1350 2675 ε
1389 2632 1453 2687 (1)
1496 2644 1551 2674 ex
1584 2647 1599 2673 ι
1633 2644 1747 2684 cort,
1787 2631 1822 2674 I

189 2686 431 2744 γινόμενος
459 2687 630 2744 reliqui
659 2688 769 2732 libri
801 2689 892 2732 edd
920 2691 925 2745 Ι
953 2689 1209 2746 πραότερος
1240 2690 1463 2734 ΒΜΙΜο
1593 2694 1616 2732 7
1651 2687 1718 2733 ὅτ’
1744 2686 1804 2732 ἂν
1827 2689 1873 2733 Α

250 2751 275 2790 9
310 2746 398 2804 ἤδη
430 2773 487 2780 -—
517 2746 835 2804 λελωφηκότος
873 2748 989 2792 citat
1018 2748 1135 2792 Plan
1166 2748 1244 2792 l.1.
1288 2750 1294 2804 Ι
1335 2748 1502 2806 ταῦτα]
1543 2749 1728 2803 „malim
1758 2746 1874 2791 ἀλλὰ

185 2807 445 2861 ρναεροηιᾝ
477 2806 545 2850 Re
669 2811 721 2849 13
755 2822 803 2850 τε
835 2807 879 2851 U
995 2813 1049 2850 14
1081 2808 1217 2852 δώσει
1240 2808 1274 2850 Ι
1391 2811 1442 2850 17
1477 2809 1685 2851 κωλῦονῖ
1728 2806 1785 2850 cf.
1812 2806 1874 2849 ad
1952 2849 1954 2851 .
1991 2842 1992 2878 5

190 2863 261 2907 t.1
288 2868 385 2919 166,
405 2869 458 2908 13
604 2869 657 2909 18
689 2867 796 2921 post
820 2864 939 2910 οὕτω
963 2879 1038 2909 ras
1055 2871 1082 2909 4
1106 2866 1186 2909 litt
1202 2866 1265 2909 M
1403 2869 1460 2908 20
1491 2880 1602 2908 num
1634 2866 1828 2917 αὐτοῖςῗ
1864 2864 1869 2922 Ι

192 2921 433 2979 συνέστησε
466 2923 570 2967 coni
593 2923 660 2967 Re
782 2928 835 2967 21
871 2925 1014 2968 αὐτοῦ
1048 2926 1092 2969 V
1205 2929 1261 2967 23
1294 2923 1503 2976 δεδιότος
1527 2925 1570 2966 V
