1992 3094
185 101 218 152 2
223 101 292 152 68
676 98 903 142 LIBANII
936 97 1160 143 ORATIO
1194 98 1382 142 XXXIX

184 237 387 289 τούτου
434 235 602 288 πάλαι
651 236 718 303 δὴ
765 236 831 288 τὰ
878 235 1043 287 τοῦδε
1091 235 1288 287 είδότα.
1366 234 1413 286 5.
1470 236 1517 287 εἰ
1562 233 1610 286 δ’
1643 230 1748 287 οὖν
1785 237 1877 288 καὶ

185 325 321 392 μέγα
361 345 413 377 τι
444 331 609 376 τοῦτο
642 332 874 391 ποιοῖτο,
914 326 985 392 μὴ
1020 324 1089 376 σύ
1130 343 1191 391 γε
1230 323 1407 394 τούτῳ
1441 323 1711 392 ταράττου
1743 321 1870 392 μηδ’

187 413 310 465 οἴου
349 413 495 479 παρὰ
534 420 697 465 τοῦτο
736 421 924 481 χεῖρον
955 411 1097 475 ἕξειν
1129 427 1218 464 σοι
1250 412 1316 464 τὰ
1346 412 1648 480 πράγματα.
1711 410 1878 475 Μιξί-

187 501 357 570 δημος
395 502 500 571 γὰρ
541 499 728 554 οὑτοσὶ
770 508 871 554 τοῦ
918 501 1020 567 μὲν
1059 494 1200 553 εἶναι
1239 501 1404 562 κακὸς
1450 499 1509 553 ἐκ
1547 500 1744 562 παιδὸς
1782 501 1877 570 ἤρ-

142 611 161 643 5
186 588 331 658 ξατο,
371 590 604 659 χρηστὸς
644 586 704 642 δὲ
745 589 994 656 οὐδαμοῦ
1035 591 1330 657 γενόμενος
1369 589 1500 642 οὐδὲ
1531 588 1720 656 ὀλίγας
1750 588 1876 657 ἡμέ-

187 699 283 748 ρας
332 680 466 747 μετὰ
511 686 606 747 τῆς
653 677 879 747 ἐσχάτης
934 679 1123 741 κακίας
1178 679 1256 740 εἰς
1309 685 1480 747 γῆρας
1533 674 1678 746 ἧκεν.
1755 675 1879 746 ἔσχε

184 764 287 836 μὲν
333 767 438 820 ἀπὸ
490 775 591 819 τοῦ
639 768 885 836 σώματος
939 768 1219 836 πρόσοδον
1273 765 1335 819 ἐν
1375 767 1638 838 Αἰγύπτῳ
1693 769 1881 819 καλῶν

185 857 350 919 αὐτὸς
388 854 475 925 ἐφ’
509 855 707 909 ἑαυτὸν
745 858 875 918 τοὺς
911 857 1110 909 δοῦναι
1149 855 1513 925 δυναμένους,
1553 852 1677 924 ἔσχε
1717 852 1778 907 δὲ
1818 854 1883 906 ἐν

187 948 549 1014 Παλαιστίνῃ,
581 946 670 998 καὶ
700 945 838 1014 πρὸς
863 952 1025 997 τοῦτο
1060 945 1162 997 οὐκ
1193 940 1264 1012 ἦν
1294 945 1355 997 τὸ
1389 943 1605 1012 γένειον
1637 945 1880 1012 κώλυμα.

96 1046 138 1088 R
160 1046 201 1088 ΙΙ
219 1051 304 1091 355
344 1033 501 1103 Ι<τοῦ
529 1034 739 1102 είπεῑν>
771 1030 831 1086 δὲ
864 1035 1019 1096 δίκας
1052 1033 1328 1100 ἁψάμενος
1359 1040 1458 1086 τοῦ
1491 1034 1557 1085 τὰ
1589 1032 1727 1086 αὐτὰ
1757 1051 1880 1100 κερ-

120 1145 159 1176 11
186 1124 401 1175 δαίνειν
433 1123 534 1175 οὐκ
567 1121 772 1190 ἔληξεν,
806 1121 923 1174 ἀλλ’
946 1119 1016 1190 ἦν
1050 1122 1198 1194 αὐτῷ
1232 1124 1462 1191 διχόθεν
1485 1127 1878 1191 μισθοφορεῖν,

186 1212 252 1264 τὰ
289 1208 391 1280 μὲν
430 1213 669 1279 ἄνωθεν,
717 1213 783 1264 τὰ
823 1208 884 1264 δὲ
923 1212 1177 1265 κάτωθεν
1215 1220 1326 1264 τῶν
1366 1219 1712 1280 στρατιωτῶν
1750 1211 1883 1271 τοὺς

185 1297 287 1368 μὲν
327 1300 620 1372 δεχομένῳ,
661 1302 790 1363 τοὺς
831 1301 892 1353 δὲ
929 1298 1021 1353 καὶ
1053 1299 1370 1371 βιαζομένῳ.
1433 1292 1531 1351 καὶ
1562 1298 1739 1368 λέγων
1776 1299 1882 1371 μὲν

187 1389 415 1451 οὐδενὸς
460 1386 531 1458 ἦν
576 1391 826 1458 βελτίων,
880 1389 941 1441 τὸ
990 1389 1270 1441 δύνασθαι
1320 1386 1380 1441 δὲ
1429 1386 1620 1456 ἑτέρου
1666 1390 1882 1454 μᾶλλον

121 1499 160 1531 15
188 1474 255 1545 ἧν
295 1477 347 1541 ἐξ
388 1473 467 1530 ὧν
505 1475 650 1547 ἔφην
688 1478 844 1550 αὐτῷ.
916 1478 962 1530 6.
1006 1477 1174 1548 ἀρχὰς
1212 1480 1406 1531 τοίνυν
1440 1477 1585 1539 ὅπως
1623 1473 1726 1545 μὲν
1755 1473 1876 1529 ἔλα-

186 1568 301 1634 βεν,
349 1565 568 1634 ἀφίημι·
625 1567 812 1633 λαβὼν
852 1566 913 1618 δὲ
961 1564 1083 1618 οὐδ’
1112 1564 1204 1618 ὑπ’
1238 1566 1412 1618 αὐτοῦ
1459 1572 1558 1618 τοῦ
1606 1567 1883 1633 σχήματος

186 1653 437 1723 ἐδυνήθη
493 1663 823 1724 σωφρονεῖν,
876 1653 992 1707 ἀλλ’
1027 1654 1055 1707 ὁ
1111 1651 1212 1722 μὲν
1266 1652 1436 1723 κῆρυξ
1486 1652 1577 1706 καὶ
1625 1656 1883 1722 στρατεία

186 1743 277 1795 καὶ
333 1743 472 1810 ζώνη
526 1741 617 1795 καὶ
665 1741 826 1811 ξίφος
879 1741 969 1796 καὶ
1018 1743 1078 1795 τὸ
1129 1744 1368 1807 δικάζειν
1422 1743 1683 1812 ὑπῆρχεν,
1741 1741 1770 1794 ὁ
1819 1741 1885 1794 δὲ

187 1831 320 1884 οὐδὲ
359 1830 419 1884 ἐν
457 1832 674 1894 τούτοις
706 1831 845 1901 ἀνὴρ
879 1830 1128 1900 ἐδυνήθη
1168 1831 1446 1899 γενέσθαι,
1488 1829 1604 1883 ἀλλ’
1635 1826 1705 1898 ἦν
1744 1829 1879 1883 ἐκεῖ-

121 1942 163 1974 20
189 1940 284 1982 νος
332 1919 360 1972 ὁ
406 1929 620 1989 φοιτῶν
664 1921 755 1973 καὶ
802 1921 1099 1989 συνδικῶν,
1148 1919 1397 1989 συγχέων
1443 1921 1510 1972 τὰ
1554 1928 1650 1988 τῆς
1688 1918 1881 1988 Ἀφρο-

188 2010 339 2076 δίτης
386 2011 613 2078 νόμιμα,
659 2010 872 2078 τεχθεὶς
917 2005 1019 2076 μὲν
1066 2009 1229 2078 ἀνήρ,
1277 2009 1454 2080 τούτῳ
1503 2005 1563 2061 δὲ
1609 2006 1883 2077 προσθεὶς

187 2098 445 2167 θάτερον,
499 2095 591 2150 καὶ
645 2099 885 2160 πολλοὺς
939 2095 1041 2164 μὲν
1095 2098 1484 2166 καταισχύνας,
1546 2099 1761 2150 πλείοσι
1818 2097 1882 2149 δὲ

187 2185 448 2254 ὑποσχὼν
489 2184 701 2239 ἑαυτόν.

310 2381 330 2417 1
366 2376 520 2432 τοῦδε]
553 2375 720 2419 τούτου
756 2375 864 2419 ΟΡα
986 2381 1010 2418 2
1043 2382 1178 2419 τοῦτο
1215 2375 1295 2419 ΟΡ
1323 2375 1403 2418 sed
1437 2375 1485 2417 in
1517 2375 1605 2418 hoc
1628 2378 1646 2387 ⁹
1682 2377 1728 2418 et
1760 2391 1783 2418 ο
1816 2377 1878 2431 (2)

188 2434 236 2476 in
267 2448 343 2477 ras
374 2434 445 2476 111²
493 2437 499 2490 Ι
549 2433 797 2491 ταράττον]
831 2433 960 2489 παρά
992 2450 1074 2478 του
1114 2433 1259 2478 πάλαι
1299 2433 1355 2489 δὴ
1394 2434 1452 2478 τὰ
1482 2437 1620 2479 τοῦδε
1652 2432 1811 2478 εἰδότα
1846 2434 1887 2478 O

247 2492 376 2548 παρὰ
401 2493 566 2536 τούτου
591 2494 637 2536 Ρ
751 2498 776 2536 3
802 2500 937 2536 τοῦτο
965 2494 1010 2536 Ρ
1031 2493 1113 2536 sed
1138 2509 1192 2536 ov
1217 2493 1266 2535 in
1290 2506 1364 2536 ras
1389 2493 1460 2536 m²
1573 2497 1598 2535 8
1625 2492 1768 2537 αὐτὸν
1792 2493 1826 2535 Ι

194 2557 245 2595 10
269 2559 350 2595 τοῦ
377 2552 560 2596 εἰπεῖν
547 2552 721 2595 inserui
785 2566 858 2594 om
883 2551 1030 2596 libri
1017 2567 1065 2595 ln
1089 2552 1260 2596 lacuna
1284 2556 1326 2608 (9
1352 2551 1449 2596 fere
1473 2551 1552 2595 litt
1577 2552 1624 2605 O,
1652 2553 1749 2605 ΊΑ,
1782 2555 1807 2593 8
1823 2551 1879 2604 P,

195 2615 348 2653 10—12
370 2611 419 2667 U,
446 2612 522 2664 6Ι,
550 2615 603 2653 18
615 2611 676 2666 V)
737 2610 821 2660 τὰς
844 2611 969 2655 inser
993 2611 1125 2668 Bong
1186 2617 1270 2654 aut
1292 2610 1536 2666 ἁψάμενος
1553 2610 1669 2668 (τοῦ
1693 2609 1881 2677 λέγειν>

188 2669 270 2720 τὰς
302 2643 436 2719 δίκας
467 2675 550 2714 aut
578 2676 671 2714 τῶν
704 2671 848 2713 δικῶν
880 2669 1124 2726 ἁψάμενος
1154 2671 1388 2727 leye‘ndum
1420 2669 1525 2713 coni
1548 2670 1617 2712 Re
1644 2669 1798 2724 Anim,
1829 2668 1878 2711 in

190 2728 396 2772 editione
443 2730 808 2783 „convenientius
857 2729 1013 2784 inquit
1057 2729 1235 2772 videtur
1272 2735 1354 2771 τοῦ
1394 2726 1542 2785 λέγειν
1587 2729 1825 2783 εαΡΡΖενί“
1869 2728 1873 2785 Ι

191 2788 241 2831 δὲ
275 2801 350 2830 0111
385 2763 541 2831 OP'aP
628 2786 679 2831 δὲ
712 2785 847 2837 δίκας
878 2802 953 2831 om
989 2789 1031 2831 V
1193 2792 1244 2830 16
1278 2785 1384 2830 οὐδ’
1413 2786 1578 2843 scripsi
1609 2800 1634 2830 e
1667 2789 1704 2831 V
1794 2786 1880 2843 οὐχ

191 2845 359 2900 reliqui
392 2845 501 2889 libri
533 2846 622 2889 edd
796 2851 847 2888 17
882 2847 1026 2900 κῆρυξ
1059 2847 1186 2890 PaV
1213 2846 1269 2889 cf.
1295 2847 1327 2889 t.
1354 2845 1396 2888 Π
1428 2850 1602 2900 558,10
1645 2848 1650 2902 Ι
1695 2845 1881 2900 „malim

194 2904 411 2959 στρατιά“
444 2905 512 2948 Re
635 2909 687 2947 21
722 2912 856 2948 τοῦτο
889 2907 921 2947 Ι
957 2908 963 2961 Ι
1006 2905 1056 2949 δὲ
1090 2919 1165 2948 0111
1193 2904 1228 2948 Ο
1347 2909 1402 2947 23
1435 2903 1581 2948 ἑαυτῶ
1614 2904 1659 2948 U
