1992 3094
199 115 390 160 XXXIV
738 114 1078 158 PRAEFATIO
1112 114 1349 159 CRITICA

204 259 427 322 πληροῦν
466 262 552 319 τῆς
591 253 787 313 εὐνοίας
825 253 915 318 τὴν
954 254 1108 320 χάριν.
1184 255 1250 303 Et
1296 253 1386 318 τὴν
1432 255 1572 320 χάριν
1611 255 1898 320 genetivum

201 332 424 391 requirit.
486 329 710 390 Denique
735 329 938 376 deorum
962 327 1052 392 τὴν
1076 325 1277 377 εὔνοιαν
1303 331 1453 377 etiam
1475 331 1607 377 infra
1631 330 1895 391 p.468,19

201 405 563 451 commemorat.

310 495 357 540 p.
392 478 563 538 461‚5
611 482 873 541 τοιγαροῦν
911 474 1095 539 ἤσκησέ
1133 494 1180 524 τε
1219 474 1376 535 εὐθὺς
1415 474 1500 523 τὸν
1539 476 1692 526 τόπον
1731 476 1895 545 κρήνῃ

199 569 246 599 τε
294 548 374 598 καὶ
422 554 521 608 τοῖς
567 547 731 608 ἄλλοις
778 543 852 607 οἷς
899 546 1090 614 <ἐνῆν>
1129 548 1182 598 ἐν
1228 549 1442 619 τοσούτῳ
1491 550 1656 619 δρόμῳ
1704 555 1769 618 τῷ
1811 549 1898 599 διὰ

199 631 296 672 τῶν
336 623 632 689 πραγμάτων
670 619 728 671 ὃν
765 621 949 682 ἐκεῖνος
988 620 1222 682 ὀξύτατον
1262 622 1380 672 ἔθει.
1448 624 1657 686 Propter
1695 641 1894 690 sensum

199 699 337 746 nulla
375 699 570 746 ratione
610 698 808 745 admitti
847 701 1013 759 potest
1046 696 1136 746 ὅσα
1168 698 1298 759 quod
1333 697 1652 746 Schenkelius
1684 715 1710 746 e
1742 699 1894 747 libro-

199 789 307 819 rum
350 773 593 834 scriptura
632 767 686 828 ὃς
724 771 803 819 vel
843 768 908 829 ὡς
948 772 1170 820 elicuisse
1210 772 1302 819 sibi
1342 772 1475 820 visus
1516 776 1610 834 est,
1656 775 1713 821 ut
1760 766 1892 835 quod

200 847 330 893 idem
378 849 504 894 esset
544 849 691 907 atque
732 841 797 903 ὡς
829 868 885 882 =
917 849 1087 906 utpote.
1164 846 1295 893 Nam
1334 846 1630 910 significatio
1670 850 1890 907 „utpotffl

197 921 251 966 in
301 921 429 967 hunc
479 920 641 967 locum
692 920 891 967 omnino
942 936 1041 967 non
1091 920 1316 981 quadrat.
1403 919 1493 968 ὅσα
1544 921 1744 968 admitti
1792 937 1892 969 non

199 993 398 1056 poterit,
437 994 533 1041 nisi
572 993 719 1041 simul
758 991 877 1057 ἐνῆν
908 995 987 1041 vel
1020 995 1179 1042 simile
1211 994 1416 1041 verbum
1456 995 1690 1042 excidisse
1732 997 1890 1042 statu-

199 1070 312 1115 itur.
390 1067 460 1114 At
498 1068 778 1114 etiamnunc
819 1061 892 1126 οἷς
933 1068 1064 1129 quod
1103 1070 1157 1115 in
1195 1069 1334 1115 textu
1372 1069 1514 1129 posui
1554 1070 1792 1129 praefero.

307 1158 354 1202 p.
389 1142 597 1201 464‚19
652 1139 676 1190 ὁ
730 1137 782 1188 δὲ
828 1140 896 1199 εἰς
944 1139 1096 1205 μέσην
1142 1141 1546 1205 καταποτώμενος
1592 1140 1682 1205 τὴν
1731 1142 1895 1207 φλόγα

196 1213 485 1278 ἀνελόμενος
530 1213 588 1262 τὰ
635 1214 786 1280 μηρία
832 1213 1041 1280 γέμοντα
1087 1214 1245 1280 πυρὸς
1291 1213 1516 1281 ἀπέφερε.
1592 1217 1706 1264 Non
1745 1217 1895 1265 video

196 1304 393 1336 causam
443 1303 529 1336 cur
577 1289 737 1336 forma
782 1305 982 1350 prorsus
1033 1290 1300 1352 singularis
1346 1306 1504 1351 neque
1543 1291 1637 1338 ulli
1683 1290 1895 1339 librario

194 1363 455 1410 familiaris
496 1378 643 1424 quam
685 1365 860 1425 optimi
898 1364 1015 1410 libri
1057 1363 1295 1424 praebent
1333 1363 1737 1427 καταποτώμενος
1778 1381 1893 1412 cum

194 1437 389 1499 vulgari
429 1452 577 1498 quam
618 1435 829 1484 Cobetus
860 1438 1315 1498 Herwerdenusque
1356 1438 1701 1486 commendant
1739 1457 1888 1486 κατα.-

199 1509 435 1572 πτάμενος
473 1513 703 1557 mutetur.

304 1601 350 1645 p.
376 1584 582 1642 466‚15
609 1583 855 1632 Σελεύκου
889 1581 978 1648 μὲν
1011 1576 1101 1633 οὖν
1133 1581 1164 1647 ἡ
1198 1583 1338 1642 πόλις
1362 1582 1636 1649 ἐπώνυμος,
1669 1583 1894 1649 τοῦνομα

196 1653 247 1704 δὲ
295 1654 390 1706 ἀπὸ
438 1664 523 1704 τοῦ
571 1655 750 1722 πατρὸς
799 1658 1067 1722 Ἀντιόχου,
1114 1656 1196 1706 καὶ
1243 1656 1339 1706 ὑπὸ
1391 1655 1478 1722 μὲν
1525 1659 1702 1707 τούτου
1743 1660 1887 1722 δεδη-

197 1730 509 1795 μιούργηται,
556 1736 619 1798 τῷ
663 1728 714 1779 δὲ
761 1730 907 1780 ἔσωσε
950 1732 1040 1795 τὴν
1081 1731 1294 1796 μνήμην.
1372 1733 1737 1781 Auctoritatem
1776 1749 1890 1798 gra—

196 1805 445 1852 vissimam
481 1805 661 1867 accipit
691 1806 838 1853 lectio
870 1803 966 1855 ἀπὸ
999 1812 1086 1854 τοῦ
1118 1805 1295 1864 παιδὸς
1324 1822 1353 1853 a
1384 1807 1492 1854 loco
1524 1806 1708 1854 Iuliani
1742 1824 1888 1869 quem

197 1877 374 1925 Asmus
423 1879 632 1926 contulit
677 1879 786 1927 Mis.
826 1896 872 1941 p.
900 1881 1068 1941 447,8
1118 1880 1190 1928 ed.
1229 1880 1388 1927 Hertl.
1421 1878 1609 1945 λέγεταί
1651 1881 1730 1930 τοί
1771 1898 1890 1930 ποτε

195 1950 280 1999 τὸν
319 1949 581 2014 ἐπώνυμον
621 1952 764 2016 τῆσδε
803 1960 890 2017 τῆς
930 1952 1114 2012 πόλεως
1152 1950 1374 2018 βασιλέα,
1420 1956 1602 2017 μᾶλλον
1643 1951 1693 2003 δὲ
1734 1948 1893 2019 οὗπερ

199 2023 458 2088 ἐπώνυμος
498 2024 583 2088 ἥδε
623 2022 652 2088 ἡ
693 2026 832 2085 πόλις
871 2027 1182 2095 συνῳκίσθη·
1231 2027 1490 2090 πεποίηται
1529 2025 1617 2091 μὲν
1656 2027 1747 2094 γὰρ
1787 2026 1894 2076 ὑπὸ·

202 2097 465 2160 Σελεύκου,
505 2096 720 2162 τοῦνομα
753 2097 803 2147 δὲ
841 2099 932 2164 ἔχει
963 2099 1059 2150 ἀπὸ
1099 2107 1186 2149 τοῦ
1218 2100 1464 2149 Σελεύκου
1497 2101 1686 2161 παιδός.
1755 2103 1886 2150 Nam

201 2171 447 2218 Iulianum
479 2173 574 2220 loci
606 2173 804 2220 Libanii
839 2191 1103 2222 memorem
1141 2175 1306 2235 fuisse,
1347 2190 1457 2222 cum
1487 2176 1607 2223 haec
1639 2176 1894 2238 scriberetr

196 2261 353 2305 nemo,
394 2246 551 2306 credo,
589 2247 898 2295 infitiabitur.
967 2249 1070 2296 Nec
1110 2248 1360 2296 difficilius
1391 2250 1516 2296 mihi
1550 2249 1747 2298 videtur
1786 2253 1887 2298 sta-

195 2321 329 2365 tuere
378 2318 641 2366 Libanium
693 2321 743 2367 in
795 2322 886 2368 hac
933 2338 983 2369 re
1033 2339 1060 2369 a
1107 2322 1355 2369 Pausania
1407 2323 1683 2371 discessisse
1735 2340 1883 2385 quam

195 2390 447 2439 Iulianum
479 2394 728 2454 exemplar
759 2397 995 2442 orationis
1028 2395 1331 2443 Libanianae
1365 2412 1628 2458 usurpasse
1659 2398 1711 2444 in
1751 2397 1888 2458 quod

197 2464 372 2511 vitium
406 2464 582 2523 παιὸὸς
611 2483 700 2528 pro
733 2467 914 2530 πατρὸς
945 2469 1212 2530 irrepserit.
1275 2470 1478 2517 Accedit
1511 2471 1640 2530 quod
1672 2471 1883 2518 fulcrum

194 2538 420 2586 lectionis
450 2537 629 2603 πατρός
655 2541 784 2601 quod
810 2542 927 2589 olim
952 2543 1311 2590 validissimum
1335 2545 1494 2590 visum
1520 2546 1594 2591 est
1605 2538 1662 2610 1),
1690 2545 1886 2606 fragile,

196 2612 346 2658 immo
394 2629 509 2660 vero
557 2614 748 2660 nullum
795 2630 896 2663 esse
944 2617 1164 2680 cognovi.
1241 2616 1405 2663 Verba
1453 2617 1582 2664 enim
1627 2619 1883 2679 sequentia

196 2679 254 2731 ὃν
301 2683 391 2748 γὰρ
438 2692 549 2733 τῶν
596 2684 807 2735 ἑαυτοῦ
850 2689 1204 2751 τιμιώτατον
1243 2681 1352 2754 ἦγε,
1398 2689 1552 2759 τούτῳ
1592 2698 1688 2738 τῶν
1727 2689 1883 2757 ἔργων

313 2856 353 2910 1)
401 2854 573 2898 Album
622 2855 991 2901 Gratulatorium
1037 2859 1087 2902 in
1133 2859 1359 2902 honorem
1403 2859 1591 2903 Henrici
1635 2874 1723 2904 van
1764 2860 1890 2904 Her—

191 2913 375 2955 werden
407 2929 450 2969 p.
475 2918 543 2957 48.
