1992 3094
245 105 475 151 LIBANII
505 103 730 149 ORATIO
761 103 882 149 PRO
914 103 1231 149 AGRICOLIS
1262 104 1342 147 DE
1374 103 1661 148 ANGARJIS
1722 104 1831 157 479

140 241 275 310 ἐμοῦ
329 244 541 310 μᾶλλον
594 240 627 309 ἢ
683 246 809 303 σοῦ;
870 241 928 292 τί
976 240 1179 292 τούτου
1233 241 1720 310 παρανομώτερον;
1781 242 1838 293 τί

141 331 479 400 δεινότερον;
541 331 596 382 τί
655 327 705 381 δ’
760 329 894 381 ἄλλο
956 329 1017 381 τὸ
1072 338 1183 381 τῶν
1237 329 1528 398 τυράννων
1582 328 1614 398 ἢ
1669 337 1832 383 τοῦτο

141 422 316 487 ἔστιν,
378 417 686 488 ἀφελέσθαι
747 425 973 486 τοῦτον,
1037 417 1226 490 ἐκείνῳ
1289 419 1513 487 δοῦναι,
1574 419 1672 471 τὸν
1732 415 1835 488 μὲν

140 508 416 576 ἀδικῆσαι,
455 513 530 580 τῷ
565 507 626 560 δὲ
662 505 735 560 δι’
774 507 946 560 αὐτοῦ
986 507 1188 559 τούτου
1229 509 1563 576 χαρίσασθαι
1603 508 1695 560 καὶ
1733 509 1835 576 τὴν

72 624 76 628 ·
142 595 332 666 ἑτέρου
386 597 601 665 βλάβην
655 597 827 648 ἄλλου
881 602 1108 663 ποιῆσαι
1163 596 1374 664 κέρδος.
1465 594 1556 649 καὶ
1618 604 1726 649 νῦν
1788 597 1835 648 εἰ
1882 617 1901 650 5

141 688 485 756 βουληθείην
533 686 600 738 τὰ
645 694 756 738 τῶν
802 692 967 737 τοῦτο
1022 686 1308 752 λαβόντων
1362 684 1605 752 ὀνόματα
1657 685 1836 738 πάντα

142 776 411 842 διελθεῖν,
450 774 595 828 πολύ
634 793 692 826 τε
731 781 895 827 τοῦτο
937 775 1088 826 ἔσται
1126 774 1218 826 καὶ
1258 773 1594 827 ἀποκναίσει.

258 864 340 916 18.
404 864 744 925 Κωλύσεις
792 858 934 932 οὖν,
985 861 1199 932 ἐροῦσι,
1249 863 1362 915 τὸν
1409 864 1691 933 ἄρχοντα
1742 863 1837 915 δι-

144 954 337 1006 δόναι
376 953 591 1022 χάριν;
634 953 783 1005 πάνυ
824 971 910 1020 γε,
958 953 1060 1020 τὴν
1106 952 1316 1005 ἄδικον.
1394 952 1466 1014 ὡς
1505 949 1565 1005 δὲ
1612 952 1713 1004 οὐκ
1751 948 1836 1005 ἔνι

143 1043 205 1095 τὸ
262 1042 482 1094 δίκαιον
536 1039 598 1094 ἐν
650 1042 846 1111 ταύτῃ,
900 1043 1072 1094 παντί
1120 1060 1231 1094 που
1279 1041 1451 1109 δῆλον
1506 1039 1596 1093 καὶ
1651 1041 1838 1102 αὐτοῖς
1864 1063 1906 1094 ιο

143 1139 260 1194 τοῖς
303 1149 362 1183 τε
410 1131 648 1183 διδοῦσι
679 1140 796 1193 τοῖς
838 1149 896 1183 τε
943 1129 1341 1198 λαμβάνουσιν.
1416 1129 1448 1198 ἢ
1489 1132 1670 1183 πόθεν
1709 1128 1838 1198 ἐφο-

144 1222 350 1289 βοῦντο
390 1218 480 1272 καὶ
525 1214 682 1272 οὗτοι
728 1218 972 1273 κάκεῖνοι
1019 1220 1157 1289 πρὸς
1194 1220 1291 1282 τὰς
1330 1218 1553 1282 ἀπειλὰς
1593 1218 1655 1282 ἃς
1694 1217 1839 1271 ἐποι-

145 1309 342 1378 ούμην,
383 1308 467 1361 ὅτι
507 1315 680 1360 ταῦτα
719 1307 820 1360 οὐκ
860 1307 1168 1377 ἀγνοήσεις,
1208 1306 1325 1361 ἀλλ’
1365 1309 1514 1360 ἔσται
1554 1328 1636 1370 τις
1673 1306 1702 1360 ὁ
1741 1327 1840 1375 μη-

145 1398 356 1462 νύσων;
436 1396 519 1450 19.
569 1395 685 1449 ἀλλ’
726 1396 871 1465 ὅμως
918 1395 1031 1466 ἐρεῖ
1075 1417 1182 1465 τις,
1230 1397 1314 1450 ὅτι
1361 1398 1446 1449 δεῖ
1491 1417 1543 1450 τι
1589 1405 1703 1459 τοῖς
1746 1396 1839 1465 ἄρ-

146 1500 345 1557 χουσιν
407 1484 624 1549 ἐξεῖναι.
717 1485 822 1553 ἐγὼ
878 1482 938 1538 δὲ
1001 1484 1106 1556 ε’ρῶ
1164 1485 1331 1539 ταύτὸ
1385 1485 1577 1553 πάλιν,
1639 1485 1723 1538 ὅτι
1777 1485 1838 1537 τὸ
1865 1505 1907 1538 15

148 1576 364 1630 δίκαιόν
412 1589 571 1644 σφισι
618 1577 792 1642 μόνον
838 1584 986 1628 ποιεῖ
1030 1576 1132 1643 τὴν
1177 1573 1460 1642 ἐξουσίαν,
1507 1574 1541 1628 ἃ
1589 1573 1654 1627 δέ
1693 1573 1842 1627 ἐστιν

148 1663 248 1728 ἔξω
287 1665 507 1733 τούτου,
546 1664 862 1717 κεκώλυται.
938 1664 1030 1716 καὶ
1068 1672 1233 1716 τοῦτο
1272 1666 1484 1731 τοίνυν,
1528 1663 1594 1716 οὐ
1636 1664 1739 1732 γὰρ
1780 1660 1843 1715 ἐν

147 1763 263 1817 τοῖς
310 1755 544 1816 δικαίοις
592 1753 731 1821 ἐστί,
777 1752 1162 1820 κεκωλυμένον
1208 1752 1371 1806 ἐστίν.
1450 1754 1508 1806 οἱ
1550 1749 1612 1806 δὲ
1659 1752 1841 1821 ὥσπερ

150 1843 272 1896 ἀντὶ
309 1852 421 1896 τῶν
451 1844 640 1910 νόμων
672 1842 827 1896 αὐτοὶ
867 1841 1226 1911 γεγενημένοι
1264 1841 1355 1895 καὶ
1393 1843 1490 1904 τὰς
1520 1841 1844 1911 ἀκροπόλεις

150 1933 258 1985 σὺν
304 1933 643 2001 δορυφόροις
681 1933 1070 2000 κατειληφότες
1107 1929 1198 1984 καὶ
1245 1938 1341 1999 τῆς
1374 1928 1650 1997 Ῥωμαίων
1687 1932 1843 1982 πολι·
1867 1950 1910 1981 20

150 2022 296 2082 τείας
344 2019 702 2089 κεκινημένης
754 2020 901 2073 οὕτω
948 2019 1251 2089 μέμνηνται
1304 2027 1399 2088 τῆς
1449 2017 1699 2082 ἐξουσίας
1751 2018 1843 2070 καὶ

150 2116 323 2161 ταῦτα
354 2109 579 2176 εἰδότες,
618 2109 691 2171 ὡς
723 2109 856 2162 οὐδὲ
891 2107 981 2162 σοὶ
1020 2109 1199 2161 πάντα
1229 2106 1455 2174 ἔξεστιν,
1495 2103 1537 2159 ὦ
1566 2106 1571 2177 Ι
1598 2109 1694 2174 βα-
1726 2119 1767 2161 R
1786 2118 1931 2162 11562

153 2202 323 2250 σιλεῦ.
409 2197 542 2250 αὐτὸ
598 2198 701 2267 γὰρ
756 2195 904 2250 τοῦτ’
952 2200 1067 2251 ἔστι
1119 2200 1370 2265 βασιλεία
1424 2197 1485 2248 τὸ
1539 2197 1611 2264 μὴ
1667 2195 1845 2249 πάντα

152 2295 267 2349 τοῖς
307 2283 389 2338 ἐπ’
421 2285 589 2354 αὐτῆς
626 2283 844 2349 ἐξεῖναι.
920 2287 969 2340 εἰ
1008 2286 1069 2340 δὲ
1100 2293 1263 2339 τοῦτο
1297 2287 1375 2347 εἰς
1406 2283 1663 2348 ἐξουσίαν
1694 2284 1845 2337 ἀνοί-

275 2436 298 2475 7
330 2431 702 2488 Dem.p.564,12
826 2435 881 2475 19
909 2430 1015 2491 Her.
1034 2431 1055 2474 I
1080 2435 1134 2475 59
1257 2435 1312 2473 23
1337 2430 1425 2473 Dio
1444 2429 1546 2473 Chr.
1565 2444 1628 2474 or.
1646 2429 1845 2486 Ip.48R

275 2570 299 2608 2
334 2562 598 2620 δεινότερον
622 2565 669 2608 Ρ
697 2564 780 2607 sed
811 2580 836 2608 ο
861 2565 922 2621 (1)
953 2564 1004 2608 in
1034 2578 1110 2608 ras
1141 2563 1210 2606 m*
1237 2566 1243 2620 Ι
1270 2563 1322 2608 τὸ
1355 2577 1429 2607 om
1453 2563 1486 2606 I
1601 2568 1627 2606 5
1659 2562 1782 2607 inter
1805 2562 1846 2606 εἰ

156 2627 204 2669 et
236 2629 262 2667 6
295 2622 579 2682 βουληθείην
610 2636 686 2667 ras
720 2627 745 2667 3
776 2622 856 2666 litt
888 2624 933 2667 A
1055 2628 1080 2667 6
1111 2629 1247 2666 τοῦτο
1278 2623 1346 2666 Re
1406 2622 1582 2666 τούτων
1613 2621 1724 2665 libri
1755 2621 1847 2665 Goss

218 2687 241 2726 7
273 2689 347 2727 n?
479 2687 505 2726 8
537 2682 589 2727 τὸ
622 2681 714 2726 Got
846 2686 899 2725 11
933 2685 1068 2727 δοῦσι
1099 2683 1134 2726 I
1263 2686 1317 2725 13
1349 2679 1418 2731 τίς
1449 2682 1481 2724 Ι
1613 2685 1667 2724 14
1698 2696 1747 2724 τε
1777 2680 1845 2723 Re

157 2741 284 2798 quod
307 2741 558 2786 delendum
580 2741 654 2785 vel
678 2755 783 2785 oum
813 2757 857 2784 τι
887 2741 1163 2784 mutandum
1192 2740 1296 2783 coni
1321 2740 1525 2784 Sintenis
1646 2744 1701 2782 22
1736 2737 1848 2784 οὐδέ

157 2815 230 2845 σοι
260 2801 328 2845 Re
449 2805 506 2844 23
537 2800 652 2844 αὐτὸ
670 2826 725 2832 -
745 2804 802 2842 24
827 2799 997 2852 ἐξεῖναι
1019 2799 1274 2855 praemisso
1304 2798 1445 2843 titulo
1469 2801 1529 2855 (p.
1549 2801 1705 2856 471‚1)
1730 2797 1847 2842 citat

157 2859 318 2904 Macar
347 2859 427 2903 fol.
453 2864 508 2903 91
571 2859 706 2917 αὐτὸ]
738 2860 794 2903 οὐ
824 2859 876 2903 τὸ
909 2859 1070 2903 Macar
1106 2861 1113 2916 Ι
1150 2858 1238 2916 γὰρ
1271 2873 1346 2903 om
1377 2857 1537 2902 Macar
1671 2863 1729 2902 24
1758 2854 1841 2901 ὑπ’

157 2918 303 2976 αὐτὴν
334 2918 493 2963 Macar
534 2920 540 2975 Ι
582 2919 742 2969 αὐτοῖς
770 2918 807 2961 Ι
