1992 3094
720 701 960 755 xxviii
1001 700 1234 774 (XXVII
1256 701 1345 774 R).

305 809 481 859 Oratio
536 808 681 859 κατὰ
730 805 986 876 Ἰκαρίου
1041 812 1236 859 altera
1294 812 1445 873 paulo
1498 813 1614 873 post
1666 812 1883 874 priorem

189 900 318 933 anno
361 885 466 934 385
508 885 789 947 conscripta
827 901 927 946 qua
966 885 1024 932 de
1070 886 1270 933 iniuriis
1310 886 1371 933 ab
1410 885 1499 933 illo
1539 886 1883 936 decurionibus

187 958 531 1021 imprimisque
585 959 834 1007 Lamacho
895 959 1052 1007 illatis
1113 959 1246 1021 apud
1300 959 1630 1008 Theodosium
1641 953 1683 1027 ¹)
1737 961 1882 1009 vehe-

188 1035 380 1081 menter
427 1034 770 1095 conqueritur,
819 1034 970 1081 etiam
1015 1033 1178 1081 minus
1227 1049 1376 1094 quam
1422 1036 1558 1095 prior
1594 1034 1724 1082 lecta
1761 1051 1884 1097 pau-

189 1107 504 1168 cioribusque
544 1107 791 1155 codicibus
831 1107 1020 1155 tradita
1061 1109 1146 1155 est.
1226 1107 1322 1163 Qui
1361 1110 1476 1155 sunt
1513 1108 1565 1155 hi
1605 1109 1793 1157 decem:

301 1183 346 1229 1.
397 1181 720 1229 Ohisianus
752 1181 797 1228 R
819 1181 894 1228 VI
917 1182 987 1228 43
1030 1174 1125 1248 (=
1152 1174 1212 1247 G)
1247 1197 1370 1229 saec.
1395 1175 1594 1247 XIJXII
1624 1182 1708 1231 fol.
1737 1184 1883 1231 24717.

188 1254 315 1302 Vide
354 1256 390 1303 t.
415 1255 442 1303 I
477 1272 525 1317 p.
562 1257 630 1303 10
649 1271 720 1316 sq.
801 1254 1013 1303 Contuli.

299 1330 346 1377 2.
377 1329 752 1378 Monacensis
776 1346 855 1392 gr.
875 1330 981 1377 483
1009 1330 1129 1377 olim
1144 1330 1467 1392 Augustanus
1494 1323 1589 1397 (=
1605 1323 1674 1396 A)
1701 1331 1883 1379 saec.X

189 1404 274 1451 fol.
305 1405 447 1452 135&
524 1403 651 1450 Vide
691 1405 727 1451 t.
751 1403 778 1451 I
814 1421 862 1466 p.
891 1404 957 1451 15
978 1419 1048 1465 sq.
1128 1401 1341 1453 Contuli.

300 1478 346 1526 3.
394 1477 728 1525 Vaticanus
769 1477 1089 1526 Palatinus
1129 1494 1208 1541 gr.
1251 1479 1354 1525 282
1399 1471 1494 1545 (=
1519 1471 1581 1545 P)
1616 1493 1739 1526 saec.
1764 1477 1884 1526 XIV

191 1551 276 1599 fol.
305 1552 450 1599 193V.
526 1551 653 1598 Vide
692 1554 728 1599 t.
753 1552 779 1598 I
817 1569 863 1614 p.
899 1553 969 1600 20
987 1567 1057 1613 sq.
1137 1550 1350 1600 Contuli.

299 1627 346 1672 4.
387 1625 659 1673 Patmius
694 1627 797 1672 471
844 1619 938 1691 (=
963 1618 1132 1691 Patm)
1174 1641 1298 1675 saec.
1320 1625 1439 1673 XIV
1469 1626 1553 1674 fol.
1581 1627 1701 1674 312.
1756 1626 1884 1674 Vide

185 1700 221 1746 t.
246 1698 272 1745 I
305 1716 352 1761 p.
380 1701 445 1746 41
460 1715 530 1765 sq.
573 1702 622 1747 et
662 1701 728 1747 69
772 1702 821 1747 et
867 1715 1017 1762 supra
1054 1716 1102 1762 p.
1138 1700 1184 1747 3.
1261 1699 1520 1748 Lectiones
1568 1716 1694 1761 quae
1731 1715 1884 1748 manu
1976 1771 1978 1774 y

189 1773 403 1820 secunda
426 1774 718 1837 inmargine
741 1774 935 1835 positae
960 1776 1076 1822 sunt
1093 1773 1218 1821 mihi
1242 1775 1501 1835 exscripsit
1515 1774 1584 1822 Io.
1601 1773 1884 1822 Sakkelion.

301 1847 347 1894 5.
390 1845 781 1895 Cheltenham
797 1849 955 1896 ensis
984 1847 1161 1896 10618
1192 1862 1315 1895 saec.
1332 1842 1679 1911 XVHJXVIII
1710 1848 1794 1896 fol.
1815 1849 1882 1899 62

191 1935 220 1967 a
247 1919 504 1969 Leonardo
529 1921 712 1969 Adami
746 1921 917 1970 addita
948 1921 1172 1970 versione
1202 1922 1361 1969 latina
1395 1938 1419 1968 e
1443 1922 1491 1969 P
1516 1923 1884 1984 transscriptus.

189 1993 318 2042 Vide
354 1997 390 2042 t.
416 1995 441 2042 I
471 2012 519 2056 p.
547 1996 652 2043 282
668 2011 740 2057 sq.

309 2108 353 2163 1)
403 2106 471 2149 De
505 2120 573 2162 6ο,
606 2106 818 2161 quamvis
850 2121 944 2150 non
977 2106 1242 2163 appellatus
1276 2106 1357 2161 sit,
1403 2106 1636 2150 dubitatio
1676 2119 1775 2150 esse
1805 2119 1885 2149 ne·
1970 2096 1971 2101 ¹

192 2165 308 2221 quit.
378 2165 608 2209 Arcadius
656 2166 714 2209 de
761 2179 853 2220 quo
899 2179 1049 2222 nuper
1087 2165 1129 2209 S.
1156 2166 1209 2210 A.
1235 2165 1393 2208 Naber
1431 2166 1618 2222 (Mnem.
1649 2165 1756 2210 XVI
1781 2166 1883 2222 118)

191 2224 439 2280 cogitavit,
486 2227 749 2280 temporum
791 2224 1053 2268 rationibus
1093 2225 1306 2269 exclusus
1346 2226 1429 2269 est.
1492 2224 1614 2268 Nam
1653 2224 1885 2280 quomodo

190 2282 416 2326 Libanius
449 2283 508 2327 ab
541 2283 628 2327 hoc
661 2284 743 2339 qui
773 2297 891 2339 puer
922 2286 1023 2328 erat
1055 2286 1158 2328 octo
1193 2297 1418 2327 annorum
1450 2283 1591 2339 (Socr.
1617 2283 1660 2327 h.
1681 2283 1883 2334 e.V123)

189 2343 350 2397 petere
380 2343 557 2398 potuit,
601 2344 654 2385 ut
695 2343 1024 2387 decurionibus
1067 2343 1377 2399 opitularetur
1413 2342 1634 2399 legesque
1664 2343 1884 2397 firmaret,

193 2401 425 2454 quomodo
449 2401 588 2444 Icarii
613 2402 671 2445 de
693 2402 831 2446 rebus
858 2403 917 2446 ab
943 2416 997 2446 eo
1023 2402 1168 2459 gestis
1194 2402 1401 2445 carmina
1424 2401 1633 2445 indicare
1657 2405 1717 2458 (p.
1728 2406 1783 2445 48
1787 2403 1884 2457 ‚2)?

195 2458 284 2502 Sed
316 2473 375 2503 ne
408 2473 463 2503 ea
496 2460 686 2515 quidem
718 2473 857 2515 quam
882 2461 1042 2506 Naber
1072 2461 1194 2504 inter
1219 2458 1464 2516 Ἀρκάδων
1496 2463 1543 2504 et
1573 2458 1773 2515 Ἰκάριον
1806 2461 1884 2503 de—

190 2519 362 2562 texisse
403 2518 494 2562 sibi
525 2519 650 2563 visus
683 2522 753 2563 est
765 2518 924 2594 μέχρι
963 2521 1049 2564 δύο
1091 2521 1326 2578 συλλαβῶν
1365 2521 1446 2563 καὶ
1484 2519 1751 2576 γράμματος
1781 2518 1886 2568 ἑνὸς
1967 2558 1970 2559 ⁷

190 2584 283 2621 τῶν
316 2577 558 2634 ὀνομάτων
582 2576 808 2622 κοινωνία
833 2584 893 2635 (Ρ.
912 2584 967 2622 48
974 2582 1043 2637 ‚4)
1065 2592 1226 2623 revera
1255 2579 1420 2622 exstat.
1474 2578 1596 2622 Nam
1618 2578 1757 2621 unius
1780 2580 1885 2621 tan-

196 2638 298 2679 tum
332 2636 542 2692 syllabae
574 2638 668 2694 (κα)
701 2636 926 2682 κοινωνία
950 2640 1033 2682 est.
1097 2637 1264 2682 Omnia
1287 2651 1393 2681 vero
1418 2637 1682 2691 concinunt,
1715 2637 1755 2680 si
1779 2650 1885 2679 cum

193 2694 420 2739 Sieversio
443 2711 489 2752 p.
502 2700 586 2739 163
610 2696 858 2739 Icarium
882 2711 965 2752 pro
983 2697 1116 2755 signo
1141 2697 1216 2754 (cf.
1232 2696 1409 2741 Sievers
1426 2711 1470 2752 p.
1487 2701 1585 2739 236.
1626 2696 1884 2739 Mommsen
1965 2722 1973 2755 .‘

191 2753 346 2797 Herm.
380 2753 596 2797 XXXVII
626 2759 712 2798 446
729 2769 794 2809 sq.
865 2755 1153 2800 Rostowzew
1192 2755 1321 2799 Stud
1361 2755 1493 2798 Vind.
1525 2755 1675 2798 XXIV
1698 2759 1782 2797 412
1798 2754 1884 2810 sq.)
1971 2777 1974 2780 ·

191 2811 418 2856 habemus
451 2815 498 2857 et
520 2827 679 2858 verum
703 2827 872 2857 nomen
903 2817 957 2858 ut
987 2814 1136 2871 patris
1161 2814 1513 2858 Theodorum
1543 2814 1688 2858 fuisse
1713 2812 1883 2857 conici-

192 2885 309 2926 mus,
344 2872 419 2915 cui
459 2887 563 2916 cum
602 2872 923 2916 Theodosio
961 2873 1045 2917 illa
1083 2872 1214 2931 μέχρι
1257 2873 1342 2918 δύο
1376 2874 1612 2931 συλλαβῶν
1643 2874 1774 2929 (Θεο)
1804 2871 1886 2915 καὶ

195 2929 462 2987 γράμματος
493 2931 598 2982 ἑνὸς
629 2933 691 2989 (ὃ)
725 2932 987 2975 communio
1021 2934 1103 2975 est.
