1992 3094
451 85 678 130 LIBANII
710 84 933 129 ORATIO
967 85 1050 129 AD
1083 85 1446 131 EUMOLPIUM
1702 87 1810 140 283

119 219 574 291 προσδοκηθέντα
598 222 758 274 τόνδε
783 223 945 291 ἔφερε
968 219 1081 290 μετ’
1105 220 1337 289 ἐκείνου,
1369 220 1524 275 τουτὶ
1550 219 1610 275 δὲ
1642 223 1811 275 πάλιν

119 313 248 373 τοὺς
270 308 395 379 περὶ
420 310 559 378 ἡμᾶς
582 309 744 372 νέους
768 308 856 378 ἐφ’
879 308 1038 379 ἕτερα
1061 312 1294 379 μεθίστη
1321 309 1411 363 καὶ
1436 306 1516 364 ὧν
1539 312 1810 378 κατεγνώ-

117 414 301 462 κεσαν,
340 405 512 451 ταῦτα
543 396 871 465 ἐθαύμαζον.
940 399 1030 451 καὶ
1065 399 1235 452 πάλιν
1267 398 1481 467 λιμένες
1519 398 1610 453 καὶ
1642 400 1811 452 πάλιν

119 495 245 556 νῆες
282 487 374 540 καὶ
405 485 626 557 Ἀδρίας
665 487 752 539 καὶ
797 488 1058 557 Θύμβρις.
1138 490 1185 541 8.
1232 488 1415 558 ὥσπερ
1450 484 1552 541 οὖν
1583 485 1813 541 ἔλαττον

117 575 338 646 ποιμένι
391 577 654 645 ποίμνιον
703 585 882 628 ποιῶν
928 574 1018 628 καὶ
1065 578 1365 643 βουκόλιον
1411 578 1665 649 βουκόλῳ
1718 574 1810 629 καὶ
1858 597 1878 630 5

120 667 322 727 ἵππους
370 664 700 736 ἱπποφορβῷ
740 664 955 717 τούτων
1002 662 1072 717 ἂν
1118 663 1349 722 ἕκαστον
1388 666 1619 734 ἠδίκεις,
1667 666 1810 719 οὕτω

117 753 208 807 καὶ
254 755 385 816 τοὺς
430 754 532 821 τὴν
571 750 806 806 Ἑλλάδα
853 754 1049 821 φωνὴν
1090 752 1150 805 ἐν
1189 762 1306 816 ταῖς
1345 755 1534 823 χερσὶν
1573 757 1812 824 ἔχοντας.

119 840 252 896 οὐδὲ
276 843 381 912 γὰρ
407 840 584 895 ἐκεῖνό
609 840 659 910 γ’
685 840 755 894 ἂν
779 847 970 909 εἴποις,
1003 843 1075 904 ὡς
1107 844 1172 895 τὰ
1196 843 1487 912 πράγματα
1518 851 1613 911 τῆς
1644 842 1813 912 ἀρχῆς

118 939 213 999 τῆς
246 930 460 984 ἐκείνου
487 932 686 1000 σοφίας
711 929 885 984 ἐδεῖτο
911 929 1000 983 καὶ
1034 931 1101 983 οὐ
1126 932 1605 1001 παρεδρεύσαντος
1634 933 1812 985 πάντα

118 1019 189 1074 ἂν
227 1017 411 1092 ᾤχετο.
481 1019 756 1089 ἠκούομεν
795 1021 899 1088 γὰρ
935 1012 1075 1073 εἶναι
1114 1020 1175 1073 τὸ
1216 1022 1382 1089 ἔργον
1414 1020 1561 1093 αὐτῷ
1595 1029 1812 1090 φαγεῖν,
1837 1042 1880 1074 10

116 1118 283 1177 πιεῖν,
316 1113 672 1177 κοιμηθῆναι,
704 1107 900 1178 τέρψαι
932 1111 1063 1171 τοὺς
1087 1108 1419 1177 ὀφθαλμοὺς
1449 1118 1566 1172 τοῖς
1592 1129 1650 1162 τε
1681 1113 1812 1162 πολ-

119 1201 237 1261 λοῖς
268 1206 529 1268 κρουνοῖς
559 1206 674 1260 τοῖς
705 1217 763 1250 τε
802 1198 904 1266 τὴν
936 1196 1237 1266 δεξαμενὴν
1270 1197 1486 1250 ἐπιοῦσι
1525 1199 1812 1266 πνεύμασι.

230 1286 278 1338 9.
336 1287 537 1340 Βούλει
576 1307 658 1355 με,
697 1287 754 1339 τί
789 1294 960 1338 ταῦτα
1002 1290 1316 1355 πεποίηκεν,
1368 1288 1566 1350 εἰπεῖν;
1622 1287 1811 1355 βούλει

117 1395 183 1444 με
221 1376 286 1428 τὰ
325 1373 451 1444 περὶ
491 1376 588 1428 τὸν
628 1376 802 1428 ἵππον
835 1376 1085 1428 διελθεῖν
1116 1373 1207 1427 καὶ
1246 1376 1344 1428 τὸν
1383 1376 1634 1445 λαμπρὸν
1664 1379 1813 1444 χαλι-

117 1465 220 1517 νὸν
258 1462 348 1517 καὶ
390 1464 492 1517 ὅσα
530 1463 591 1518 ἐν
631 1466 808 1536 σκότῳ
847 1461 949 1530 μὲν
988 1462 1181 1532 ἐδόθη,
1222 1467 1419 1516 λαθεῖν
1460 1464 1521 1517 δὲ
1552 1464 1656 1518 οὐκ,
1686 1462 1812 1517 ἐδυ-
1837 1485 1878 1518 15

118 1555 294 1622 νήθη;
335 1555 506 1621 φίλον
540 1550 547 1624 Ι
582 1555 685 1623 γὰρ
727 1548 788 1606 εὖ
828 1562 1012 1605 ποιεῖν
1051 1553 1223 1605 καλὸν
1262 1549 1404 1606 εἶναι
1445 1554 1653 1621 φήσεις,
1692 1565 1798 1608 RII
1815 1569 1900 1608 369

118 1637 260 1695 εἶναι
301 1641 366 1695 δέ
402 1655 491 1695 σοι
529 1642 628 1695 τὸν
677 1639 1035 1708 Ἀλέξανδρον
1075 1644 1258 1711 φίλον.
1336 1642 1392 1694 τί
1429 1639 1507 1705 δ’;
1548 1640 1672 1710 οὐχὶ
1720 1639 1811 1694 καὶ

118 1729 271 1797 ἡμεῖς
309 1733 488 1799 φίλοι;
530 1739 646 1793 πῶς
685 1726 789 1783 οὖν
828 1730 886 1783 ἐκ
927 1738 1021 1798 τῆς
1061 1731 1139 1792 εἰς
1177 1731 1314 1798 ἡμᾶς
1353 1731 1560 1798 βλάβης
1599 1729 1813 1783 ἐκεῖνον

119 1817 306 1887 ἠξίους
343 1815 404 1872 εὖ
435 1828 639 1883 ποιεῖν;
682 1820 784 1872 οὐκ
820 1818 890 1873 ἂν
921 1821 1218 1888 τολμήσαις
1251 1820 1443 1886 εἰπεῖν,
1484 1819 1557 1881 ὡς
1587 1817 1618 1886 ἡ
1653 1820 1813 1888 φιλία

118 1915 212 1976 τῆς
261 1911 448 1978 φιλίας
493 1908 858 1979 προτιμοτέρα
904 1906 995 1961 καὶ
1046 1906 1396 1976 Ἀλέξανδρος
1449 1906 1598 1974 ἐμοῦ.
1675 1908 1723 1960 εἰ
1755 1905 1804 1959 δ’
1837 1929 1879 1961 20

119 1991 224 2050 οὗν
262 1997 352 2049 καὶ
393 1999 519 2050 λίαν
558 1996 769 2060 ἐκεῖνος
816 1995 977 2066 ἐμοῦ,
1028 1995 1146 2049 ἀλλ’
1179 1997 1334 2050 οὔτοι
1380 2016 1442 2064 γε
1481 2005 1592 2049 τῶν
1625 1994 1812 2064 Ἐλλη-

118 2087 259 2138 νίων
289 2091 442 2140 θεῶν
483 2083 614 2140 οὐδὲ
653 2094 750 2154 τῆς
789 2087 883 2139 διὰ
920 2093 1020 2138 τοῦ
1052 2088 1268 2137 θαλλοῦ
1300 2084 1639 2154 κτησαμένης
1669 2091 1811 2138 θεοῦ

239 2235 293 2273 22
326 2231 433 2275 Her.
452 2231 558 2275 VIII
579 2236 649 2275 55.
686 2212 876 2275 Ar‘istid.
903 2230 1098 2275 Panath.
1124 2231 1194 2274 t.1
1221 2234 1320 2284 169,
1341 2234 1395 2274 10
1412 2230 1465 2273 D.
1504 2244 1540 2274 ο.
1575 2229 1716 2274 schol.
1752 2230 1809 2274 cf.

240 2369 262 2406 1
295 2363 685 2421 προσδοκηθέντα
719 2391 770 2396 -
806 2369 830 2406 2
864 2363 999 2414 νέους
1029 2366 1216 2420 praeter
1248 2378 1281 2405 π
1313 2365 1374 2419 (1)
1406 2363 1455 2405 in
1487 2377 1620 2419 marg
1654 2363 1716 2408 Cp

120 2426 144 2464 2
178 2439 286 2467 κατε
318 2425 546 2468 νώκεισαν
582 2425 689 2468 OPa
732 2425 737 2479 Ι
780 2430 925 2467 ταῦτα
962 2422 1248 2479 ἐθαύμαζον]
1284 2423 1468 2475 „malim
1500 2421 1641 2465 πάλιν
1674 2424 1812 2466 inter-

114 2482 258 2537 poni“
334 2495 359 2526 e
491 2487 518 2525 4
548 2480 645 2538 ᾌδρ
650 2480 699 2526 ία
731 2483 864 2539 Bong
999 2486 1053 2525 10
1085 2481 1209 2525 inter
1240 2488 1409 2538 φαγεῖν
1442 2482 1490 2524 eb
1517 2488 1645 2525 πιεῖν
1675 2494 1752 2524 ras
1784 2486 1811 2524 3

121 2538 200 2583 litt
221 2541 266 2584 A
389 2546 440 2585 11
476 2549 602 2586 πιεῖν
626 2543 661 2586 Ι
686 2541 767 2585 sed
798 2554 874 2584 ras
902 2546 923 2584 1
949 2540 1029 2583 litt
1056 2543 1164 2596 post
1186 2556 1221 2584 π
1346 2544 1397 2584 13
1431 2540 1585 2599 βούλει
1609 2542 1813 2597 (praeter

121 2600 280 2656 βου)-
236 2600 443 2658 -βούλει
468 2603 670 2657 (praeter
692 2603 775 2657 λει)
799 2600 1053 2656 praemisso
1079 2597 1291 2655 κείμενον
1317 2599 1365 2642 in
1383 2613 1523 2672 marg
1540 2599 1597 2643 1²
1624 2602 1630 2656 Ι
1659 2600 1813 2657 βούλει

120 2673 174 2713 με
207 2660 269 2715 (1)
301 2672 376 2702 om
407 2660 540 2716 Bong
651 2664 704 2703 15
729 2657 948 2715 ἠδυνήθη
975 2659 1144 2702 ΡαΑΡ
1259 2663 1309 2701 17
1338 2655 1495 2713 φίλους
1520 2660 1554 2701 Ι
1576 2659 1580 2714 Ι
1610 2657 1661 2703 δε
1686 2658 1752 2701 Re

182 2721 236 2760 18
269 2717 320 2762 ἐκ
351 2731 427 2762 om
461 2718 669 2764 GPaAV
697 2719 821 2762 inser
844 2717 916 2762 P*2
1003 2732 1142 2770 „num
1173 2717 1267 2771 fuit
1298 2731 1349 2761 m
1380 2718 1651 2773 quibusdam
1684 2719 1813 2762 libris

119 2775 562 2849 ταῖς-βλαβαιςῗ“
594 2777 663 2822 Re
759 2790 820 2820 an
850 2783 904 2834 τῇ
925 2802 978 2807 -—
998 2774 1083 2834 βλα
1117 2781 1178 2834 ῃῖ
1331 2782 1384 2820 19
1417 2775 1654 2832 τολμήσεις
1684 2777 1752 2821 Re

122 2837 175 2876 21
210 2834 339 2879 οὗτοι
370 2836 536 2892 scripsi
568 2849 593 2880 e
620 2837 664 2880 V
718 2835 819 2880 οὔτι
850 2835 1018 2890 reliqui
1050 2834 1085 2877 li
1119 2835 1159 2878 ri
1191 2835 1282 2878 edd
1382 2840 1436 2878 22
1468 2842 1551 2879 τοῦ
1582 2837 1618 2879 Ι
1643 2836 1725 2880 sed
1757 2843 1812 2880 οῦ

121 2891 170 2935 in
201 2906 276 2936 ras
309 2894 378 2937 m²
405 2898 411 2949 1
438 2897 592 2938 θαλοῦ
624 2897 659 2938 Ι
683 2895 816 2952 Bong
