1992 3094
0 2395 13 3094 *mmo—anm
3 2222 13 2386 ‘utens—-
4 2143 13 2197 .-s>;

271 95 500 140 LIBANII
531 58 756 140 ORA'i'IO
788 95 907 146 PRO
939 94 1255 141 AGRICOLIS
1287 95 1367 139 DE
1399 95 1687 140 ANGARIIS
1749 96 1859 149 473

167 234 275 300 σοί,
315 230 587 300 βλέποντα
623 228 684 284 δὲ
724 228 813 299 ἐμὲ
854 239 1082 285 σιωπᾶν.
1152 231 1270 302 ὅρα,
1310 227 1352 284 ὦ
1391 233 1639 299 βασιλεῦ,
1677 233 1750 301 μὴ
1791 231 1858 285 οὐ

166 322 387 390 σφόδρα
439 322 720 388 βασιλείας
772 329 936 374 τοῦτο
990 314 1026 390 ᾗ
1080 319 1167 373 ε’πὶ
1221 322 1283 374 τὸ
1338 317 1546 389 κτηθὲν
1595 319 1715 389 ἐμοὶ
1762 321 1860 373 τὸν

166 410 406 479 ἄρχοντα
450 409 708 477 βαδίζειν.
794 411 840 462 εἰ
894 410 997 479 μὲν
1049 410 1155 479 γὰρ
1203 418 1388 479 ψῆφος
1435 409 1753 481 ἀφαιρεῖταί
1792 429 1859 477 με

165 499 267 567 τὴν
312 497 512 551 οὐσίαν
556 496 648 550 καὶ
694 496 842 550 τοῦτ’
889 496 1041 552 ἔστιν
1087 498 1438 567 ἀδικημάτων
1484 499 1634 566 δίκη,
1680 498 1860 550 πάντα

165 584 303 640 ἔστω
342 585 484 656 τάμὰ
527 595 623 656 τῆς
660 589 888 650 πόλεως·
937 589 985 641 εἰ
1025 585 1076 640 δ’
1114 584 1283 641 οὐδὲν
1320 588 1535 641 τούτων
1572 589 1858 655 ἔγνωσται,
1906 607 1926 639 5

164 685 280 738 πῶς
318 674 351 728 ἃ
389 677 536 746 παρὰ
575 685 687 729 τῶν
725 678 914 743 νόμων
952 674 1075 746 ἔχω,
1115 676 1285 729 ταῦτά
1313 696 1389 743 ,με
1428 676 1530 729 οὐκ
1569 675 1660 746 ἐᾷς
1693 678 1859 746 ἔχωνς

277 763 326 816 5.
362 763 514 818 ’Ἐστι
552 773 617 835 τῇ
657 767 813 818 πόλει
852 767 1027 835 χωρία
1064 765 1211 835 παρὰ
1250 768 1499 818 παλαιῶν
1539 764 1760 834 ἀνδρῶν
1800 764 1861 818 ἐν

166 855 461 923 διαθήκαις
495 852 503 925 Ι
539 853 810 921 δεδομένα
839 863 903 925 τῇ
935 856 1106 907 πόλει.
1182 862 1353 907 ταῦτα
1392 863 1711 923 γεωργεῖται
1743 866 1949 909 RII553

165 951 230 1012 τῇ
262 945 420 996 πόλει
459 941 549 995 καὶ
589 943 805 996 τούτων
841 941 992 996 ἐστὶν
1023 943 1054 1011 ἡ
1087 944 1360 1012 πρόσοδος
1392 950 1487 1011 τῆς
1517 942 1859 1012 κεκτημένης.

166 1031 229 1086 ἐν
263 1033 483 1094 τούτοις
513 1040 630 1095 τοῖς
660 1035 883 1101 χωρίοις
913 1029 1030 1085 ἔστι
1068 1039 1240 1084 ταῦτα
1280 1031 1312 1084 ἃ
1352 1039 1460 1084 νῦν
1498 1029 1657 1100 ἔφην,
1698 1031 1859 1101 ὀρεῖς,
1885 1052 1928 1084 ιο

167 1123 315 1188 ὄνοι,
359 1121 607 1190 κάμηλοι.
650 1127 653 1131 ”
685 1123 741 1174 τί
776 1129 947 1174 ταῦτα
986 1120 1415 1190 ὑπερβαίνοντες
1456 1121 1509 1173 οἱ
1549 1122 1649 1189 τὴν
1688 1121 1861 1191 ἀρχὴν

167 1211 383 1279 ἔχοντες
415 1209 502 1263 ἐπὶ
542 1212 673 1273 τοὺς
705 1210 906 1273 ἄλλους
938 1217 1181 1280 χωροῦσι
1220 1210 1309 1262 καὶ
1350 1217 1639 1272 ποιοῦντες
1679 1209 1862 1272 ἀτελὲς

167 1307 280 1351 πᾶν
328 1297 560 1362 ἐκείνοις
606 1294 685 1352 ὧν
731 1297 884 1352 ἐστιν
931 1299 960 1353 ὁ
1006 1300 1202 1366 πόνος,
1256 1300 1469 1352 τούτων
1518 1306 1744 1351 ποιοῦσι
1798 1300 1859 1350 τὸ

167 1385 335 1459 ἔργον
374 1380 458 1450 οἷς
497 1388 695 1440 ἄδικον
733 1385 1004 1456 ἐνοχλεῖν;
1052 1388 1100 1439 εἰ
1144 1388 1248 1457 γὰρ
1290 1386 1519 1449 ἐκείνοις
1558 1385 1656 1450 ἔξω
1696 1394 1860 1440 τοῦτο

167 1486 279 1530 τῶν
331 1475 702 1546 τεταγμένων,
757 1477 847 1529 καὶ
901 1476 1048 1545 ἡμῖν.
1134 1477 1181 1528 6.
1238 1477 1446 1529 οὔκουν
1495 1473 1610 1544 ἔχοι
1664 1495 1747 1538 τις
1792 1474 1862 1529 ἂν
1886 1494 1927 1527 15

168 1565 342 1629 δεῖξαι
389 1566 564 1633 νόμον
610 1566 738 1619 οὔτε
785 1566 887 1618 σὸν
925 1567 1053 1619 οὔτε
1100 1566 1272 1618 ἄλλου
1311 1564 1576 1633 βασιλέως
1615 1565 1860 1630 οὐδενός,

168 1653 297 1708 καθ’
337 1653 405 1708 ὃν
442 1653 533 1707 καὶ
577 1652 723 1707 τοῦτ’
763 1652 916 1708 ἔστιν
956 1653 1018 1707 ἐν
1057 1657 1438 1722 λειτουργίαις.
1517 1652 1653 1706 οὐδέ
1695 1673 1754 1721 γε
1801 1651 1863 1705 ἐν

168 1752 285 1806 τοῖς
322 1741 452 1796 καθ’
489 1742 723 1804 ἕκαστον
755 1746 874 1806 ε”τος
905 1744 1222 1813 γράμμασιν
1256 1741 1319 1796 ἐν
1357 1735 1442 1804 οἷς
1481 1742 1513 1795 ἃ
1546 1743 1632 1794 δεῖ
1671 1740 1863 1811 φέρειν

167 1829 337 1900 ἔστιν,
370 1831 619 1899 οὐδαμοῦ
650 1831 1118 1902 προσγέγραπται·
1159 1840 1297 1894 τοῖς
1336 1832 1369 1883 δ
1380 1828 1404 1884 ὲ
1441 1831 1717 1900 ἄρχουσι
1757 1828 1862 1882 καὶ

169 1929 361 1974 τοῦτο
400 1921 548 1991 περὶ
589 1921 868 1991 ὅτουπερ
910 1921 938 1974 ὁ
979 1928 1102 1975 νῦν
1142 1923 1334 1988 λόγος
1374 1918 1604 1984 ἐξέστω
1644 1928 1863 1972 ποιεῖν
1886 1940 1930 1972 20

167 2008 275 2063 καὶ
314 2012 470 2073 τοὺς
502 2011 702 2073 ὄνους
732 2012 887 2073 τοὺς
926 2010 1001 2063 οὐ
1040 2018 1150 2078 τῆς
1187 2011 1436 2071 πόλεως
1465 2006 1469 2079 Ι
1498 2016 1716 2061 ποιεῖν
1746 2019 1953 2063 RH554

168 2106 279 2167 τῆς
328 2101 589 2161 πόλεως.
676 2101 855 2152 καίτοι
913 2098 1004 2152 καὶ
1064 2100 1112 2152 εἰ
1161 2101 1313 2170 νόμῳ
1369 2105 1531 2150 τοῦτο
1584 2098 1862 2166 διώριστο,

168 2189 305 2241 κατὰ
351 2184 454 2256 μὲν
498 2189 600 2256 τὴν
640 2186 906 2242 ἐντεῦθεν
945 2187 1190 2256 ἀνάγκην
1230 2184 1459 2256 ἐγίγνετ’
1499 2186 1592 2253 ἄν,
1640 2185 1707 2238 οὐ
1754 2186 1863 2253 μὴν

170 2277 305 2329 ἄνευ
351 2296 413 2344 γε
459 2283 560 2329 τοῦ
608 2281 854 2346 χαλεπῶς
901 2276 1118 2347 φέρειν,
1169 2272 1239 2344 ἦν
1286 2274 1334 2328 δ’
1382 2274 1452 2327 ἂν
1500 2279 1630 2336 ἴσως
1675 2294 1727 2326 τι
1773 2274 1861 2325 καὶ

170 2367 529 2434 παραμυθίας
583 2363 637 2429 ἐξ
693 2365 865 2418 αὐτοῦ
918 2373 1019 2419 τοῦ
1073 2370 1295 2418 κεῖσθαι
1353 2366 1541 2433 νόμον.
1633 2369 1740 2416 νῦν
1801 2359 1929 2415 δὶς-25

291 2559 314 2597 7
349 2554 405 2599 cf.
431 2569 476 2611 p.
498 2560 663 2612 132‚12
682 2570 750 2612 sq.
874 2560 928 2600 18
962 2554 1019 2598 cf.
1045 2570 1089 2611 p.
1109 2558 1245 2609 487‚2
1272 2555 1320 2597 et
1345 2557 1368 2595 7

293 2737 314 2776 1
349 2729 397 2776 δ’
432 2732 500 2776 Re
643 2737 668 2775 2
700 2732 848 2791 τούτῳ
880 2731 972 2777 Gof.
1125 2736 1151 2775 5
1182 2730 1240 2774 τὰ
1272 2729 1335 2786 μὰ
1367 2731 1460 2774 ΑΡ
1609 2733 1662 2773 15
1697 2729 1788 2787 ἔχει
1822 2730 1867 2772 Ρ

232 2796 286 2835 16
319 2787 420 2835 οὔτ’
454 2791 524 2835 Re
706 2795 760 2835 19
794 2789 840 2837 δ’
875 2791 944 2835 Re
1133 2794 1187 2833 22
1221 2789 1436 2844 διώριστο
1470 2787 1635 2844 scripsi
1667 2801 1692 2831 e
1726 2787 1808 2831 GP

169 2848 456 2966 ἒὲξῗτὸοέ
494 2850 576 2894 sed
614 2867 670 2908 γρ
710 2851 924 2906 ὃιώριστο
963 2849 1012 2892 in
1050 2863 1202 2905 marg,
1243 2849 1275 2891 Ι
1309 2847 1399 2892 edd
1440 2848 1522 2891 sed
1560 2847 1774 2902 διώριστο
1812 2846 1863 2890 in
