1992 3094
492 111 720 156 LIBANII
751 111 976 157 ORATIO
1007 111 1089 156 DE
1120 112 1501 158 PATROCINIIS
1732 113 1841 166 409

150 246 306 301 ταυτὶ
350 244 412 300 δὲ
452 250 611 316 ζημία
649 250 859 311 πόλεως
899 248 1042 318 ὅλης.
1119 246 1209 302 καὶ
1250 249 1353 317 γὰρ
1394 247 1464 301 ἂν
1502 258 1617 311 τοῖς
1657 251 1845 311 ἄλλοις

150 332 213 389 εὖ
267 337 502 406 πράττῃ,
557 337 733 408 τούτῳ
789 334 849 390 δὲ
897 338 1106 407 χωλεύῃ
1154 343 1229 410 τῷ
1268 337 1445 407 μέρει,
1499 338 1666 407 μικρὰ
1718 339 1783 390 τὰ
1834 339 1839 406 Ι

151 426 289 478 ἄλλα
320 423 410 478 καὶ
451 427 616 494 μικρὰ
656 434 804 479 ποιεῖ
842 433 937 494 τῆς
966 428 1248 493 βασιλείας
1286 427 1352 479 τὰ
1390 426 1693 496 πράγματα.
1727 439 1929 482 RH507

151 514 244 566 διὰ
283 515 388 582 γὰρ
435 523 547 566 τῶν
587 513 909 583 ἀρχομένων
947 514 1125 583 ἐκείνη
1166 514 1256 568 καὶ
1297 515 1516 579 αὔξεται
1555 516 1646 568 καὶ
1684 516 1842 568 τούν-

150 606 356 656 αντιόν.
435 603 648 656 οὐκοῦν
678 604 1016 670 βλάπτονται
1047 604 1147 673 μὲν
1180 605 1237 656 αἱ
1274 603 1475 671 βουλαὶ
1505 613 1624 667 ταῖς
1654 608 1843 666 καλαῖς
1890 624 1909 656 5

149 693 527 760 προστασίαις,
565 692 902 759 βλάπτονται
950 690 1011 745 δὲ
1050 702 1168 755 ταῖς
1207 694 1437 762 βλάβαις
1474 703 1585 746 τῶν
1623 695 1844 760 βουλῶν

151 781 207 833 αὶ
246 782 454 849 πόλεις,
501 781 671 833 πάλιν
717 778 778 834 δὲ
826 778 895 834 αὖ
943 791 1061 844 ταῖς
1099 782 1312 834 τούτων
1352 783 1405 834 οἱ
1451 782 1689 850 μάχιμοι.
1766 777 1847 835 ὧν

152 869 253 922 οὐκ
301 868 600 938 ἀμελητέον
648 883 761 937 σοι,
808 872 1061 937 βασιλεῦ,
1111 869 1182 923 δι’
1229 866 1309 923 ὧν
1355 873 1438 923 ἔνι
1485 869 1575 923 καὶ
1623 879 1846 937 κρατεῖν

151 955 240 1010 καὶ
303 959 376 1026 μὴ
436 964 763 1023 κρατεῖσθαι
824 960 913 1012 καὶ
977 962 1176 1029 φοβεῖν
1236 957 1326 1012 καὶ
1394 961 1467 1028 μὴ
1531 962 1844 1028 φοβεῖσθαι.

153 1047 310 1100 ἄνελε
351 1048 418 1115 δὴ
458 1048 555 1110 τὰς
593 1049 849 1111 τοιαύτας
888 1051 1222 1118 προστασίας
1262 1048 1325 1111 ἃς
1364 1043 1506 1101 εἶναι
1549 1047 1676 1116 παρ’
1712 1049 1846 1118 ἡμῖν
1872 1068 1913 1100 ιο

152 1134 432 1204 βούλοιντ’
471 1135 542 1190 ἂν
581 1138 651 1190 οἵ
673 1137 940 1204 πολέμιοι.

269 1225 352 1277 11.
426 1226 498 1278 Τὸ
554 1226 616 1279 δὲ
672 1229 849 1294 ζητεῖν
903 1227 1217 1294 προστάτην
1270 1226 1336 1279 οὐ
1391 1227 1567 1295 μόνον
1620 1225 1846 1279 ἐκείνων

153 1312 268 1367 ἐστὶ
307 1323 420 1367 τῶν
458 1313 647 1383 ἀγρῶν
686 1318 744 1368 οἳ
778 1319 1002 1369 πολλῶν
1038 1316 1144 1368 εἰσι
1183 1324 1295 1367 τῶν
1334 1313 1574 1384 ἐχόντων
1613 1313 1844 1368 ἑκάστου

152 1402 318 1469 μέρος
354 1403 420 1456 οὐ
461 1406 605 1456 πολὺ
645 1404 995 1473 κεκτημένου,
1035 1404 1172 1457 ἀλλά
1211 1402 1302 1456 καὶ
1342 1397 1426 1466 οἷς
1465 1396 1542 1466 εἷς
1582 1403 1611 1456 ὁ
1651 1405 1846 1456 δεσπό-

153 1512 262 1560 της.
345 1493 435 1545 καὶ
491 1488 647 1546 οὗτοι
693 1495 792 1547 τὸν
837 1494 1123 1561 μισθωτὸν
1175 1496 1571 1561 προστίθενται
1626 1501 1690 1563 τῇ
1745 1501 1845 1545 τοῦ
1873 1511 1913 1544 15

155 1582 429 1634 δεσπότου
482 1585 642 1652 ζημίᾳ
691 1584 791 1636 τὸν
836 1584 1046 1649 μισθὸν
1091 1584 1408 1651 πορίζοντες
1453 1580 1543 1634 καὶ
1599 1582 1848 1643 διδόντες

156 1667 209 1732 ἐξ
257 1664 338 1722 ὧν
384 1669 766 1742 ἀποστεροῦσι.
850 1674 1029 1725 καίτοι
1076 1670 1167 1724 καὶ
1214 1680 1326 1724 τῶν
1372 1669 1659 1739 ἐπιφανῶν
1705 1672 1847 1724 εἰσιν

157 1759 212 1811 αὶ
253 1768 428 1826 κῶμαι
468 1762 559 1812 καὶ
600 1770 712 1813 τῶν
752 1761 888 1814 οἴων
918 1781 976 1814 τε
1016 1763 1196 1814 ὄντων
1235 1768 1389 1829 χεῖρα
1422 1757 1604 1827 ὀρέξαι
1643 1763 1847 1811 λυπου-

156 1846 356 1914 μένοις.
427 1847 570 1916 ἀλλ’,
610 1843 779 1918 οἶμαι,
817 1852 879 1904 τὸ
915 1859 1090 1912 κακῶς
1122 1858 1305 1902 ποιεῖν
1337 1849 1647 1913 διώκοντες,
1687 1847 1755 1900 οὐ
1785 1848 1846 1899 τὸ

155 1941 363 1989 παθεῖν
403 1939 706 2007 φεύγοντες
744 1939 1009 2005 δυνάμεις
1046 1947 1216 1990 τινῶν
1255 1938 1546 2003 ὠνοῦνται,
1586 1929 1673 1999 αἷς
1711 1937 1848 2005 χρώ-
1873 1955 1916 1987 80

157 2044 314 2094 μενοι
359 2029 572 2080 πολλοῦ
621 2029 827 2097 χρόνου
867 2028 1163 2095 προϊόντος
1202 2026 1291 2078 καὶ
1342 2027 1347 2090 Ι
1396 2026 1533 2094 πρὸς
1570 2027 1700 2087 τοὺς
1731 2037 1937 2080 RH508

278 2250 303 2289 5
338 2246 395 2290 cf.
423 2246 531 2292 Cod.
558 2246 731 2290 Theod.
759 2246 842 2289 XII
868 2251 908 2300 1,
929 2250 1013 2289 128
1047 2259 1151 2289 cum
1182 2247 1294 2288 nota
1327 2243 1600 2288 Gothofredi

281 2460 303 2498 1
338 2454 398 2498 ἄν
427 2472 498 2507 τις
529 2454 620 2499 Got
760 2459 784 2497 2
818 2453 993 2511 χωλεύη
1019 2454 1064 2497 Ρ
1086 2452 1167 2496 sed
1191 2469 1218 2508 η
1244 2451 1292 2495 in
1315 2464 1392 2495 ras
1415 2451 1487 2494 1115
1560 2450 1747 2508 χωλεύει
1777 2451 1845 2493 Ι
1840 2472 1845 2503 1

159 2513 300 2570 μικρὰ
328 2515 409 2558 καὶ
432 2513 489 2558 τὰ
513 2513 641 2558 ἄλλα.
669 2513 783 2558 ὄντα
807 2513 858 2556 δὲ
883 2519 1029 2556 ταῦτα
1057 2511 1198 2569 μικρὰ
1222 2511 1302 2555 καὶ
1326 2509 1468 2565 μικρὰ
1499 2517 1626 2554 ποιεῖ
1653 2509 1758 2552 coni
1782 2509 1850 2552 Re

218 2578 246 2616 4
278 2573 467 2626 σώζεται
498 2573 566 2617 Re
718 2578 743 2616 5
776 2588 816 2615 τι
821 2572 903 2629 αμὶ
938 2571 976 2616 C
1135 2574 1158 2613 ’1
1193 2567 1253 2614 αὖ
1284 2576 1387 2619 ταῖς
1416 2569 1485 2613 Re
1547 2569 1712 2618 αὐταῖς
1740 2567 1849 2612 libri

161 2630 252 2675 Got
373 2636 399 2675 8
431 2628 467 2676 ὦ
478 2633 686 2700 βασιλεῦ
715 2631 783 2675 Re
906 2636 930 2673 9
964 2631 1220 2687 φοβεῖσθαι
1251 2629 1332 2673 καὶ
1362 2627 1423 2684 μὴ
1456 2629 1622 2743 ‹pofstv
1655 2627 1759 2671 coni
1782 2627 1850 2670 Re

222 2695 277 2734 10
309 2691 368 2748 δὴ
400 2691 567 2747 scripsi
598 2692 786 2734 auctore
815 2690 883 2733 Re
946 2688 997 2734 δὲ
1028 2688 1139 2732 libri
1170 2688 1261 2733 edd
1385 2691 1438 2730 14
1470 2704 1551 2744 μρ
1557 2703 1607 2738 ος
1637 2688 1692 2731 οὐ
1725 2686 1792 2731 Re

162 2708 368 2805 μέρουςη
356 2757 438 2794 τοῦ
469 2749 582 2793 libri
613 2748 706 2793 Got
732 2749 738 2806 Ι
767 2746 838 2800 οἷς
862 2749 908 2791 Ρ
936 2748 1018 2792 sed
1050 2765 1074 2791 ο
1098 2748 1148 2791 in
1171 2761 1247 2791 ras
1271 2747 1340 2790 m'
1463 2751 1517 2790 15
1548 2745 1784 2803 μισθωτὸν
1809 2747 1854 2789 Ρ

162 2808 244 2852 sed
275 2827 310 2852 ω
342 2809 392 2852 in
422 2822 498 2852 ras
530 2807 601 2851 m¹
659 2808 834 2864 μισθὸν
866 2809 912 2852 Β
1035 2811 1089 2851 17
1121 2807 1429 2861 ἀποστεροῦσι
1456 2807 1502 2850 Ρ
1529 2805 1611 2848 sed
1642 2810 1851 2860 στεροῦσι

161 2866 211 2909 in
240 2881 316 2911 ras
346 2867 416 2910 m²
567 2872 620 2910 21
648 2867 838 2910 noll-ol?
888 2868 894 2922 1
944 2866 1024 2910 καὶ
1054 2866 1172 2921 πρὸς
1193 2892 1251 2898 -
1276 2870 1376 2918 410
1395 2868 1420 2906 2
1455 2863 1704 2921 ὀφθαλμὸν
1735 2863 1851 2907 citat

162 2925 279 2969 Plan
310 2926 395 2969 1.1.
439 2928 447 2983 Ι
487 2943 595 2976 τους
627 2926 780 2969 αὑτῶι
814 2923 1020 2982 καιρίους]
1055 2922 1261 2974 ἐκείνους
1291 2924 1406 2968 Plan
