1992 3094
417 111 646 155 LIBANII
677 110 902 157 ORATIO
935 111 1179 158 CONTRA
1211 113 1574 159 TISAMENUM
1733 117 1833 170 16?

51 286 54 290 -
148 254 239 303 λιν
288 247 354 301 οὐ
404 250 630 311 πολλοῖς
676 245 855 301 ἔτεσιν
900 248 1136 319 ὕστερον
1189 251 1512 319 παρεδρεύει
1559 258 1841 324 στρατηγῷ

146 338 217 393 οὐ
257 337 350 390 διὰ
394 337 495 405 τὴν
539 337 663 406 περὶ
709 337 771 390 τὸ
817 344 1040 407 πρᾶγμα
1087 337 1391 408 ἐμπειρίαν,
1442 336 1574 392 οὐδὲ
1622 341 1726 410 γὰρ
1774 339 1836 394 ἐν

145 427 427 480 συνδίκων
479 425 627 489 τάξει
680 426 899 478 πώποτε
953 424 1220 495 ἐγεγόνει,
1276 426 1395 480 ἀλλ’
1440 428 1608 482 οὐδὲν
1665 434 1835 482 οἴεται

135 517 268 570 δεῖν
298 515 553 583 τοιαύτης
577 513 858 585 ἐμπειρίας
882 514 1141 585 ἐνταῦθα,
1172 521 1458 584 καθῆσθαι
1489 518 1594 587 γὰρ
1620 517 1721 570 οὐκ
1745 516 1828 571 ἐπ’

145 603 382 668 ἐξετάσει
406 604 596 671 δικῶν,
622 601 739 656 ἀλλ’
759 601 848 656 ἐπὶ
873 607 1107 672 πληγαῖς
1129 605 1228 657 τὸν
1252 607 1575 673 στρατηγόν,
1601 603 1726 658 ὥστ’
1748 608 1833 674 ἔρ-
1880 627 1900 661 ⁶

144 712 247 768 γον
278 685 417 746 εἶναι
450 697 527 764 τῷ
558 692 790 765 τοιούτῳ
814 691 1069 764 παρέδρῳ
1094 695 1393 747 κοινωνίαν
1427 694 1434 761 1
1468 702 1682 763 τρυφῆς
1714 707 1754 750 R
1777 707 1920 752 11241

143 782 233 836 καὶ
272 782 506 851 μάλιστα
544 781 612 849 δὴ
651 789 841 834 ποτοῦ.
918 780 966 833 5.
1007 781 1096 834 καὶ
1134 781 1347 851 σπέρμα
1384 802 1447 850 γε
1484 783 1621 852 πρὸς
1659 782 1833 852 ἀρχὴν

138 878 306 924 τοῦτο
343 870 624 937 πολλάκις,
665 868 694 922 ὃ
736 870 803 938 δὴ
843 870 934 923 καὶ
980 878 1088 923 νῦν
1133 870 1420 939 γεγένηται
1466 879 1561 940 τῆς
1599 878 1698 924 τοῦ
1739 872 1832 941 ῥή-

107 978 310 1032 ἡματος
339 958 635 1028 ,εὐφημίας
688 966 853 1012 τοῦτο
915 961 1290 1027 πεποιηκυίας.
1365 962 1666 1029 προσήκειν
1726 961 1830 1030 γὰρ

139 1048 210 1117 δὴ
255 1053 331 1121 τῷ
378 1049 783 1118 παρηδρευκότι
829 1048 890 1100 τὸ
944 1048 1034 1100 καὶ
1089 1047 1372 1116 ἐπιστῆναι
1426 1050 1667 1102 πόλεσιν.
1744 1048 1829 1102 ε’ν-
1854 1071 1898 1104 ιο

138 1142 325 1190 ταῦθα
363 1131 434 1204 ἦν
472 1127 697 1191 ἀκούειν
745 1138 1023 1204 λεγόντων
1061 1146 1172 1189 τῶν
1210 1137 1307 1189 τὸν
1346 1138 1650 1206 ἄνθρωπον
1689 1138 1829 1191 εἰδό-

141 1246 271 1295 των,
321 1226 394 1289 ὡς
433 1224 715 1280 ἀπολεῖται
761 1226 828 1278 τὰ
864 1225 1155 1295 πράγματα
1193 1234 1257 1296 τῇ
1306 1229 1612 1294 Τισαμενοῦ
1652 1228 1830 1296 μωρίᾳ

138 1316 230 1368 καὶ
269 1314 504 1386 ἀτεχνίᾳ.
581 1315 670 1368 καὶ
709 1313 911 1384 ταχέως
949 1314 1334 1383 ἠκολούθησεν
1373 1314 1405 1383 ἡ
1444 1316 1642 1382 πίστις,
1679 1316 1830 1383 ἥκων

138 1403 304 1467 αὐτὸς
341 1404 434 1458 καὶ
472 1405 843 1473 δεικνύμενος.
914 1403 942 1456 ὁ
983 1400 1085 1472 μὲν
1124 1404 1227 1471 γὰρ
1266 1405 1476 1472 θρόνος
1513 1403 1604 1456 καὶ
1644 1404 1696 1456 οἱ
1734 1405 1829 1472 κη’-

136 1512 297 1561 ρυκες
334 1493 425 1546 καὶ
466 1493 519 1546 οἱ
559 1492 864 1562 ῥαβδοῦχοι
908 1491 1000 1545 καὶ
1040 1491 1068 1545 ὁ
1108 1501 1220 1545 τῶν
1257 1492 1544 1562 ὑπηρετῶν
1590 1491 1827 1561 ἀριθμὸς
1852 1515 1894 1548 1⁶

136 1589 231 1651 τῆς
268 1581 453 1653 ἀρχῆς,
493 1583 589 1645 τὰς
627 1581 829 1652 ἡμέρας
869 1578 929 1635 δὲ
961 1576 1031 1648 ἦν
1065 1582 1207 1634 ἰδεῖν
1239 1579 1618 1649 ἀναλουμένας
1652 1581 1826 1649 μάτην

135 1669 541 1741 οὔθ”ὁρῶντος
578 1671 779 1725 τούτου
819 1671 881 1724 τὸ
914 1669 1045 1724 δέον
1084 1668 1198 1724 οὔτ’
1231 1670 1418 1732 ἄλλοις
1459 1669 1666 1739 ὁρῶσιν
1701 1668 1824 1723 ἑπο-

136 1758 321 1828 μένου.
398 1761 448 1815 6.
486 1758 578 1814 καὶ
617 1759 646 1813 ὁ
687 1761 754 1829 δὴ
795 1760 1056 1822 κελεύσας
1095 1759 1265 1812 αὐτὸν
1302 1757 1427 1827 περὶ
1467 1760 1567 1812 τὸν
1597 1757 1825 1827 Εὐφρά-

134 1868 235 1916 την
282 1847 363 1901 ἐπ’
402 1849 514 1919 ὠνῇ
571 1851 729 1902 σίτου
783 1850 1088 1919 διατρίβειν
1140 1855 1438 1917 μισοῦντος
1483 1843 1585 1914 μὲν
1630 1845 1824 1914 ἐδόκει,

134 1941 434 2006 φιλοῦντος
504 1934 563 1991 δὲ
626 1939 793 2007 ἔργον
854 1935 1026 1991 ἐποίει
1095 1934 1224 2006 παρ’
1270 1933 1599 2006 ἀνθρώποιςξ
1631 1931 1824 2003 ’ἧττον
1848 1958 1890 1991 80

135 2024 333 2090 δεξιοῖς
371 2026 692 2095 ἀναγκάζων
730 2026 902 2080 αὐτοῦ
942 2028 1044 2095 τὴν
1091 2027 1288 2078 ἄνοιαν
1335 2024 1564 2093 διάγειν,
1615 2018 1682 2076 οὗ
1728 2031 1822 2091 τῆς

135 2112 325 2179 ἀνοίας
363 2118 587 2184 ἔμελλεν
626 2114 767 2180 ἕξειν
805 2117 1007 2184 ἥττονα
1044 2114 1145 2167 τὸν
1174 2111 1415 2183 ἔλεγχον.
1476 2114 1654 2166 καίτοι
1685 2111 1822 2182 μέγα

135 2213 369 2271 φρονεῖν
393 2203 537 2268 ἀξιοῖ
559 2205 620 2258 τὸ
644 2212 827 2272 καῦμα
849 2206 912 2258 τὸ
936 2202 1062 2272 παρ’
1088 2201 1319 2264 ἐκείνοις
1346 2202 1659 2272 τραγῳδῶν.
1714 2199 1819 2269 ἐγὼ

255 2398 309 2437 18
341 2393 504 2438 Diniae
537 2394 593 2439 cf.
619 2410 663 2451 p.
684 2398 784 2450 168,
805 2398 856 2437 16
1012 2396 1069 2437 23
1100 2392 1228 2436 Dem.
1256 2391 1313 2435 de
1338 2390 1440 2434 fals.
1465 2389 1554 2447 leg.
1580 2405 1624 2446 p.
1644 2393 1744 2444 400,
1766 2394 1818 2433 17
1896 2373 1911 2379 *⁷

254 2574 279 2612 3
310 2569 491 2616 πώποτ’
521 2573 590 2629 Vl
620 2571 764 2616 οἴεται
797 2570 962 2627 scripsi
1023 2565 1151 2625 οἶμαι
1182 2568 1291 2613 libri
1321 2568 1412 2613 edd
1472 2565 1684 2624 οἰόμενος
1715 2566 1819 2610 coni

134 2626 202 2671 Ro
321 2635 348 2673 4
381 2633 481 2676 δεῖν
508 2631 611 2675 Mor
642 2632 724 2675 sed
748 2647 802 2687 γρ
821 2633 895 2675 δεῖ
922 2630 971 2673 in
995 2643 1128 2685 marg
1188 2631 1263 2673 δεῖ
1289 2627 1398 2671 libri
1422 2626 1490 2670 Re
1612 2631 1636 2668 ὁ
1671 2625 1817 2677 ἐπεξε-

133 2685 261 2731 τάσει
283 2689 318 2732 Ι
338 2690 345 2745 Ι
372 2688 485 2734 ὥστε
519 2691 563 2735 V
683 2695 709 2734 8
741 2690 847 2734 νυνὶ
878 2689 945 2732 Re
1067 2693 1092 2731 9
1133 2685 1382 2742 προσήκειν
1413 2685 1597 2741 reposui
1630 2699 1654 2727 ο
1686 2684 1818 2727 libris

193 2749 415 2802 προσήκει
447 2749 538 2792 edd
684 2753 738 2792 10
770 2749 851 2792 καὶ
880 2747 967 2792 τὸὶ)
1107 2751 1156 2789 11
1192 2746 1274 2790 τὸν
1304 2753 1396 2789 τῶν
1431 2744 1468 2787 C
1588 2747 1640 2787 16
1677 2743 1820 2800 ἀρχῆς

135 2801 236 2848 Mor
265 2807 346 2849 sed
377 2807 548 2864 ταύτης
577 2808 626 2851 in
658 2823 791 2864 marg
832 2807 838 2865 Ι
881 2804 1180 2861 ἀναλωμένας
1209 2806 1244 2848 Ι
1373 2807 1428 2847 20
1460 2801 1588 2856 παρὰ
1621 2802 1738 2845 ΡΙΒ
1750 2801 1819 2846 Va

134 2860 237 2907 Mor
377 2871 432 2910 21
465 2863 530 2912 ὧν
564 2868 607 2912 V
676 2867 732 2911 οὐ
755 2866 858 2910 Mor
1000 2869 1054 2907 22
1088 2864 1267 2919 ἔμελλεν
1298 2865 1344 2908 Ρ
1373 2862 1454 2907 sed
1485 2864 1508 2904 λ
1540 2860 1737 2904 altorum
1768 2862 1818 2904 in

133 2934 207 2965 ras
232 2923 302 2966 m⁴
362 2924 547 2982 ἔμελλον
577 2925 680 2970 Mor
800 2929 855 2969 23
886 2926 1138 2981 τραγωδῶν
1169 2924 1215 2968 Ρ
1242 2922 1324 2967 sed
1356 2939 1421 2966 ων
1453 2920 1501 2964 in
1524 2934 1597 2964 ras
1622 2920 1692 2963 m⁴
