1992 3094
584 98 811 143 LIBANH
844 99 1067 145 ORATIO
1100 102 1181 146 DE
1212 102 1420 148 PACTIS
1742 107 1850 160 339

155 231 319 286 θέναι
365 241 480 296 τοῖς
522 233 842 303 ἀναγκαίοις
882 234 1139 292 ἑκούσιον
1180 241 1386 307 ζημίαν.
1468 240 1517 293 4.
1575 241 1688 295 ἴστε
1727 244 1850 311 γάρ,

157 321 230 384 ὡς
277 321 305 375 ὁ
353 322 547 392 παρὼν
598 323 788 377 οὑτοσὶ
834 326 1024 395 καιρὸς
1070 325 1102 379 ἃ
1148 324 1250 396 μὲν
1299 325 1369 397 ἦν
1414 338 1526 382 τῶν
1574 330 1850 399 ἡμετέρων

156 411 352 479 λόγων,
392 421 508 475 τοῖς
541 411 745 482 ἑτέροις
776 410 965 482 ἔδωκε,
1006 416 1071 467 τὰ
1112 413 1172 468 δὲ
1206 415 1433 470 ἐκείνων
1467 416 1555 471 ἐπὶ
1588 418 1846 472 τουτουσὶ

153 501 447 568 μετήνεγκε
485 505 698 570 μᾶλλον
740 499 843 572 μὲν
882 503 1201 571 ἀγαπᾶσθαι
1248 508 1478 574 ποιήσας
1515 510 1645 570 τοὺς
1683 504 1847 576 ἧττον

152 589 633 658 θαυμαζομένους,
679 588 847 660 ἧττον
887 590 936 645 δ’
976 590 1047 646 αὖ
1086 596 1216 656 τοὺς
1253 597 1487 663 μᾶλλον,
1534 599 1745 662 μᾶλλον
1784 594 1842 650 δὲ
1892 618 1912 651 5

152 679 282 741 τοὺς
319 675 422 747 μὲν
460 682 734 749 χορηγοὺς
773 680 1034 735 ἁπάντων
1081 682 1312 751 ἀγαθῶν
1358 685 1678 750 νομίζεσθαι
1723 704 1844 738 ποι-

151 769 305 836 ήσας,
343 770 474 831 τοὺς
506 767 557 821 δ’
592 767 596 840 J
626 766 795 823 οὐδὲν
826 771 960 824 ἄλλο
993 772 1139 840 πλὴν
1172 772 1356 825 ὕθλον
1387 770 1476 825 καὶ
1508 775 1697 827 πόνων
1729 786 1769 828 R
1788 786 1933 829 H422

150 854 241 909 καὶ
273 858 464 919 πενίας
497 856 769 927 ἀφορμήν.
840 858 887 912 5.
933 858 1199 913 ἐντεῦθεν
1231 860 1440 928 ἀγωγαὶ
1472 860 1670 930 συχναὶ
1703 861 1845 915 νέων

150 946 241 999 καὶ
279 949 446 999 πλοῖα
483 950 665 1000 πλοῦν
703 947 801 1001 ἕνα
839 949 937 1001 τὸν
976 947 1064 1001 ἐπὶ
1098 946 1301 1017 Ῥώμης
1336 951 1612 1018 φερόμενα
1650 953 1844 1019 κρότος

149 1054 206 1088 τε
260 1045 373 1088 τῶν
425 1036 799 1105 κομιζομένων
845 1039 1157 1107 παιδαρίων
1203 1036 1289 1090 ἐπὶ
1345 1047 1462 1100 ταῖς
1514 1039 1843 1107 μελλούσαις
1869 1061 1910 1093 ιο

149 1123 379 1178 ἐλπίσιν.
451 1127 512 1178 αἱ
545 1126 612 1179 δέ
647 1127 790 1180 εἰσιν
821 1127 975 1196 ἀρχή,
1017 1128 1328 1193 δυναστεία,
1368 1127 1556 1196 γάμος,
1596 1126 1658 1180 ἐν
1688 1132 1838 1196 βασι-

149 1215 317 1276 λείοις
357 1216 659 1285 διατριβαί,
707 1217 768 1270 τὸ
810 1215 1167 1285 διαλέγεσθαι
1207 1218 1436 1284 βασιλεῖ.
1513 1214 1603 1268 καὶ
1641 1217 1838 1285 κομιδῆ

147 1302 248 1369 μὲν
287 1302 497 1373 ὀλίγοις
538 1305 566 1358 ὁ
606 1308 781 1368 πλοῦς
821 1304 1030 1368 ἐκεῖνος
1069 1304 1475 1373 ἐλυσιτέλησεν,
1516 1305 1589 1367 ὡς
1627 1313 1742 1367 τοῖς
1780 1325 1839 1372 γε

147 1394 362 1446 πλείοσι
400 1395 538 1464 πρὸς
578 1400 654 1466 τῷ
692 1391 868 1463 μηδὲν
906 1393 1150 1462 ἐνεγκεῖν
1188 1395 1473 1463 παρείλετό
1512 1413 1563 1446 τι
1610 1392 1699 1446 καὶ
1738 1401 1838 1447 τοῦ

148 1490 396 1549 φρονεῖν.
467 1483 610 1550 ὅμως
643 1481 691 1535 δ’
723 1481 980 1536 ἕλκονταί
1014 1503 1071 1536 τε
1109 1483 1199 1535 καὶ
1239 1483 1608 1552 προσδοκῶσι,
1647 1483 1737 1535 καὶ
1775 1483 1835 1535 τὸ
1864 1503 1904 1535 15

147 1569 300 1623 οὔπω
348 1568 557 1640 κτηθὲν
602 1569 779 1641 ἔχεται
825 1570 916 1624 καὶ
962 1578 1036 1644 τῷ
1078 1568 1180 1640 μὲν
1226 1570 1474 1624 ἐλάττονι
1517 1570 1578 1623 τὸ
1618 1578 1837 1640 πρᾶγμα

145 1660 412 1727 κρίνεται,
466 1666 538 1733 τῷ
580 1662 796 1714 πλείονι
843 1657 904 1713 δὲ
952 1661 1018 1714 οὐ
1067 1660 1420 1728 δοκιμάζεται.
1498 1666 1724 1711 τοιαῦτα
1770 1665 1836 1731 τςῖ

149 1747 371 1815 δαίμονι
404 1748 658 1803 δέδοκται
690 1750 816 1819 περὶ
849 1748 1120 1816 ἑκατέρων
1147 1758 1258 1801 τῶν
1287 1750 1481 1815 λόγων.
1544 1748 1635 1800 διὰ
1667 1754 1836 1800 ταῦτα

145 1837 328 1905 λύπην
383 1837 441 1890 ἐκ
494 1847 607 1891 τῶν
661 1839 1059 1891 διδασκαλείων
1114 1838 1302 1890 οἴκαδε
1355 1838 1645 1904 κομίζομεν
1692 1837 1835 1904 πλὴν

143 1932 243 1977 τοῦ
283 1929 618 1995 καταβοῆσαι
656 1935 755 1981 τοῦ
794 1934 990 1996 καιροῦ
1030 1934 1211 1979 ποιεῖν
1250 1922 1417 1978 οὐδὲν
1455 1927 1682 1993 ἔχοντες.
1859 1946 1902 1977 20

257 2015 303 2067 6.
352 2013 515 2068 Ἀλλὰ
562 2023 727 2069 τοῦτο
768 2012 869 2082 μὲν
910 2015 1154 2084 ἀτύχημα
1194 2014 1282 2066 καὶ
1328 2021 1422 2081 τῆς
1469 2014 1643 2075 αἰτίας
1682 2010 1834 2075 ἐκτὸς

143 2100 320 2171 ἡμεῖς,
367 2102 462 2173 ἀφ’
510 2100 573 2172 ἧς
610 2105 676 2157 τὰ
720 2103 998 2173 εἰρημένα·
1045 2104 1170 2171 περὶ
1215 2102 1275 2155 δὲ
1322 2111 1432 2154 τῶν
1479 2100 1834 2154 ἀποστάσεων

265 2283 289 2321 3
323 2278 380 2323 cf.
406 2294 449 2335 p.
470 2284 606 2334 281‚9
626 2293 691 2334 sq.
823 2283 847 2322 9
882 2278 938 2322 cf.
965 2294 1008 2335 p.
1029 2282 1189 2332 283‚3;
1221 2279 1253 2320 t.
1280 2277 1321 2319 Π
1345 2281 1511 2331 537,14
1537 2278 1583 2319 ot
1608 2280 1773 2331 541‚15
1792 2275 1833 2318 R

263 2445 285 2484 1
318 2449 421 2492 ταῖς
444 2439 728 2499 ἀναγκαίαις
760 2441 864 2485 coni
895 2441 963 2484 Re
1026 2443 1076 2484 at
1108 2440 1164 2483 cf.
1191 2455 1234 2496 p.
1265 2444 1362 2493 199,
1382 2444 1436 2482 14
1565 2442 1590 2481 6
1622 2453 1730 2488 τους
1760 2438 1793 2480 Ι
1822 2438 1826 2478 ἶ

143 2495 363 2543 ἁπάντων
386 2508 479 2545 τῶν
504 2501 534 2544 ἀ
566 2504 702 2544 αθῶν
726 2502 760 2543 Ι
887 2505 910 2543 7
944 2500 1053 2551 τούς
1077 2500 1122 2542 Ρ
1143 2499 1223 2542 sed
1247 2497 1258 2512 ’
1285 2498 1333 2541 in
1358 2512 1431 2541 ras
1455 2497 1539 2550 m’,
1566 2498 1608 2541 Β
1631 2503 1635 2554 Ι
1657 2495 1708 2541 δὲ
1732 2496 1801 2540 Re

143 2557 283 2602 οὐδὲν
315 2560 360 2602 Β
393 2560 476 2603 sed
507 2561 536 2603 δ
561 2578 588 2605 ν
619 2560 712 2603 add
745 2558 814 2602 m²
863 2561 869 2614 1
919 2558 1069 2603 ὕθλον
1109 2558 1188 2601 καὶ
1227 2556 1375 2601 πόνου
1409 2556 1513 2599 coni
1544 2555 1645 2599 Mor
1693 2558 1700 2612 Ι
1750 2555 1829 2598 καὶ

47 2651 53 2655 .
140 2613 289 2661 πόνον
312 2618 362 2662 in
385 2631 519 2676 marg
543 2620 587 2663 A
655 2616 815 2662 πόνων
840 2618 918 2661 καὶ
943 2632 1015 2661 om
1042 2618 1124 2661 IV
1177 2614 1337 2660 πόνων
1361 2614 1524 2669 scripsi
1550 2617 1739 2659 auctore
1762 2613 1829 2657 Re

200 2674 350 2721 πόνον
380 2677 551 2733 reliqui
582 2677 692 2721 libri
725 2677 815 2721 edd
949 2681 974 2720 8
1008 2677 1192 2730 „malim
1223 2675 1500 2732 ἀναγωγαὶ“
1532 2674 1599 2717 Re
1631 2674 1828 2717 fortasse

140 2735 266 2778 recffle
298 2735 355 2780 cf.
380 2738 413 2780 t.
439 2736 482 2779 Π
508 2741 577 2790 71,
596 2742 621 2779 2
760 2741 784 2779 9
817 2734 987 2791 κράτος
1017 2735 1118 2778 Mor
1256 2738 1309 2777 10
1341 2731 1573 2789 μεγίσταις
1603 2733 1648 2776 Β
1716 2745 1828 2775 num

141 2793 360 2850 μεγάλαις
388 2796 443 2838 uss
470 2810 515 2852 p.
542 2800 750 2850 281,2·2·?
885 2799 938 2837 12
970 2797 1159 2850 κομιδῆι
1191 2794 1235 2837 A
1366 2798 1418 2835 13
1451 2792 1520 2850 γε]
1553 2791 1636 2846 μὲν
1669 2791 1771 2834 Mor

55 2875 58 2879 .
147 2855 201 2894 14
231 2854 333 2911 τοῦ]
364 2854 416 2898 τὸ
448 2853 551 2898 Mor
699 2859 751 2897 19
785 2852 1078 2898 διδασκάλων
1109 2852 1211 2895 Mor
1242 2852 1323 2895 sed
1355 2847 1691 2896 διδασκαλείων
1724 2850 1828 2893 coni

200 2915 256 2954 22
289 2909 375 2968 ὑφ’
403 2913 508 2956 coni
539 2913 642 2956 Mor

1472 2981 1560 3026 22⁸
