1992 3094
158 111 271 163 436
656 107 883 152 LIBANII
914 107 1138 151 ORATIO
1170 108 1358 152 XLVIII

164 255 359 316 μικρᾶς
404 245 612 313 ἐκείνης
659 245 905 311 δαπάνης
951 241 1190 312 ἔχοντες,
1238 245 1414 311 μόνον
1461 244 1563 297 οὐκ
1608 243 1693 297 ἐπὶ
1742 255 1854 298 τῶν

163 339 419 403 κεφαλῶν
458 335 517 386 τὸ
560 332 859 399 συνέδριον
897 331 1177 401 φέροντες,
1219 333 1477 385 δεσπόται
1517 342 1628 386 τῶν
1665 333 1854 400 ὑμετέ-

74 436 177 480 RII
196 440 280 479 534
313 443 427 492 ρων
466 421 634 474 υἱέων
674 419 863 474 οὐδενὶ
904 417 1005 487 μὲν
1046 421 1266 490 δικαίῳ,
1300 418 1307 488 Ι
1342 431 1457 483 πῶς
1495 423 1599 491 γὰρ
1639 431 1750 474 τῶν
1787 423 1853 475 τὰ

166 514 350 565 δίκαια
409 512 790 578 πεποιηκότων
845 511 896 561 οἱ
953 509 1271 578 ἠδικηκότες
1328 508 1419 562 καὶ
1480 519 1592 564 τῶν
1646 511 1854 579 μεγάλα

119 624 139 655 5
165 601 524 668 ἀνηλωκότων
571 600 623 651 οἱ
666 599 853 666 μικράς
901 599 1161 650 δεσπόται
1205 596 1253 649 δ’
1294 594 1398 650 οὖν
1438 599 1530 651 διὰ
1572 600 1639 651 τὰ
1676 608 1854 661 κακῶς

163 691 435 741 δοκοῦντα
485 686 574 740 καὶ
622 689 945 755 νενικηκότα
991 686 1096 739 κάν
1135 697 1250 749 τοῖς
1290 688 1663 758 δικαστηρίοις
1703 686 1854 757 ἑστη-

163 779 319 840 κότας
367 777 523 830 αὐτοὶ
578 778 884 844 καθήμενοι
937 778 1068 838 τοὺς
1119 775 1419 844 ὑμετέρους
1465 776 1649 846 ὁρῶσι.
1726 777 1852 829 τού-

162 887 272 919 των
311 868 506 918 τοίνυν
546 861 714 917 οὐδὲν
753 863 822 917 ἂν
859 861 954 932 ἦν,
1004 870 1058 916 εἴ
1090 884 1172 926 τις
1211 864 1366 931 ὑμῶν
1404 866 1572 933 ἤθελε
1611 870 1854 935 χρῆσθαι

163 962 235 1027 τῷ
270 956 436 1025 νόμω,
477 961 584 1007 νῦν
624 951 673 1005 δ’
713 953 740 1005 ὁ
783 949 884 1020 μὲν
923 954 1089 1019 νόμος
1127 961 1317 1021 κεῖται,
1358 955 1411 1006 οἱ
1450 950 1511 1006 δὲ
1549 963 1852 1023 τρυφῶσιν.

98 1065 139 1097 ιο
277 1043 357 1094 17.
394 1040 575 1111 (Υμεῖς
604 1039 664 1094 δὲ
697 1044 927 1094 ἔσεσθαί
955 1043 1079 1094 τινά
1112 1061 1250 1110 φατε
1281 1044 1485 1112 χρόνον
1517 1042 1854 1096 ἀποδιδόντα

164 1141 280 1193 ταῖς
326 1134 552 1199 βουλαῖς
599 1132 664 1183 τὰ
712 1130 1059 1198 ὀφειλόμενα.
1135 1131 1226 1183 καὶ
1271 1133 1327 1183 τί
1370 1130 1519 1183 τοῦτ’
1562 1131 1853 1198 ἀναμένειν

163 1219 272 1273 ἔδει
313 1222 493 1288 παρὸν
533 1223 700 1288 ε’χειν;
744 1222 921 1272 καίτοι
961 1220 1106 1282 τινὲς
1146 1219 1551 1288 ἀπολογοῦνται
1590 1228 1683 1289 τῆς
1717 1218 1853 1272 Ἰου-

164 1314 357 1361 λιανοῦ
404 1308 738 1377 μεμνημένοι
790 1311 1070 1375 βασιλείας
1117 1307 1179 1361 ἐν
1224 1301 1258 1379 ᾗ
1311 1329 1465 1371 τινας
1520 1310 1597 1371 εἰς
1643 1309 1854 1376 βουλὴν

164 1396 486 1467 ἐνέγραφον.
564 1398 667 1450 καὶ
712 1398 828 1450 οὐκ
867 1398 1302 1466 ἠλεγχόμεθα,
1349 1400 1547 1466 φασίν,
1595 1395 1698 1450 ἐπὶ
1744 1404 1854 1464 τῆς

98 1507 139 1540 15
166 1484 465 1549 ἐξουσίας
504 1486 709 1556 ἀργοί.
787 1485 892 1554 ἐγὼ
932 1483 991 1538 δὲ
1032 1486 1114 1539 ὅτι
1154 1486 1256 1555 μὲν
1295 1484 1384 1539 καὶ
1425 1489 1545 1539 τότε
1586 1486 1854 1556 ἐκράτουν

74 1587 279 1630 R.11535
313 1578 367 1627 αἱ
418 1579 424 1640 l
475 1576 654 1628 ἄδικοι
705 1575 918 1644 χάριτες
964 1573 1053 1627 καὶ
1110 1575 1480 1643 διεκλάπησαν
1528 1575 1629 1628 οὐκ
1675 1574 1853 1642 ὀλίγοι

164 1673 273 1716 τῶν
320 1665 544 1726 δικαίως
591 1662 661 1716 ἂν
704 1662 1119 1733 ἐγγραφέντων,
1167 1662 1324 1716 ἐάσω.
1402 1662 1519 1717 ἀλλ’
1565 1662 1743 1716 ἐκεῖνό
1791 1682 1853 1730 γε

163 1753 245 1814 τίς
300 1752 401 1804 οὐκ
457 1749 631 1819 οἶδεν,
687 1753 758 1814 ὡς
813 1751 930 1805 οὐδ’
980 1754 1026 1805 εἰ
1083 1753 1301 1820 σφόδρα
1353 1752 1499 1814 τινες
1553 1750 1851 1820 ἐβούλοντο

165 1839 372 1907 μηδένα
410 1839 725 1909 ἐγγράφειν,
767 1839 893 1908 ἐξῆν
933 1842 1015 1893 ἄν.
1094 1843 1142 1893 εἰ
1180 1842 1284 1909 γὰρ
1325 1841 1354 1894 ὁ
1393 1838 1495 1907 μὲν
1534 1841 1607 1903 ὡς
1645 1840 1853 1908 μεγάλα

97 1951 142 1983 20
168 1928 468 1996 εὐεργετῶν
520 1937 683 1982 τοῦτο
740 1929 954 1997 ἐδίδου,
1010 1928 1270 1998 δέχεσθαι
1326 1926 1386 1981 δὲ
1440 1930 1624 1991 οὐδεὶς
1677 1927 1852 1997 ἠξίου,

165 2019 409 2087 πονηρόν
447 2016 493 2069 τ’
533 2016 601 2069 ἂν
641 2014 709 2084 ἦν
749 2018 838 2070 καὶ
879 2019 1033 2086 δίκης
1073 2019 1252 2086 ἄξιον,
1299 2018 1387 2071 καὶ
1433 2019 1612 2087 σαφὴς
1649 2018 1682 2086 ἡ
1721 2035 1853 2086 προ-

167 2107 325 2157 δοσιά
372 2104 460 2158 καὶ
509 2107 844 2159 κεκολάσθαι
890 2115 1042 2176 χρῆν.
1132 2106 1213 2158 18.
1267 2108 1338 2175 μὴ
1388 2102 1493 2159 οὖν
1540 2106 1573 2158 ἃ
1619 2113 1719 2158 τοῦ
1758 2112 1853 2173 τῆς

164 2368 205 2411 Π
230 2315 314 2412 29}
341 2310 458 2412 11³³?ss
478 2311 590 2366 Rep.
609 2311 650 2353 X
667 2327 710 2367 p.
724 2315 808 2354 600
820 2310 871 2354 D.
898 2310 1121 2354 Themisb.
1141 2323 1204 2353 or.
1225 2309 1330 2353 XXI
1353 2314 1533 2366 p.254a
1656 2315 1708 2352 12
1742 2308 1799 2352 cf.
1817 2310 1850 2353 b.

319 2405 328 2421 ,
422 2384 487 2424 sq.

285 2565 307 2603 1
341 2561 573 2616 μονονοὺκ
606 2560 673 2604 Re
794 2566 819 2605 5
853 2560 1014 2616 μικρά;
1047 2562 1114 2605 Re
1198 2560 1351 2618 μικρά.
1386 2561 1431 2603 Ρ
1511 2559 1651 2617 μικρὰ
1682 2558 1852 2615 reliqui

166 2618 275 2662 libri
307 2619 438 2675 Bong
465 2623 470 2675 Ι
510 2618 739 2675 δεσπότην
772 2622 856 2664 Mo
885 2623 890 2676 Ι
918 2618 966 2665 δ’
995 2617 1080 2664 οὖν
1113 2622 1158 2664 Ρ
1187 2620 1268 2664 sed
1299 2633 1373 2663 ras
1407 2626 1432 2662 2
1464 2619 1543 2662 litt
1573 2620 1681 2675 post
1709 2636 1751 2672 ν,
1782 2618 1852 2662 Re

225 2679 392 2721 δοῦναι
422 2678 591 2733 reliqui
623 2677 732 2721 libri
763 2678 896 2735 Bong
1031 2686 1055 2722 9
1090 2679 1140 2724 δὲ
1173 2679 1240 2722 Re
1385 2683 1438 2722 10
1474 2678 1632 2723 ἔσεσθε
1665 2677 1738 2720 Ρα
1770 2676 1852 2720 sed.

167 2753 220 2792 γρ
254 2736 443 2780 ἔσεσθαι
474 2738 522 2779 in
546 2750 679 2793 marg
702 2737 771 2779 m²
894 2743 946 2781 11
978 2735 1106 2781 τοῦτ’
1134 2737 1321 2794 reposui
1344 2750 1369 2780 e
1396 2738 1655 2782 OMoAPB
1716 2742 1850 2779 τοῦτο

168 2796 258 2837 ΙΜ
278 2795 410 2852 Bong
469 2802 634 2839 τοῦτον
667 2796 734 2839 Re
857 2800 910 2839 13
941 2797 1065 2846 τινὲς
1095 2798 1129 2840 Ι
1257 2801 1308 2840 15
1343 2802 1477 2852 „post
1507 2793 1642 2853 ἀργοί
1674 2795 1852 2838 videtur

166 2851 406 2908 μείναντες
436 2855 502 2898 vel
533 2856 621 2897 tale
652 2855 764 2910 quid
794 2855 965 2899 deesse“
999 2855 1066 2899 Re
1219 2859 1272 2898 17
1305 2853 1365 2899 ἂν
1397 2869 1472 2898 om
1502 2856 1536 2898 I
1685 2858 1738 2896 22
1771 2853 1852 2896 καὶ

167 2925 243 2954 0111
272 2914 301 2954 I
325 2916 331 2968 Ι
358 2919 473 2969 χρῆν
506 2913 670 2968 scripsi
732 2913 868 2970 ἐχρῆν
899 2913 1007 2958 libri
1039 2914 1130 2957 edd
1158 2917 1164 2970 Ι
1190 2921 1272 2957 τοῦ
1305 2928 1378 2956 om
1413 2915 1496 2958 Mo
