1992 3094
192 79 302 132 466
706 75 934 119 LIBANH
965 73 1189 119 ORATIO
1221 73 1366 117 XLIX

194 215 403 283 ἀρκοῦν
449 213 525 274 εἰς
572 212 892 281 φιλοτιμίαν
939 209 1044 263 ἀπὸ
1092 216 1186 276 τῆς
1217 206 1480 271 Ἑλλάδος
1527 215 1717 276 φωνῆς
1763 216 1885 271 ταῖς
1938 198 1944 207 ’
1988 274 1992 292 1

194 304 415 370 πατρίσι
453 302 700 368 βοηθεῖν.
771 297 860 351 καὶ
901 298 1069 351 οὐδὲν
1108 298 1296 350 δεινὸν
1330 294 1530 365 ἔπασχε
1565 296 1885 364 Φασγάνιος

195 390 399 452 ἐκεῖνος
438 386 508 442 δι’
542 386 820 458 ἑρμηνέων
859 397 974 448 τοῖς
1005 387 1237 455 ἄρχουσι
1278 386 1713 454 συγγιγνόμενος
1752 383 1876 438 οὐδ’

197 480 445 546 ἰλιγγιῶν
491 475 719 545 ἑωρᾶτο,
768 473 888 528 οὐδ’
927 476 985 527 οἱ
1029 484 1140 527 τῶν
1171 471 1450 542 Ῥωμαίων
1487 474 1648 544 ἄκροι
1693 480 1770 546 τῷ
1808 474 1882 542 μὴ
1939 494 1943 507 ³

151 587 171 621 5
195 568 294 635 τὴν
325 565 547 618 Ἰταλῶν
585 568 831 632 γλῶτταν
878 563 1156 632 εὑρίσκειν
1193 560 1321 632 παρ’
1361 560 1552 634 ἐκείνω
1592 570 1780 633 χεῖρον
1816 569 1884 631 τῇ

194 657 349 708 πόλει
391 654 457 706 τὰ
495 654 781 722 πράγματα
820 654 966 721 ἔχειν
1003 649 1273 720 ἔφασκον,
1321 650 1440 704 ἀλλ’
1480 651 1654 714 οὕτως
1701 649 1884 720 ἀνεῖχε
1940 674 1943 675 ’

195 744 293 811 τὴν
346 743 555 810 βουλὴν
607 739 697 794 καὶ
751 741 852 808 τὴν
905 742 1071 793 πόλιν
1123 738 1215 792 καὶ
1265 740 1479 810 προϊὼν
1533 737 1887 810 ἐνδοξότερος

107 844 309 887 RH586
343 829 587 898 ἐγίγνετο
627 827 755 882 καθ’
795 827 1028 896 ἑκάστην
1069 828 1075 898 Ι
1116 827 1342 899 ἡμέραν,
1383 826 1507 881 ὥστ’
1549 828 1735 891 οὐδεὶς
1771 837 1887 880 τῶν
1940 875 1943 878 ,

197 919 476 988 ἀρχόντων
515 916 636 986 οὐχὶ
681 919 998 985 Φασγάνιος
1037 920 1248 985 μᾶλλον
1287 917 1319 986 ἢ
1360 917 1530 986 ὅσπερ
1570 913 1641 985 ἦν
1678 918 1888 986 ἤθελεν
1942 918 1946 922 ’

132 1029 174 1062 ιο
199 1002 352 1061 εἶναι.
413 1005 502 1059 καὶ
535 1007 638 1075 γάρ
667 1026 752 1059 τοι
784 1009 995 1073 μᾶλλον
1026 1005 1228 1059 ἐκεῖνοι
1259 1013 1461 1059 τοῦτον
1485 1005 1886 1067 ἐπανελθόντες
1948 1025 1950 1030 ·

197 1097 230 1165 ἢ
268 1097 361 1148 ὅδε
401 1094 643 1157 ἐκείνους
680 1093 862 1161 μένων
901 1093 1187 1161 ἐθαύμαζε.

308 1183 391 1236 30.
446 1186 714 1236 Δότωσαν
761 1185 955 1236 τοίνυν
1001 1183 1119 1236 οἵδε
1155 1167 1350 1253 δίκην,
1399 1180 1441 1237 ὦ
1487 1186 1742 1252 βασιλεῦ,
1789 1189 1888 1252 τῆς
1952 1203 1953 1206 ’

197 1275 401 1340 πολλῆς
439 1273 717 1341 εἰρωνείας
748 1269 838 1323 καὶ
876 1271 1206 1340 μαθέτωσαν
1237 1273 1310 1341 μὴ
1345 1273 1411 1325 τὰ
1443 1272 1628 1325 αὑτῶν
1665 1271 1884 1338 ἀδίκως,

198 1361 262 1412 τὰ
309 1360 370 1413 δὲ
415 1361 575 1413 κοινὰ
627 1369 738 1412 τῶν
791 1362 1005 1414 πόλεων
1059 1361 1283 1424 δικαίως
1337 1359 1539 1424 αὔξειν.
1631 1368 1738 1414 νῦν
1783 1360 1889 1429 μὲν
1951 1352 1956 1354 ’

134 1469 175 1502 15
199 1450 302 1518 γὰρ
358 1447 616 1517 ἀσφαλῶς
660 1451 1094 1518 πονηρευόμενοι
1149 1454 1454 1517 πολεμοῦσι
1506 1459 1623 1514 τοῖς
1676 1447 1888 1519 συμφέε-

200 1553 362 1606 ρουσι
399 1545 509 1589 τῶν
547 1538 852 1606 πατρίδων,
901 1539 1090 1600 δόντες
1130 1535 1191 1591 δὲ
1239 1539 1401 1607 δίκην
1439 1539 1746 1592 παύσονται
1783 1545 1888 1592 τοῦ

199 1625 265 1677 τὰ
309 1632 534 1677 τοιαῦτα
581 1629 797 1679 πωλεῖν.
880 1626 966 1678 31.
1021 1626 1214 1699 πρῴην
1255 1647 1339 1690 τις
1384 1626 1608 1696 ἤγγειλέ
1649 1647 1743 1696 μοι
1787 1627 1890 1680 τὸν

202 1712 371 1764 αὐτὸν
410 1714 712 1782 ἄνθρωπον
752 1714 813 1767 ἐν
849 1722 1016 1786 μικρᾷ
1055 1735 1166 1769 τινι
1205 1718 1363 1770 πόλει
1401 1717 1468 1769 τά
1505 1715 1551 1769 τ’
1590 1717 1757 1769 ἔνδον
1793 1713 1886 1769 καί

202 1801 267 1852 τὰ
322 1809 433 1853 τῶν
493 1812 688 1871 τειχῶν
742 1801 840 1866 ἔξω
897 1805 1131 1858 διοικεῖν
1184 1806 1273 1858 καὶ
1335 1806 1542 1868 πολλὰς
1595 1807 1740 1874 ἔχειν
1791 1805 1891 1868 τὰς

137 1909 181 1942 20
203 1887 378 1951 τάξεις
437 1889 527 1942 καὶ
561 1879 959 1962 ’προσηγορίας
1020 1894 1440 1962 εἰσπράττοντα,
1509 1901 1625 1956 τοῖς
1683 1891 1886 1946 ἑαυτοῦ
1955 1909 1962 1937 ’-

204 1978 435 2045 χρήμασι
483 1983 720 2033 λοῦσθαι
774 1990 889 2043 τοῖς
935 1980 1046 2034 ἐκεῖ
1089 1981 1423 2051 παρέχοντα,
1475 1982 1574 2035 τὸν
1620 1980 1669 2034 δ’
1716 1982 1891 2036 αὐτὸν
1962 2031 1965 2046 ,Ἴ

204 2063 451 2134 ἀμφορέα
498 2069 735 2135 λαβόντα
781 2068 1019 2136 βαλανέα
1069 2070 1357 2138 γενέσθαι,
1411 2068 1502 2122 καὶ
1548 2076 1623 2142 τῷ
1661 2070 1891 2140 ἄρχοντι

204 2157 393 2220 θαῦμα
437 2162 599 2208 τοῦτο
647 2154 892 2224 ἐνεγκεῖν
937 2156 1137 2227 ὁρῶντι
1185 2159 1284 2212 τὸν
1328 2161 1760 2226 πολιτευόμενον
1797 2157 1891 2211 καὶ

323 2302 348 2340 2
375 2297 857 2357 of.t.181‚13;404‚17
885 2304 932 2346 et
949 2303 1008 2345 ad
1024 2308 1216 2360 p.215‚1
1349 2302 1890 2359 2osq.0f.t.1249‚15sq.
1968 2324 1971 2350 ς

280 2474 296 2516 ἰ
324 2420 349 2458 2
380 2416 582 2471 πατράσι
615 2418 651 2463 Ο
674 2420 680 2475 1
708 2419 867 2464 δεινὸν
899 2433 975 2464 om
1001 2422 1062 2465 M
1081 2421 1213 2478 Bong
1334 2425 1359 2465 3
1393 2419 1722 2479 συγγινόμενος
1746 2421 1829 2466 OB

257 2488 276 2515 ε

208 2521 233 2558 4
252 2517 468 2583 ,ἰλιγγιῶν
500 2521 545 2563 Α
606 2520 833 2579 εἰλιγγιῶν
863 2522 932 2566 Re
1053 2528 1078 2567 5
1110 2532 1201 2567 τῶν
1232 2525 1268 2567 Ι
1381 2529 1406 2568 9
1441 2522 1702 2581 φασγάνιος
1731 2524 1778 2568 Ρ
1805 2522 1890 2568 sed

210 2591 226 2616 ι
249 2589 298 2618 m
320 2589 396 2619 ras
418 2576 487 2619 m'
549 2578 813 2635 Φασγάνιον
836 2581 970 2639 Bong
1091 2587 1143 2626 11
1178 2583 1441 2640 ἐθαύμαζεν
1464 2584 1510 2628 A
1633 2587 1686 2626 12
1719 2579 1818 2627 οἶδε
1841 2582 1889 2627 Α.

270 2638 322 2678 18
347 2636 491 2679 αὐτοῦ
518 2637 554 2681 0
612 2638 764 2682 αὐτῶν
788 2640 822 2682 Ι
937 2645 992 2684 14
1015 2643 1122 2697 post
1146 2640 1198 2686 δὲ
1221 2655 1296 2685 ras
1321 2647 1347 2685 2
1371 2642 1451 2686 litt
1475 2642 1521 2685 P
1638 2645 1692 2685 16
1721 2637 1888 2697 πατρί·
1980 2678 1992 2699 j

210 2694 302 2735 δων
337 2694 375 2738 G
401 2693 467 2737 Re
528 2694 736 2752 πατρίων
766 2697 936 2753 reliqui
966 2699 1076 2742 libri
1107 2700 1240 2757 Bong
1280 2702 1287 2757 Ι
1330 2700 1509 2745 δόντων
1543 2700 1581 2746 G
1743 2704 1797 2743 17
1827 2698 1892 2743 τὰ
1983 2700 1992 2756 ³}

209 2763 283 2850 {318
303 2752 538 2852 ,Ιὲπρώην
562 2755 745 2799 ΡΙΒΜ
762 2756 895 2813 Bong
939 2756 1009 2808 τίς
1032 2759 1078 2802 Β
1199 2763 1253 2803 18
1286 2761 1367 2803 καὶ
1390 2759 1465 2817 τὰ]
1491 2759 1572 2803 καὶ
1595 2757 1654 2803 τά
1674 2774 1724 2802 τε
1747 2755 1808 2816 (τ’
1834 2759 1887 2815 I)
1985 2772 1992 2784 ⁹

277 2823 317 2852 n

210 2867 289 2910 καὶ
320 2869 355 2911 Ι
466 2874 521 2912 23
552 2878 687 2915 τοῦτο
718 2875 883 2930 θαῦμα
914 2875 949 2917 Ι

379 2823 471 2868 ong
530 2811 588 2856 τά
617 2829 664 2857 τε
696 2813 765 2858 Re
823 2831 872 2859 τε
937 2816 1055 2861 elevi
1177 2822 1230 2861 19
1263 2817 1347 2871 ἔξω
1379 2825 1472 2863 τῶν
1502 2825 1665 2877 τειχῶν
1695 2819 1732 2861 Ι
1751 2819 1758 2874 Ι
1784 2816 1891 2875 τὰς]
1983 2792 1992 2810 '
