1992 3094
179 107 289 158 312
704 103 933 146 LIBANII
964 101 1187 146 ORATIO
1219 101 1341 144 XLII

182 241 348 310 ἀρχὰς
373 240 586 303 ἀξιοῦσι
618 244 898 308 τιμᾶσθαι.
961 238 1049 290 καὶ
1083 237 1266 299 οὐδεὶς
1298 237 1441 290 οὕτω
1474 246 1586 289 τῶν
1617 235 1869 306 πατέρων

181 331 278 383 τὸν
318 331 493 398 ἄνδρα
532 329 826 397 ἠγνόηκεν,
873 327 945 389 ὡς
984 327 1054 395 μὴ
1102 329 1233 388 τοὺς
1279 326 1479 388 παῖδας
1524 327 1653 387 τοὺς
1694 325 1867 378 αὑτοῦ

184 419 497 471 Θαλασσίου
529 420 740 486 μᾶλλον
779 417 811 485 ἢ
850 423 949 468 τοῦ
983 416 1376 483 γεγεννηκότος
1415 413 1681 478 εὔξασθαι
1721 414 1868 482 γενέ·

183 512 316 558 σθαι
355 506 616 573 μαθητάς.
686 505 822 557 ἀλλὰ
857 506 966 572 μὴν
1001 503 1085 556 ὅτι
1125 503 1225 570 μὲν
1257 505 1566 572 φιλόσοφος
1596 502 1866 571 κέκληται,

138 616 157 648 5
182 597 369 662 γνοίης
409 593 478 647 ἂν
517 594 743 663 ῥᾳδίως,
783 589 896 661 <ὧ>
935 595 1188 660 βασιλεῦ,
1237 592 1329 643 διὰ
1375 594 1552 644 ποίων
1591 588 1652 644 δὲ
1695 609 1868 660 πραγ-

180 683 365 751 μάτων
404 681 645 751 κτήσαιτ’
684 683 753 735 ἄν
791 702 871 744 τις
911 683 1011 749 τὴν
1049 683 1450 751 προσηγορίαν,
1495 681 1596 733 οὐκ
1636 679 1868 747 ἀγνοεῖς.

295 772 375 823 10.
451 774 660 824 Τοῦτον
712 766 815 823 οὖν
866 770 968 823 οὐκ
1019 772 1259 822 εἰσιόντα
1310 767 1502 822 ἑκόντα
1550 777 1689 838 χρῆν
1740 768 1867 822 ἀπε-

182 863 422 923 λαύνειν,
462 859 599 911 ἀλλὰ
638 857 727 911 καὶ
767 860 839 927 μὴ
879 855 1224 927 βουλόμενον
1263 858 1506 926 εἰσάγειν
1553 860 1777 910 οἴεσθαί
1810 876 1868 910 τε

90 960 131 1002 R
150 959 294 1003 H394
328 948 544 1000 διδόναι
576 967 627 1000 τι
659 951 870 1016 μᾶλλον
895 945 1120 1014 αὐτὸνῆ
1158 947 1164 1015 Ι
1200 946 1501 1015 λαμβάνειν
1523 945 1613 999 καὶ
1641 953 1870 1012 κοσμεῖν

115 1058 155 1089 ιο
178 1041 388 1102 μᾶλλον
425 1036 457 1104 ἢ
504 1042 833 1105 κοσμεῖσθαι
877 1025 967 1088 καὶ
1014 1037 1231 1102 μείζους
1268 1043 1450 1088 ποιεῖν
1489 1035 1520 1104 ἢ
1560 1036 1868 1104 γίγνεσθαι.

179 1123 428 1193 ἐνθυμοῦ
470 1125 596 1194 γάρ,
646 1118 768 1177 οἷον
811 1124 880 1178 ἂν
918 1121 1013 1192 ἧν,
1061 1121 1102 1177 ὦ
1143 1127 1396 1192 βασιλεῦ,
1444 1125 1504 1177 τὸ
1553 1122 1867 1193 συνέδριον,

179 1213 279 1265 οὐκ
331 1215 407 1276 εἰς
457 1213 747 1282 χρημάτων
798 1212 937 1281 λέγω
991 1214 1184 1281 λόγον,
1236 1210 1357 1265 ἀλλ’
1397 1213 1474 1275 εἰς
1522 1214 1768 1281 τρόπων,
1821 1213 1869 1265 εἰ

177 1303 352 1373 τούτῳ
403 1302 600 1364 πάντες
654 1300 906 1374 ἐῴκεσαν.
994 1307 1151 1370 ἴσμεν
1203 1299 1262 1354 δὲ
1311 1300 1403 1354 καὶ
1453 1302 1554 1370 τὴν
1602 1302 1871 1370 Σπάρτην

178 1390 600 1459 θαυμαζομένην
639 1390 745 1443 ὑπὸ
787 1400 897 1443 τῶν
944 1389 1005 1443 ἐν
1043 1391 1262 1462 πλούτῳ
1308 1393 1523 1443 πόλεων
1562 1390 1734 1459 αὐτὴν
1774 1391 1867 1458 δη-

113 1499 152 1531 16
176 1482 341 1549 μοσίᾳ
387 1479 694 1547 πενομένην
740 1479 1084 1548 πειθομένη-ν
1122 1486 1196 1552 τῷ
1235 1486 1366 1553 θεῷ.
1443 1474 1584 1532 εἶναι
1625 1475 1726 1548 μὲν
1765 1474 1870 1531 οὗν

178 1569 306 1629 τοὺς
361 1565 421 1620 ἐν
474 1576 537 1637 τῇ
591 1571 765 1638 βουλῇ
826 1570 1140 1622 Θαλασσίου
1194 1568 1402 1630 πάντας
1456 1567 1870 1636 εὐπορωτέρους

179 1654 443 1723 ὁμολογῶ,
485 1653 625 1709 εἶναι
667 1656 732 1709 δέ
767 1676 891 1709 τινα
930 1657 1094 1710 τοῦδε
1134 1658 1476 1723 δικαιότερον
1515 1657 1581 1709 οὔ
1623 1676 1777 1724 φημι.

294 1744 374 1796 11.
445 1746 560 1797 Τὸν
611 1746 677 1813 δὴ
726 1753 982 1798 τοιοῦτον
1022 1744 1278 1808 Ὀπτάτος
1333 1744 1600 1813 άπεώθει,
1654 1747 1735 1807 τίς
1789 1745 1869 1797 ὢν

179 1832 364 1896 αὐτός;
404 1836 553 1896 τίνος
589 1833 850 1902 ἀμείνων;
889 1836 1039 1896 τίνος
1072 1834 1138 1886 οὐ
1171 1836 1391 1904 χείρων;
1431 1836 1486 1886 τί
1522 1834 1694 1886 καλὸν
1725 1831 1870 1902 ἔχων

113 1941 155 1973 ‘20
180 1921 353 1973 εἰπεῖν
391 1921 528 1991 ὑπὲρ
570 1922 765 1986 αὑτοῦ;
805 1922 865 1984 ὃς
903 1922 1066 1991 ἡνίκα
1104 1919 1206 1990 μὲν
1246 1921 1524 1991 ἐμάνθανε
1563 1923 1866 1991 γράμματα,

177 2011 322 2075 μίσει
355 2015 428 2081 τῷ
454 2012 668 2063 τούτων
700 2010 945 2079 ἀποδρὰς
973 2016 1051 2074 εἴς
1082 2031 1207 2064 τινα
1237 2011 1574 2080 καταφυγὼν
1605 2011 1870 2079 αἱμασιὰν

179 2098 350 2149 ἔκειτο
383 2096 473 2150 καὶ
507 2099 608 2151 οὐκ
641 2098 874 2167 ἐζητεῖτο
907 2109 1023 2162 τοῖς
1053 2105 1208 2162 θεοῖς
1239 2109 1351 2152 τῶν
1386 2099 1597 2167 γονέων
1637 2100 1869 2152 εἰδότων

177 2185 337 2253 χάριν
383 2195 497 2248 τοῖς
543 2187 714 2239 αὐτὸν
761 2186 1106 2254 ἐκβαλοῦσιν.
1190 2189 1223 2256 ἡ
1270 2188 1476 2257 τροφὸς
1525 2188 1586 2241 δὲ
1640 2186 1868 2256 ἐθρήνει

177 2272 294 2340 μέν,
334 2272 559 2343 ἐθρήνει
600 2276 660 2328 δὲ
706 2276 767 2328 τὸ
812 2277 884 2344 μὴ
925 2282 1265 2346 θρηνεῖσθαι
1304 2278 1450 2345 παρὰ
1490 2284 1611 2329 τοῖν
1649 2275 1868 2329 τοκέοιν

295 2453 321 2490 4
355 2447 459 2504 ef.p
466 2453 592 2503 ,,289
607 2455 680 2502 11;
707 2455 806 2505 315,
818 2455 844 2494 5
943 2456 995 2493 15
1030 2451 1086 2494 cf.
1104 2453 1136 2494 t.
1155 2451 1218 2494 IV
1236 2455 1336 2504 981,
1348 2451 1440 2495 6R.
1467 2450 1593 2507 Tyrt.
1613 2450 1667 2494 fr.
1687 2455 1712 2493 3
1739 2450 1866 2507 apud
1944 2474 1948 2475 ν

179 2505 310 2549 Diod.
339 2506 424 2550 Sic
436 2507 584 2552 V113
617 2509 737 2552 Plut.
764 2509 870 2565 Lyc.
897 2513 952 2552 30

297 2673 321 2710 2
355 2669 497 2713 αὑτοῦ
531 2670 597 2713 Re
660 2671 804 2714 αὐτοῦ
836 2670 947 2714 libri
979 2672 1112 2729 Bong
1245 2677 1269 2714 3
1302 2675 1438 2716 τοῦδε
1465 2672 1532 2715 Va
1653 2676 1679 2714 4
1711 2674 1865 2726 καθη·

178 2726 318 2782 γητάς
351 2729 408 2771 M
431 2728 564 2803 Bong
595 2729 675 2783 qui
708 2730 925 2796 μαθητάς
956 2743 1012 2773 ex
1042 2732 1078 2774 I
1101 2731 1419 2803 reponendum
1451 2730 1555 2774 coni
1610 2733 1615 2787 Ι
1674 2730 1757 2787 μὲν
1789 2743 1863 2772 om

178 2785 309 2856 Bong
437 2792 461 2829 5
495 2783 528 2830 ὦ
563 2787 735 2830 inserui
868 2793 920 2832 10
953 2804 1064 2832 num
1097 2794 1312 2844 μειζοναῗ
1447 2794 1498 2832 11
1532 2789 1583 2833 τὸ
1617 2787 1863 2843 συνέδριον

179 2839 212 2885 ὦ
238 2845 423 2900 βασιλεῦ
447 2846 583 2889 ΙΒΜ
607 2847 740 2903 Bong
861 2852 911 2890 17
940 2846 1116 2891 εἰδέναι
1144 2849 1180 2892 G
1204 2851 1208 2904 Ι
1235 2849 1402 2892 τούτου
1431 2848 1511 2893 CB
1633 2853 1688 2890 20
1714 2847 1864 2891 εἰπεῖν

179 2901 294 2958 ἔχων
323 2904 364 2946 V
401 2906 405 2958 Ι
449 2905 591 2948 αὐτοῦ
624 2906 668 2948 Β
791 2910 845 2948 23
880 2906 1176 2963 ἐκβάλλουσιν
1205 2908 1247 2951 V
