1992 3094
400 106 629 152 LIBANII
661 105 887 151 ORATIO
920 105 1038 151 PRO
1071 104 1456 150 RHETORIBUS
1680 104 1783 157 123

95 251 243 300 etiam
273 265 474 297 manum
506 246 771 296 secundam
809 247 1150 295 correctricem
1189 261 1318 307 quae
1356 246 1436 293 hic
1466 246 1570 294 illic
1607 246 1659 294 in
1692 244 1783 294 Pa-

94 326 247 374 risino
278 323 582 385 conspicitur
612 321 808 369 Morelli
838 320 994 382 ipsius
1025 320 1176 368 fuisse
1210 321 1429 368 conicere
1461 320 1590 368 licet.
1653 321 1784 368 Nam

100 399 163 447 ad
202 403 258 466 τῇ
297 413 345 460 p.
374 398 495 456 132,
518 396 583 443 13
624 395 864 457 scriptum
904 397 979 442 est
1016 394 1133 453 ἴσως
1171 401 1233 463 γῇ
1274 410 1423 441 manu
1470 394 1682 442 secunda
1732 396 1783 442 in

94 473 315 535 margine
353 469 569 519 Parisini
609 472 661 517 et
697 469 929 517 editionis
968 468 1292 516 Morellianae
1339 468 1595 530 multaque
1634 484 1784 516 manu

95 548 254 609 prima
292 545 344 592 in
382 543 609 592 Parisino
650 543 831 591 omissa
868 543 948 591 vel
987 558 1245 605 perperam
1285 542 1470 604 scripta
1516 558 1665 590 manu
1712 558 1782 591 se-

95 620 255 668 cunda
290 618 521 681 suppleta
551 617 632 665 vel
664 620 884 666 correcta
923 619 1041 666 sunt
1070 620 1130 665 ut
1159 617 1211 663 in
1238 619 1326 664 Mo
1357 617 1606 680 leguntur,
1644 621 1700 666 ut
1730 618 1782 668 τὸ

97 691 185 758 μὲν
215 700 412 759 πρᾶγμα
443 709 490 754 p.
512 692 737 752 138,15;
776 695 901 739 θεοῦ
939 709 987 754 p.
1016 693 1239 751 144‚15;
1280 690 1489 756 χρηστὸν
1519 693 1572 739 in
1603 691 1783 756 χρυσὸν

94 771 143 816 et
180 766 305 832 ἐρῶν
349 768 403 814 111
440 765 489 824 ἐξ
521 758 591 814 ὧν
631 781 740 813 corr
771 759 844 813 1112
881 782 929 827 p.
959 767 1165 825 14Ο,13
1208 769 1258 813 et
1301 768 1419 825 146,
1448 767 1529 814 19.

204 842 380 904 Itaque
410 841 558 903 plena
583 840 916 902 discrepantia
947 839 1218 888 lectionum
1242 840 1390 887 huius
1415 840 1612 900 codicis,
1644 857 1783 902 prae-

94 915 264 965 sertim
295 931 403 963 cum
436 917 631 977 partem
661 916 859 962 tantum
891 915 1131 962 orationis
1164 914 1447 974 servaverit,
1488 916 1784 976 apparatum

95 991 319 1039 criticum
358 1004 563 1037 onerare
609 988 770 1048 nolui,
825 988 910 1036 sed
956 988 1134 1051 quibus
1180 988 1232 1035 id
1277 989 1456 1036 referre
1503 991 1663 1038 visum
1710 991 1784 1037 est

94 1064 214 1112 locis
254 1079 334 1112 eas
376 1066 599 1112 enotasse
640 1063 762 1125 satis
800 1062 967 1111 habui.

204 1136 437 1186 Pauculis
476 1139 606 1186 notis
646 1153 802 1199 aeque
842 1140 990 1199 atque
1022 1137 1212 1186 duabus
1245 1137 1470 1200 epistulis
1502 1138 1702 1187 Libanii
1734 1141 1783 1187 et

95 1211 392 1260 carminibus
423 1211 724 1260 Ausonianis
764 1213 956 1260 omissis
991 1211 1230 1260 Morellus
1269 1212 1395 1261 hane
1426 1212 1693 1261 editionem
1731 1213 1782 1260 in

94 1286 291 1334 Libanii
330 1301 533 1348 operum
570 1287 707 1334 tomo
748 1286 960 1334 secundo
999 1303 1047 1347 p.
1074 1287 1289 1334 85—99
1330 1288 1578 1348 repetivit.

207 1359 458 1407 Permulta
496 1361 600 1408 eius
638 1360 764 1408 vitia
802 1360 1072 1408 divinando
1112 1362 1308 1408 sanavit
1347 1360 1626 1409 Reiskius
1662 1361 1781 1408 Ani-

95 1434 496 1482 madversionum
535 1434 785 1483 volumine
826 1436 1000 1496 quinto
1039 1451 1087 1496 p.
1115 1435 1348 1496 94—98,
1386 1435 1534 1496 plura
1573 1450 1663 1497 ope
1704 1451 1782 1483 co-

94 1507 258 1556 dicum
288 1507 571 1573 Augustani
604 1511 654 1556 et
682 1508 993 1557 Monacensis
1032 1510 1084 1556 in
1124 1508 1340 1557 editione
1380 1525 1507 1571 quae
1541 1509 1601 1556 ab
1633 1525 1782 1557 uxore

24 1583 41 1589 ”
93 1583 198 1630 eius
236 1582 388 1644 prelis
426 1582 686 1632 commissa
725 1585 800 1631 est
837 1586 873 1630 t.
898 1582 949 1630 H
979 1600 1027 1645 p.
1054 1585 1360 1632 204—223.

205 1656 348 1704 Hanc
385 1657 638 1706 nonnullis
670 1657 792 1706 locis
825 1657 1056 1706 correctis
1096 1660 1145 1705 et
1177 1657 1392 1720 eleganti
1424 1658 1646 1705 versione
1678 1658 1782 1721 gal-

99 1730 195 1778 lica
234 1730 405 1778 addita
441 1732 678 1793 repetivit
707 1731 1051 1779 Monnerius
1070 1725 1111 1797 l)
1153 1731 1368 1779 editione
1407 1732 1541 1794 typis
1582 1731 1782 1792 quidem

95 1804 331 1852 mandata
367 1805 454 1853 sed
491 1821 747 1868 nunquam
789 1806 922 1853 foras
961 1807 1112 1854 missa
1150 1822 1198 1868 p.
1226 1806 1420 1853 2—43.
1499 1804 1648 1853 Cuius
1687 1806 1783 1853 nisi

96 1893 127 1926 a
166 1878 433 1927 Reiskiana
470 1879 669 1939 recedit,
708 1879 1010 1927 mentionem
1047 1895 1147 1927 non
1184 1879 1293 1928 feci.

206 1951 372 2001 Pauca
410 1953 536 2001 vitia
575 1954 787 2002 correxit
827 1953 1116 2014 Sintenis,
1156 1954 1301 2016 plura
1342 1952 1610 2002 Cobetus.

218 2080 258 2135 1)
292 2077 356 2123 Cf.
382 2078 454 2122 t.I
477 2095 522 2136 p.
543 2084 596 2123 15
628 2082 724 2124 not.
744 2086 782 2124 l.
