1992 3094
506 83 736 128 LIBANII
768 84 993 132 ORATIO
1025 86 1105 131 DE
1137 88 1517 135 PATROGINIIS
1749 92 1859 145 419

164 219 360 285 ὄντων,
393 227 593 287 μικροῦ
623 221 903 290 τοῦδαφος
931 222 937 292 Ι
966 223 1113 277 ἅπαν
1144 223 1353 294 ὁρᾶται,
1385 226 1447 278 τὸ
1476 228 1710 295 κρυπτό-
1742 240 1782 283 R
1801 239 1947 286 11520

164 325 335 375 μενον
382 307 443 360 δὲ
489 307 695 376 ὀλίγον.
780 309 935 379 ὑμεῖς
986 312 1048 365 δὲ
1098 311 1379 382 ἀμφότερα
1433 315 1638 378 εἰδότες
1691 313 1859 369 οὐδὲν

163 393 391 448 ἐκείνων
452 394 539 449 ἐπὶ
599 399 729 461 τοὺς
790 398 1066 468 πολέμους
1127 400 1331 469 ἕλκετε,
1394 401 1531 455 ἀλλὰ
1590 403 1859 472 κειμένων

163 483 436 553 ἀπέχεσθε
471 484 563 538 καὶ
602 494 774 539 ταῦτα
813 489 975 551 ὄντος
1006 492 1274 557 λογισμοῦ
1313 499 1413 544 τοῦ
1453 501 1858 561 παραινοῦντος

162 573 447 626 ἅπτεσθαι.
526 574 611 627 30.
670 575 843 644 ἡδέως
890 575 938 630 δ’
977 576 1047 630 ἂν
1093 579 1307 647 ἠρόμην
1353 579 1555 643 αὐτοὺς
1602 579 1857 636 ἐναντίον
1902 604 1922 637 5

162 662 328 715 τοῦδε
366 670 466 715 τοῦ
506 665 748 732 θρόνου,
796 667 851 718 τί
887 666 977 719 καὶ
1020 668 1278 735 βούλεται
1302 669 1377 733 >τὸ
1416 673 1631 737 πλῆθος
1671 670 1858 734 αὐτοῖς

163 751 376 804 τούτων
430 761 542 804 τῶν
589 754 880 822 χρημάτων
925 756 1016 808 καὶ
1070 758 1153 818 τίς
1208 756 1237 809 ὁ
1292 764 1428 820 νοῦς
1480 767 1591 810 τῶν
1646 769 1855 829 σωρῶν.

163 840 289 893 οὔτε
326 841 430 910 γὰρ
463 841 779 911 θυγατέρας
810 843 1062 911 λέγοντες
1100 844 1315 912 λέγοιεν
1354 847 1423 898 ἄν
1454 866 1506 899 τι
1539 845 1668 900 οὔθ’
1698 848 1856 911 υἱοὺς

162 929 289 981 οὔτε
324 929 535 998 γάμους
574 930 606 999 ἢ
647 929 862 984 ’κείνων
899 932 932 1001 ἢ
972 934 1186 986 τούτων
1225 935 1351 987 οὔτε
1384 935 1578 1003 καιρὸν
1609 936 1686 998 εἰς
1718 936 1855 989 ὑπά-

160 1036 292 1080 τους
340 1018 546 1086 ἀγοντα
589 1019 710 1072 οὐδ’
750 1022 924 1089 ἄλλην
963 1022 1243 1090 ἄμεμπτον
1282 1024 1535 1091 δαπάνην
1573 1024 1852 1093 οὐδεμίαν.
1879 1047 1921 1080 ιο

161 1105 476 1175 ἀναγκάζετ’
523 1103 649 1161 οὖνι
675 1107 757 1161 ἐπ’
805 1110 1023 1179 ἐκείνην
1070 1109 1210 1164 ἱέναι
1254 1110 1345 1165 καὶ
1399 1113 1496 1165 τὸν
1543 1113 1611 1165 οὐ
1656 1114 1852 1181 βουλό-

160 1215 347 1264 μενον,
393 1195 464 1264 ἣν
511 1193 643 1250 οὐδὲ
683 1200 820 1269 ὄναρ
861 1197 1079 1252 ἐννοεῖν
1126 1199 1380 1269 ἀσφαλές.
1458 1201 1632 1264 οὕτως
1678 1207 1734 1254 εἴ
1771 1222 1854 1265 τις

159 1284 303 1353 ὑμᾶς
343 1284 404 1338 έν
444 1283 693 1340 ἐλάττοσι
735 1289 1040 1356 ποιήσειεν,
1088 1288 1375 1357 εὐεργέτης
1413 1288 1483 1343 ἂν
1521 1295 1602 1358 εἴη
1641 1295 1853 1357 μᾶλλον

159 1371 193 1441 ἢ
234 1374 282 1426 εἰ
321 1373 499 1427 πάντα
539 1375 680 1444 δοίη.
756 1375 842 1429 31.
899 1378 947 1429 εἰ
979 1374 1031 1429 δ’
1061 1377 1165 1430 οὐκ
1197 1376 1267 1431 ἂν
1306 1378 1570 1430 δύναιντο
1609 1380 1682 1447 μὴ
1722 1383 1852 1446 λαμ-

159 1462 379 1529 βάνειν,
427 1461 545 1515 ἀλλ’
592 1462 801 1532 ἀνάγκη
849 1474 1063 1532 νοσεῖν,
1116 1467 1312 1519 πολλοὶ
1359 1465 1589 1534 κρουνοὶ
1636 1468 1852 1531 τούτοις
1877 1489 1919 1522 15

161 1548 389 1618 ῥέουσιν
428 1550 534 1604 ἀπὸ
572 1556 797 1606 πολλῶν
838 1552 844 1624 Ι
886 1563 997 1606 τῶν
1036 1564 1228 1622 πηγῶν
1267 1554 1574 1622 ὁρμώμενοι
1612 1554 1702 1608 καὶ
1734 1569 1937 1613 R11521

158 1639 423 1701 πολλάκις
469 1638 701 1694 ἕκαστον
748 1643 942 1695 Μίδαν
987 1650 1278 1706 ποιοῦντες
1322 1643 1412 1695 καὶ
1461 1644 1715 1713 Κινύραν
1761 1644 1850 1698 καὶ

159 1728 227 1780 τὰ
264 1728 492 1781 τούτων.
562 1737 832 1783 τοσοῦτον
863 1730 964 1799 μέν
1003 1730 1118 1784 ἐστι
1157 1732 1217 1784 τὸ
1256 1732 1402 1799 παρὰ
1440 1741 1552 1784 τῶν
1589 1732 1714 1802 περὶ
1755 1733 1849 1786 αὐ-

159 1818 290 1879 τοὺς
349 1826 463 1870 τῶν
524 1818 822 1886 διδόντων,
884 1819 1032 1882 ὅπως
1094 1820 1281 1882 αὐτοῖς
1340 1818 1478 1888 ἐξείη
1535 1821 1851 1891 λαμβάνειν,

158 1912 429 1959 τοσοῦτον
469 1902 529 1959 δὲ
572 1907 633 1959 τὸ
672 1908 820 1976 παρὰ
857 1916 953 1976 τῆς
982 1917 1192 1978 τροφῆς
1221 1918 1333 1961 τῶν
1373 1910 1565 1978 λόχων.
1643 1902 1727 1972 οἷς
1765 1912 1850 1964 ἔνι
1874 1932 1917 1964 20

161 1995 333 2058 ζῶντα
379 2003 563 2049 ποιεῖν
608 1996 707 2049 τὸν
753 1998 1043 2066 οἰχόμενον
1089 1996 1304 2050 ἐσθίειν
1348 2016 1406 2050 τε
1452 1997 1639 2060 αὐτοῖς
1682 1996 1743 2051 ἐν
1781 2005 1856 2071 τῷ

159 2089 260 2136 τοῦ
306 2088 611 2147 τεθνεῶτος
657 2084 896 2153 ὀνόματι.
975 2085 1059 2138 32.
1115 2087 1294 2139 ὄντων
1334 2086 1395 2138 δὲ
1436 2086 1650 2139 τούτων
1686 2087 1849 2155 μεγά-

161 2173 275 2224 λων
328 2171 433 2225 εῑσὶ
485 2172 778 2226 Πακτωλοὶ
825 2177 1091 2241 μείζονες,
1144 2175 1347 2243 χρυσὸς
1401 2174 1430 2227 ὁ
1480 2169 1703 2237 δικαίως
1747 2174 1850 2243 μὲν

160 2256 231 2312 ἂν
260 2261 450 2328 μείνας
481 2259 543 2314 ἐν
572 2270 691 2324 ταῖς
722 2261 875 2331 χερσὶ
907 2272 1018 2315 τῶν
1050 2271 1414 2332 στρατιωτῶν,
1448 2262 1849 2329 μεθιστάμενος

279 2409 336 2449 23
368 2405 424 2450 cf.
450 2408 484 2449 t.
508 2406 530 2450 I
554 2411 656 2462 531,
666 2412 714 2462 83
746 2407 788 2450 II
811 2412 978 2461 461,16

278 2543 304 2582 2
329 2535 376 2581 δ’
397 2539 537 2583 ΙΒΜ
650 2543 675 2582 3
700 2537 949 2597 πολεμίους
975 2541 1150 2586 ΟΙΒΜ
1171 2539 1238 2584 Re
1352 2543 1378 2583 ὅ
1402 2540 1574 2591 αὐτοὺς
1596 2553 1671 2583 om
1696 2538 1787 2584 Got

161 2600 186 2640 9
214 2593 402 2642 ’κείνων
442 2599 550 2642 ΒΜ
609 2597 778 2643 κείνων
816 2599 987 2654 reliqui
1023 2599 1132 2642 libri
1171 2599 1262 2642 edd
1405 2603 1458 2642 10
1498 2598 1608 2642 οὐδὲ
1648 2596 1761 2655 μίαν
1799 2601 1844 2643 Α

221 2660 275 2699 12
315 2654 419 2700 οὐδ’
455 2656 524 2701 Re
654 2662 707 2700 13
748 2658 875 2714 ὑμῶν
916 2659 1086 2710 αὐτοὺς
1124 2657 1229 2702 coni
1268 2657 1336 2700 Re
1467 2662 1520 2700 14
1559 2657 1610 2701 δὲ
1651 2658 1790 2702 ΙΒΜ

161 2717 215 2757 1⁷
247 2712 276 2771 ἣ
307 2715 448 2760 ΙΒΜ
471 2717 478 2772 Ι
506 2716 727 2784 Κινυραν
749 2716 816 2760 Re
887 2717 1051 2772 κιννύρ
1055 2734 1114 2760 αν
1146 2716 1255 2760 libri
1287 2715 1380 2760 Got
1440 2715 1497 2760 cf.
1522 2717 1554 2759 t
1580 2715 1622 2759 Π
1646 2720 1747 2770 548,
1759 2721 1785 2759 2

161 2776 217 2816 20
246 2779 331 2830 τῆς
359 2779 538 2830 τροφῆς
565 2775 730 2832 scripsi
755 2777 943 2820 auctore
967 2735 1051 2819 Re?
1094 2782 1149 2833 τῇ
1172 2781 1322 2833 τροφῇ
1348 2774 1455 2819 libri
1479 2774 1571 2819 edd
1598 2778 1604 2830 Ι
1630 2773 1779 2832 λόχων
1802 2777 1850 2820 P

160 2832 242 2876 sed
265 2832 366 2934 udin
389 2846 465 2877 ras
489 2833 559 2876 m²
618 2833 766 2890 λόγων
798 2834 891 2879 Got
921 2835 1002 2891 qui
1033 2834 1213 2892 ἀλόγων
1246 2834 1351 2878 coni
1504 2839 1559 2877 22
1590 2836 1848 2886 τεθνεῶτος

159 2891 206 2934 Ρ
233 2904 280 2935 se
344 2907 392 2936 τε
423 2891 473 2935 in
502 2906 579 2936 ras
609 2892 680 2936 111²

1491 2966 1577 3010 27·
