1992 3094
220 93 287 144 78
735 91 964 135 LIBANH
995 89 1219 136 ORATIO
1251 91 1401 135 XXIX
1940 0 1992 280 ἲ

215 237 332 290 τοῖς
370 229 464 291 τὰς
502 227 679 291 τάξεις
717 232 942 281 λιποῦσι
983 228 1319 296 συγγνώμην
1357 224 1554 296 ἔχομεν
1603 225 1693 279 καὶ
1733 234 1907 282 ταῦτα

217 317 443 383 εἰδότες,
500 316 583 369 ὅτι
631 315 742 370 δέει
788 323 951 369 τοῦτο
1001 316 1428 386 ἁμαρτάνουσιν.
1506 315 1639 368 αὐτὸ
1690 317 1794 384 γὰρ
1835 316 1903 386 δὴ
1975 299 1978 312 ⁸

215 413 377 458 τοῦτο
423 405 513 457 καὶ
552 406 613 458 τὸ
660 402 902 473 ἔγκλημά
949 403 1117 471 ἐστιν,
1170 405 1254 457 ὅτι
1303 406 1459 476 φόβῳ
1507 405 1906 474 διαφθείρουσι
1968 447 1983 461 2

215 494 274 545 τὸ
321 502 617 563 προσῆκον.
695 494 788 546 διὰ
837 500 1000 546 τοῦτο
1050 492 1513 561 ἀποθνήσκουσιν
1559 495 1796 562 αἰσχρῶς
1835 493 1904 546 οὐ
1971 508 1979 562 g

171 602 189 635 5
213 581 585 650 βουληθέντες
623 585 815 644 καλῶς.
893 582 976 634 32.
1028 578 1099 650 ἦν
1139 578 1242 634 οὖν
1280 580 1441 648 κάμοὶ
1482 582 1652 634 καλὸν
1697 582 1906 650 ταύτην

215 668 454 739 φυλάξαι
492 672 593 739 τὴν
623 669 790 734 τάξιν.
860 668 950 723 καὶ
982 671 1086 741 γὰρ
1128 671 1176 722 εἰ
1211 671 1401 738 μηδεὶς
1439 667 1632 739 ἔμελλέ
1665 689 1732 737 με
1770 672 1904 738 μήτε

214 759 531 828 γράφεσθαι
592 762 724 829 μήτε
785 761 1015 828 κρίνειν,
1079 757 1193 812 ἀλλ’
1236 759 1294 811 οἵ
1343 778 1401 812 τε
1462 757 1589 812 θεοὶ
1644 757 1794 812 ταῦτ’
1833 758 1905 812 ἂν

214 845 446 918 ᾐτιῶντο
486 847 577 901 καὶ
617 848 783 910 αὐτὸς
822 847 891 901 ἂν
930 846 1167 914 ἐμαυτὸν
1205 849 1516 916 κατήσθιον
1548 848 1708 910 εἰδὼς
1746 848 1780 900 ἄ
1809 867 1904 915 μοι

214 935 667 1005 ἐπεπλημμέλητο.
744 937 835 989 καὶ
881 938 990 1005 μὴν
1037 935 1126 989 καὶ
1175 935 1388 999 ἐλπίδες
1433 956 1527 1005 μοι
1573 935 1698 1006 παρ’
1731 936 1905 990 αὐτοῦ

147 1046 189 1078 10
213 1033 312 1077 τοῦ
351 1027 416 1078 τὰ
457 1027 642 1078 δίκαια
679 1034 861 1079 ποιεῖν
897 1025 1162 1094 ὑπῆρχον.
1240 1027 1371 1087 τοὺς
1417 1026 1521 1094 γὰρ
1561 1026 1698 1094 ἅπερ
1739 1025 1903 1088 αὐτὸς
1959 1057 1962 1062 -

213 1111 458 1183 ἐπῄνουν
505 1113 869 1176 ἐπαινοῦντας
914 1116 1084 1176 θεοὺς
1130 1114 1383 1182 ἡγούμην
1429 1112 1518 1166 καὶ
1563 1116 1788 1183 κρείττω
1836 1134 1902 1184 με

212 1205 464 1272 ποιήσειν
532 1212 644 1256 τῶν
703 1204 1141 1271 πολεμησόντων.
1219 1204 1388 1271 λόχον
1447 1204 1644 1255 τοίνυν
1706 1202 1905 1256 ὁποῖόν

212 1312 335 1344 τινα
377 1292 638 1359 βούλεταί
672 1311 729 1345 τε
768 1292 857 1344 καὶ
899 1292 1131 1344 δύναται
1171 1291 1582 1359 συστησάμενος
1621 1292 1805 1359 λάθρα
1843 1310 1901 1345 τε
1965 1331 1967 1334 <

212 1379 538 1447 διορυττέτω
585 1379 676 1432 καὶ
724 1389 976 1450 φανερῶς
1022 1378 1298 1449 μαχέσθω.
1375 1388 1471 1449 τῆς
1517 1381 1622 1448 γὰρ
1676 1381 1744 1448 δὴ
1789 1389 1903 1432 τῶν

145 1488 186 1521 15
211 1473 363 1521 θεῶν
401 1467 525 1537 μεθ’
558 1469 713 1537 ἡμῶν
753 1469 922 1537 οὔσης
969 1468 1142 1538 ῥοπῆς
1188 1467 1361 1537 γέλως
1407 1466 1558 1521 ἔσται
1604 1467 1695 1521 καὶ
1736 1469 1902 1532 αὐτὸς

211 1554 301 1608 καὶ
342 1556 439 1619 οὓς
479 1556 745 1624 συλλέγει.

323 1645 408 1697 33.
464 1646 591 1698 Διὰ
630 1649 714 1714 τί,
763 1648 925 1714 φησί,
975 1647 1089 1714 τὴν
1136 1645 1581 1715 ὀφειλομένην
1619 1644 1723 1699 ἐπὶ
1761 1654 1900 1709 τοῖς

121 1744 162 1787 R
185 1744 331 1789 11340
364 1732 659 1803 ἐλέγχοις
691 1735 1094 1797 ὃιεκώλυσας
1125 1736 1345 1803 δίκην;
1387 1734 1471 1787 ὅτι
1501 1744 1722 1804 πρῶτον
1755 1733 1762 1805 1
1796 1731 1900 1803 μὲν

210 1822 381 1874 αὐτὸν
418 1823 516 1875 τὸν
556 1825 782 1892 ἔλεγχον
821 1824 887 1876 οὐ
920 1820 1124 1892 μικρὰν
1155 1825 1316 1892 δίκην
1348 1823 1651 1892 ἡγησάμην.
1713 1821 1890 1875 ἔπειθ’

143 1931 186 1962 20
211 1911 264 1963 οὶ
302 1913 642 1974 πεπονθότες
681 1912 837 1965 αὐτοὶ
871 1921 1050 1974 κακῶς
1080 1911 1301 1965 ἐδέοντό
1332 1931 1439 1978 μου
1472 1908 1646 1980 μηδὲν
1678 1914 1898 1980 ζητῆσαι

209 1997 378 2052 πλέον
416 1998 541 2068 μηδ’
573 1999 945 2067 ἐκπολεμῶσαι
991 2002 1275 2069 σύνταγμα
1315 2009 1666 2070 στρατιωτῶν
1703 2007 1898 2053 τοσοῦ-

210 2107 306 2140 τον
354 2086 706 2161 ἐργαστηρίῳ.
783 2088 920 2142 ὥσθ’
957 2083 1040 2152 οἷς
1087 2094 1371 2158 λογισμοῖς
1419 2090 1494 2151 εἰς
1533 2090 1632 2142 τὸν
1671 2091 1897 2158 ἔλεγχον

211 2175 602 2245 συνέπραττον,
649 2187 764 2239 τοῖς
803 2179 990 2240 αὐτοῖς
1036 2178 1254 2240 τούτοις
1305 2178 1383 2240 εἰς
1421 2179 1481 2230 τὸ
1522 2179 1594 2245 μὴ
1634 2177 1896 2244 γενέσθαι

209 2265 333 2316 τινὰ
379 2267 646 2334 τιμωρίαν
691 2264 955 2335 ἐχρώμην.
1032 2264 1208 2319 ἐκεῖνό
1260 2285 1318 2318 τε
1356 2267 1460 2335 γὰρ
1500 2263 1571 2334 ἧν
1609 2267 1738 2328 τοὺς
1775 2265 1895 2334 ἠδι-

143 2371 185 2404 25
210 2351 478 2420 κημένους
511 2353 795 2416 ἐλεοῦντος
830 2353 920 2407 καὶ
954 2362 1117 2407 τοῦτο
1150 2363 1266 2416 τοῖς
1297 2355 1486 2416 αὐτοῖς
1517 2353 1895 2423 χαριζομένου,

210 2441 385 2502 ἄλλως
430 2439 486 2492 θ’
521 2441 608 2494 ὅτε
663 2441 752 2494 καὶ
800 2442 925 2510 ἐξῆν
973 2443 1159 2505 αὐτοῖς
1204 2444 1270 2495 τὰ
1317 2442 1499 2495 αὑτῶν
1543 2444 1895 2511 κομίσασθαι.
1953 2465 1978 2474 *-

330 2604 350 2642 1
385 2598 467 2651 τὰς
497 2600 622 2644 inser
645 2600 714 2643 Β·2
796 2614 872 2645 om
897 2603 1148 2646 PVaVUI
1183 2605 1189 2659 Ι
1224 2599 1433 2645 λείπουσι
1465 2603 1564 2646 AV
1581 2601 1714 2659 Bong
1803 2603 1892 2645 λει-

208 2665 348 2702 ποῦσι
378 2660 413 2702 Ι
439 2659 519 2701 sed
552 2675 592 2703 ει
622 2659 672 2702 in
705 2676 720 2702 ι
753 2673 867 2712 corr,
909 2661 970 2703 M
1006 2661 1087 2704 sed.
1118 2661 1167 2704 in
1199 2658 1406 2704 λείπουσι
1439 2674 1539 2704 corr
1562 2659 1632 2704 m²
1681 2663 1687 2716 Ι
1735 2660 1892 2718 τοῦτο]

208 2724 352 2760 ταῦτα
384 2717 518 2774 Bong
651 2724 677 2761 4
710 2720 926 2762 διατοῦτο
958 2721 1095 2764 ΑΡΒ
1108 2720 1260 2764 VIMo
1404 2724 1428 2762 5
1463 2716 1546 2763 οὖν
1579 2734 1654 2763 om
1680 2721 1742 2764 M
1759 2719 1893 2776 Bong

269 2780 293 2818 9
328 2775 661 2833 ἐπεπλημέλητο
695 2779 814 2821 PVa.
827 2778 979 2822 UIMo
1102 2783 1154 2821 12
1186 2778 1325 2835 λόχον
1349 2779 1394 2822 Ρ
1423 2779 1504 2822 sed
1534 2796 1560 2836 χ
1592 2779 1641 2820 in
1664 2791 1738 2821 ras
1763 2777 1833 2820 m⁴

212 2838 265 2878 15
297 2851 344 2878 τε
377 2835 502 2878 ἔσται
538 2837 620 2880 Mo
754 2842 803 2879 17
840 2835 964 2880 ὃιατί
995 2838 1311 2882 PBMVIMo
1448 2842 1500 2880 21
1536 2837 1595 2893 μὴ
1629 2835 1673 2881 δ’
1711 2836 1897 2882 ΡΒΜΙ
1961 2843 1964 2846 ’

213 2894 295 2937 Mo
356 2893 415 2949 μὴ
449 2893 500 2938 δὲ
533 2894 576 2937 V
692 2899 746 2937 24
778 2894 884 2939 τινὰ
916 2910 991 2939 om
1018 2898 1061 2941 V
1175 2900 1229 2938 26
1264 2893 1332 2938 ὅτι
1365 2897 1410 2939 Β
1439 2898 1444 2952 Ι
1472 2896 1625 2940 αὐτῶν
1667 2895 1819 2939 VIMO
