1992 3094
443 148 670 192 LIBANII
701 147 925 193 ORATIO
959 148 1038 192 DE
1070 149 1477 197 THRASYDAEO
1700 153 1800 205 161

122 288 339 340 ἔπαθον
392 284 454 338 δὲ
506 286 585 347 τίς
649 283 855 354 ἐχθρὸν
907 281 1008 353 μὲν
1063 278 1146 348 οἷς
1197 294 1361 341 τοῦτο
1416 288 1520 341 οὐκ
1573 290 1807 358 ἤρεσκεν

120 377 364 443 ἔφασκον
403 370 551 426 εἶναι’
583 393 648 440 με
688 379 762 445 τῷ
804 375 1041 442 βασιλεῖ,
1098 376 1265 444 φίλον
1311 372 1372 428 δὲ
1418 382 1492 448 τῷ
1532 377 1806 448 τυράννῳ,

119 461 210 517 καὶ
249 471 360 515 τῶν
399 461 502 515 ἀπὸ
542 470 636 531 τῆς
674 464 965 531 πρεσβείας
1010 464 1186 536 τούτῳ
1233 483 1298 533 με
1339 470 1668 533 φθονοῦντα
1706 467 1807 535 τὴν

119 550 387 620 ἐσομένην
418 549 684 604 ἐντεῦθεν
716 550 906 623 ἐκείνῳ
945 552 1160 620 βλάβην
1190 554 1443 621 κωλύειν,
1483 555 1807 622 δραμόντων

120 637 182 694 δὲ
245 640 317 703 ὡς
385 640 557 693 αὐτὸν
624 649 737 693 τῶν
806 647 978 693 ταῦτα
1046 640 1405 695 ἀκουσάντων
1471 641 1561 695 καὶ
1632 643 1733 696 οὐκ
1799 661 1801 713 4
1854 662 1873 696 5

121 727 341 782 ἐώντων
370 729 498 797 περὶ
528 729 801 782 τοιούτων
832 729 979 800 αὐτῷ
1013 730 1150 799 πρὸς
1182 728 1275 797 ἐμὲ
1299 719 1477 798 λόγον
1501 730 1657 783 οὐδέ-
1688 744 1730 787 R
1752 744 1896 787 H238

118 838 215 886 voc,
269 813 416 870 εἶναι’
458 837 520 886 γε
568 818 945 887 εὐλογώτερον
992 818 1084 870 διὰ
1130 826 1228 871 τοῦ
1280 820 1381 888 τὴν
1426 816 1527 888 μὲν
1574 829 1810 887 γυναῖκα

118 912 486 976 θρηνοῦντος,
524 907 649 976 περὶ
691 906 752 960 δὲ
790 914 855 977 τῇ
888 907 1130 977 θυγατρὶ
1168 908 1413 970 δεδιότος
1452 908 1809 978 εὑρίσκεσθαι

119 996 222 1064 τὴν
261 995 439 1064 λύσιν,
488 999 661 1066 λῆρον
699 993 805 1064 ἔφη
845 995 1025 1049 πάντα
1063 992 1205 1049 εἶναι
1252 997 1396 1065 πλὴν
1434 996 1557 1060 ἑνὸς
1594 998 1810 1066 τούτου,

119 1093 234 1136 τῶν
279 1082 405 1153 παρ’
441 1083 574 1153 ἐμοῦ
628 1085 765 1152 πρὸς
810 1084 911 1138 τὸν
965 1086 1271 1154 στρατηγὸν
1325 1086 1447 1156 περὶ
1495 1093 1594 1139 τοῦ
1640 1086 1812 1156 πράγ-
1838 1107 1878 1139 ιο

120 1193 288 1242 ματος
328 1175 524 1241 λόγων.
603 1173 687 1226 28.
742 1174 808 1227 οὐ
849 1175 954 1244 γὰρ
1002 1172 1144 1243 ἔχων
1182 1179 1481 1243 πεισθῆναι
1518 1176 1580 1228 τὸ
1620 1176 1692 1244 μὴ
1734 1173 1805 1227 δι’

67 1262 71 1267 ’
120 1260 258 1332 ἐμοῦ
297 1262 396 1316 τὸν
434 1262 768 1331 Μενέδημον
808 1262 1078 1332 ἀφεῖσθαι
1124 1263 1221 1315 τὸν
1260 1264 1405 1332 παρὰ
1442 1273 1555 1316 τῶν
1594 1262 1814 1333 ὀργιου-

121 1349 307 1419 μένων
359 1353 602 1420 πόλεμον
648 1349 736 1404 ἐπὶ
791 1357 866 1423 τῷ
921 1351 1290 1421 συμπράττειν
1344 1352 1490 1424 αὐτῷ
1539 1371 1604 1419 με
1655 1353 1816 1420 δίκην

123 1438 265 1503 ἕξειν
304 1441 501 1508 ἱκανὴν
539 1439 802 1509 ἐνόμιζεν.
881 1437 1012 1493 οὐδὲ
1061 1441 1164 1509 γὰρ
1206 1439 1472 1493 ἐνταυθοῖ
1510 1441 1813 1516 στήσεσθαι

124 1529 224 1582 τὸν
260 1527 386 1599 περὶ
425 1529 640 1582 τούτων
679 1531 865 1597 λόγον,
914 1527 1034 1582 ἀλλ’
1063 1527 1214 1597 ἥξειν
1254 1531 1563 1598 φερόμενον
1610 1523 1677 1582 οὗ
1717 1531 1812 1596 βα-
1838 1548 1880 1581 1⁵

123 1619 310 1679 σιλεὺς
363 1618 609 1686 ἵδρυται,
671 1618 771 1670 τὸν
834 1616 883 1670 δ’
921 1617 1073 1686 ἥξειν
1127 1616 1215 1670 ἐπὶ
1270 1619 1539 1687 τιμωρίαν
1593 1617 1813 1679 εὐθέως.

122 1703 240 1758 ἔστι
272 1706 394 1774 γάρ,
435 1703 476 1759 ὦ
509 1708 818 1775 Νικόκλεις,
859 1708 1046 1776 πόρρω
1086 1714 1186 1759 τοῦ
1226 1707 1324 1759 τὸν
1361 1709 1570 1774 τρόπον
1610 1705 1815 1759 εἰδέναι

123 1802 225 1847 τοῦ
264 1793 531 1863 βασιλέως
575 1795 666 1848 καὶ
714 1802 886 1848 ταῦτα
933 1796 1067 1862 μετὰ
1104 1803 1375 1848 τοσοῦτον
1420 1799 1635 1863 πλῆθος
1683 1793 1816 1847 ἀπο-

124 1882 364 1947 δείξεων.
433 1882 588 1954 εἴχετ’
621 1879 725 1937 οὖν
764 1883 898 1951 ἐμοῦ
938 1886 1228 1953 κακοήθως
1267 1884 1368 1953 οὐχ
1408 1883 1480 1946 ὡς
1519 1883 1620 1952 οὐχ
1660 1883 1817 1952 εὑρή-

124 1985 242 2025 σων
287 1971 475 2042 ἕτερον
521 1973 621 2026 τὸν
668 1972 1075 2041 διαλεξόμενον,
1125 1970 1242 2026 ἀλλ’
1276 1972 1420 2035 ὅπως
1466 1971 1679 2024 ἀδικεῖν
1726 1971 1815 2023 δό-
1840 1992 1883 2023 20

124 2058 276 2127 ξαιμι
312 2062 412 2114 τὸν
450 2070 562 2114 τῶν
602 2061 750 2115 ὅλων
786 2062 1002 2130 κύριον,
1037 2061 1043 2130 Ι
1078 2061 1168 2114 καὶ
1199 2061 1309 2129 ἅμα
1339 2068 1438 2114 τοῦ
1470 2079 1664 2113 κοινω-
1697 2071 1738 2114 Β,
1761 2071 1905 2116 Π239

129 2151 263 2212 νοὺς
294 2147 440 2219 ἔχειν
471 2157 568 2218 τῆς
598 2149 820 2214 ἀδοξίας
857 2151 928 2219 ἣν
961 2149 1019 2202 ε’κ
1058 2159 1169 2202 τῶν
1207 2147 1323 2201 κατ’
1356 2148 1488 2217 ἐμοῦ
1529 2146 1818 2218 ῥηθέντων

127 2236 412 2306 ἠνέγκατο.

242 2325 328 2379 29.
380 2330 580 2395 Ταῦτα,
621 2324 662 2381 ὦ
701 2329 1011 2395 Νικόκλεις,
1053 2327 1292 2394 διῆλθον
1331 2324 1570 2393 ἐμαυτόν
1608 2343 1665 2378 τε
1704 2323 1813 2377 ἐπι-

253 2506 278 2544 2
308 2502 512 2546 Maximo
545 2502 602 2546 cf.
629 2517 699 2559 ep.
723 2507 821 2546 765.
854 2502 947 2545 t.11
971 2517 1015 2557 p.
1036 2505 1135 2556 390,
1155 2506 1210 2544 14

252 2668 278 2706 3
309 2664 391 2708 τὸν
415 2665 450 2708 Ι
467 2665 600 2722 Bong
720 2670 747 2708 4
780 2665 1000 2709 ἐντεῦθεν
1025 2662 1189 2719 scripsi
1252 2663 1300 2707 ἐν
1333 2661 1442 2705 libri
1474 2662 1556 2705 sed
1586 2678 1642 2733 γρ
1668 2661 1818 2705 ἐντεῦ-

128 2723 224 2765 θεν
255 2722 304 2765 in
333 2737 468 2781 marg
498 2725 557 2777 A,
590 2723 682 2768 edd
825 2729 850 2767 6
883 2731 974 2766 τῶν
1006 2724 1115 2766 ante
1143 2722 1249 2776 περὶ
1284 2723 1318 2765 Ι
1337 2721 1468 2777 Bong
1509 2723 1515 2776 Ι
1559 2736 1681 2764 ειναι
1713 2721 1819 2775 post

137 2779 307 2824 οὐδένα
338 2782 462 2827 inser
493 2782 597 2826 conj
621 2783 688 2826 Re
821 2787 843 2825 7
876 2798 925 2838 γε
958 2781 1123 2837 scripsi
1183 2797 1230 2824 τε
1262 2779 1372 2823 libri
1404 2780 1494 2823 edd
1527 2785 1662 2835 „post
1694 2779 1819 2822 εὐλο-

167 2839 335 2895 ώτερον
366 2842 543 2885 videtur
575 2839 851 2897 φασκόντων
883 2841 949 2884 vel
980 2841 1067 2884 tale
1099 2840 1210 2896 quid
1242 2840 1413 2883 deesse“
1447 2839 1513 2882 Re
1683 2842 1735 2880 16
1769 2836 1819 2879 δὲ

132 2855 205 2941 {le
326 2903 378 2942 17
413 2899 534 2944 ἔστιν
558 2901 605 2944 Α
726 2904 780 2944 19
814 2899 958 2957 εἴχετο
983 2901 1018 2943 Ι
1131 2903 1184 2942 21
1218 2905 1300 2941 τοῦ
1332 2897 1496 2953 scripsi
1528 2899 1582 2940 ut
1613 2896 1718 2940 coni
1751 2895 1819 2938 Re

131 2954 240 3000 «coll.
266 2957 359 3001 t.11
383 2962 482 3012 286,
502 2964 550 3013 23
583 2963 682 3014 551,
701 2964 778 3014 233
812 2973 883 3015 ep.
904 2963 957 3002 19
1019 2958 1131 3007 τοὺς
1161 2956 1269 3000 libri
1301 2956 1392 3000 edd

225 3037 423 3072 Ianum-ms
447 3041 504 3072 ed.
527 3041 765 3073 Foerster.
805 3041 877 3073 ΠΙ.
1503 3033 1553 3072 11
