<?xml version="1.0" encoding="UTF-8"?>
<!DOCTYPE html PUBLIC "-//W3C//DTD XHTML 1.0 Transitional//EN"
    "http://www.w3.org/TR/xhtml1/DTD/xhtml1-transitional.dtd">
<html xmlns="http://www.w3.org/1999/xhtml" xml:lang="en" lang="en">
 <head>
  <title>
</title>
<meta http-equiv="Content-Type" content="text/html;charset=utf-8" />
  <meta name='ocr-system' content='tesseract 3.04.00' />
  <meta name='ocr-capabilities' content='ocr_page ocr_carea ocr_par ocr_line ocrx_word'/>
</head>
<body>
  <div class='ocr_page' id='page_1' title='image "./operarecensuitri03libauoft_0403.png"; bbox 0 0 1992 3094; ppageno 0'>
   <div class='ocr_carea' id='block_1_1' title="bbox 479 138 1830 191">
    <p class='ocr_par' dir='ltr' id='par_1_1' title="bbox 479 138 1830 191">
     <span class='ocr_line' id='line_1_1' title="bbox 479 138 1830 191; baseline 0.007 -9"><span class='ocrx_word' id='word_1_1' title='bbox 479 139 707 183; x_wconf 90' lang='lat' dir='ltr'>LIBANII</span> <span class='ocrx_word' id='word_1_2' title='bbox 739 138 963 183; x_wconf 87' lang='lat' dir='ltr'><strong>ORATIO</strong></span> <span class='ocrx_word' id='word_1_3' title='bbox 996 138 1113 183; x_wconf 90' lang='lat' dir='ltr'><strong><em>PRO</em></strong></span> <span class='ocrx_word' id='word_1_4' title='bbox 1147 139 1480 184; x_wconf 85' lang='lat' dir='ltr'>THALASSIO</span> <span class='ocrx_word' id='word_1_5' title='bbox 1722 139 1830 191; x_wconf 79' lang='lat'><strong><em>333</em></strong></span> 
     </span>
    </p>
   </div>
   <div class='ocr_carea' id='block_1_2' title="bbox 133 273 1898 2032">
    <p class='ocr_par' dir='ltr' id='par_1_2' title="bbox 135 273 1830 431">
     <span class='ocr_line' id='line_1_2' title="bbox 135 273 1830 345; baseline 0 -17"><span class='ocrx_word' id='word_1_6' title='bbox 135 275 237 329; x_wconf 87' lang='grc' dir='ltr'><strong><em>οὐκ</em></strong></span> <span class='ocrx_word' id='word_1_7' title='bbox 286 273 383 337; x_wconf 80' lang='grc' dir='ltr'><strong><em>ἐξω</em></strong></span> <span class='ocrx_word' id='word_1_8' title='bbox 431 284 543 328; x_wconf 83' lang='grc' dir='ltr'><strong><em>τῶν</em></strong></span> <span class='ocrx_word' id='word_1_9' title='bbox 587 277 1011 341; x_wconf 89' lang='grc' dir='ltr'><strong><em>κατεσκαφότων</em></strong></span> <span class='ocrx_word' id='word_1_10' title='bbox 1057 277 1264 345; x_wconf 87' lang='grc' dir='ltr'><strong><em>τίθημι.</em></strong></span> <span class='ocrx_word' id='word_1_11' title='bbox 1343 277 1435 328; x_wconf 80' lang='grc' dir='ltr'><strong><em>διὰ</em></strong></span> <span class='ocrx_word' id='word_1_12' title='bbox 1480 277 1535 328; x_wconf 90' lang='grc' dir='ltr'><strong><em>τί</em></strong></span> <span class='ocrx_word' id='word_1_13' title='bbox 1579 277 1683 345; x_wconf 82' lang='grc' dir='ltr'><strong><em>γὰρ</em></strong></span> <span class='ocrx_word' id='word_1_14' title='bbox 1729 276 1830 329; x_wconf 87' lang='grc' dir='ltr'><strong><em>οὐκ</em></strong></span> 
     </span>
     <span class='ocr_line' id='line_1_3' title="bbox 135 362 1136 431; baseline -0.001 -14"><span class='ocrx_word' id='word_1_15' title='bbox 135 362 430 431; x_wconf 83' lang='grc' dir='ltr'><strong><em>ἐμιμοῦντο</em></strong></span> <span class='ocrx_word' id='word_1_16' title='bbox 470 365 601 426; x_wconf 88' lang='grc' dir='ltr'><strong><em>τοὺς</em></strong></span> <span class='ocrx_word' id='word_1_17' title='bbox 642 365 1136 431; x_wconf 76' lang='grc' dir='ltr'><strong><em>Λακεδαιμονίουςς</em></strong></span> 
     </span>
    </p>

    <p class='ocr_par' dir='ltr' id='par_1_3' title="bbox 133 449 1897 966">
     <span class='ocr_line' id='line_1_4' title="bbox 245 449 1830 523; baseline 0.002 -19"><span class='ocrx_word' id='word_1_18' title='bbox 245 452 331 505; x_wconf 79' lang='lat'><strong><em>53.</em></strong></span> <span class='ocrx_word' id='word_1_19' title='bbox 387 452 631 514; x_wconf 81' lang='grc' dir='ltr'><strong><em>Εἰκότως</em></strong></span> <span class='ocrx_word' id='word_1_20' title='bbox 671 453 800 519; x_wconf 81' lang='grc' dir='ltr'><strong><em>ἄρα,</em></strong></span> <span class='ocrx_word' id='word_1_21' title='bbox 844 449 886 505; x_wconf 82' lang='grc' dir='ltr'><em>ὦ</em></span> <span class='ocrx_word' id='word_1_22' title='bbox 926 456 1179 521; x_wconf 85' lang='grc' dir='ltr'><strong><em>βασιλεῦ,</em></strong></span> <span class='ocrx_word' id='word_1_23' title='bbox 1225 454 1374 522; x_wconf 77' lang='grc' dir='ltr'><strong><em>παρὰ</em></strong></span> <span class='ocrx_word' id='word_1_24' title='bbox 1412 454 1636 507; x_wconf 88' lang='grc' dir='ltr'><strong><em>πάντων</em></strong></span> <span class='ocrx_word' id='word_1_25' title='bbox 1674 454 1830 523; x_wconf 86' lang='grc' dir='ltr'><strong><em>ὑβρι-</em></strong></span> 
     </span>
     <span class='ocr_line' id='line_1_5' title="bbox 136 541 1830 613; baseline 0.001 -18"><span class='ocrx_word' id='word_1_26' title='bbox 136 547 344 610; x_wconf 81' lang='grc' dir='ltr'><strong><em>σθῆναι</em></strong></span> <span class='ocrx_word' id='word_1_27' title='bbox 383 542 693 610; x_wconf 80' lang='grc' dir='ltr'><strong><em>νομίζομεν,</em></strong></span> <span class='ocrx_word' id='word_1_28' title='bbox 733 542 838 593; x_wconf 77' lang='grc' dir='ltr'><strong><em>κᾶν</em></strong></span> <span class='ocrx_word' id='word_1_29' title='bbox 876 561 959 604; x_wconf 91' lang='grc' dir='ltr'><strong><em>τις</em></strong></span> <span class='ocrx_word' id='word_1_30' title='bbox 992 541 1178 611; x_wconf 86' lang='grc' dir='ltr'><strong><em>ὀρθῶς</em></strong></span> <span class='ocrx_word' id='word_1_31' title='bbox 1209 541 1438 612; x_wconf 79' lang='grc' dir='ltr'><em>ἐξετάζῃ,</em></span> <span class='ocrx_word' id='word_1_32' title='bbox 1477 543 1640 611; x_wconf 88' lang='grc' dir='ltr'><strong><em>τιμὴν</em></strong></span> <span class='ocrx_word' id='word_1_33' title='bbox 1671 543 1830 613; x_wconf 85' lang='grc' dir='ltr'><strong><em>εὑρή-</em></strong></span> 
     </span>
     <span class='ocr_line' id='line_1_6' title="bbox 137 629 1897 703; baseline 0.002 -19"><span class='ocrx_word' id='word_1_34' title='bbox 137 644 220 684; x_wconf 87' lang='grc' dir='ltr'><strong><em>σει</em></strong></span> <span class='ocrx_word' id='word_1_35' title='bbox 265 631 355 683; x_wconf 81' lang='grc' dir='ltr'><strong><em>καὶ</em></strong></span> <span class='ocrx_word' id='word_1_36' title='bbox 401 630 502 698; x_wconf 87' lang='grc' dir='ltr'><strong><em>τὴν</em></strong></span> <span class='ocrx_word' id='word_1_37' title='bbox 548 631 897 698; x_wconf 80' lang='grc' dir='ltr'><strong><em>κατηγορίαν.</em></strong></span> <span class='ocrx_word' id='word_1_38' title='bbox 974 629 1037 683; x_wconf 80' lang='grc' dir='ltr'><strong><em>ἐν</em></strong></span> <span class='ocrx_word' id='word_1_39' title='bbox 1082 631 1186 700; x_wconf 80' lang='grc' dir='ltr'><strong><em>γὰρ</em></strong></span> <span class='ocrx_word' id='word_1_40' title='bbox 1227 631 1373 703; x_wconf 82' lang='grc' dir='ltr'><strong><em>αὐτῷ</em></strong></span> <span class='ocrx_word' id='word_1_41' title='bbox 1414 637 1489 703; x_wconf 80' lang='grc' dir='ltr'><strong><em>τῷ</em></strong></span> <span class='ocrx_word' id='word_1_42' title='bbox 1532 636 1831 685; x_wconf 83' lang='grc' dir='ltr'><strong><em>λυπεῖσθαι</em></strong></span> <span class='ocrx_word' id='word_1_43' title='bbox 1878 657 1897 689; x_wconf 77' lang='lat'><strong>5</strong></span> 
     </span>
     <span class='ocr_line' id='line_1_7' title="bbox 135 717 1831 789; baseline 0.001 -16"><span class='ocrx_word' id='word_1_44' title='bbox 135 720 454 787; x_wconf 78' lang='grc' dir='ltr'><strong><em>δείκνυμεν,</em></strong></span> <span class='ocrx_word' id='word_1_45' title='bbox 507 717 714 772; x_wconf 91' lang='grc' dir='ltr'><strong><em>ὁπόσον</em></strong></span> <span class='ocrx_word' id='word_1_46' title='bbox 752 738 805 771; x_wconf 90' lang='grc' dir='ltr'><strong><em>τι</em></strong></span> <span class='ocrx_word' id='word_1_47' title='bbox 843 720 904 771; x_wconf 91' lang='grc' dir='ltr'><strong><em>τὸ</em></strong></span> <span class='ocrx_word' id='word_1_48' title='bbox 945 718 1244 789; x_wconf 81' lang='grc' dir='ltr'><strong><em>συνέδριον</em></strong></span> <span class='ocrx_word' id='word_1_49' title='bbox 1282 722 1586 789; x_wconf 83' lang='grc' dir='ltr'><strong><em>νομίζομεν.</em></strong></span> <span class='ocrx_word' id='word_1_50' title='bbox 1671 741 1831 774; x_wconf 90' lang='grc' dir='ltr'><strong><em>κατα-</em></strong></span> 
     </span>
     <span class='ocr_line' id='line_1_8' title="bbox 135 800 1832 878; baseline 0.001 -18"><span class='ocrx_word' id='word_1_51' title='bbox 135 808 504 876; x_wconf 78' lang='grc' dir='ltr'><strong><em>φρονούντων</em></strong></span> <span class='ocrx_word' id='word_1_52' title='bbox 551 807 613 860; x_wconf 81' lang='grc' dir='ltr'><strong><em>δὲ</em></strong></span> <span class='ocrx_word' id='word_1_53' title='bbox 658 804 754 876; x_wconf 82' lang='grc' dir='ltr'><strong><em>ἦν,</em></strong></span> <span class='ocrx_word' id='word_1_54' title='bbox 803 800 978 876; x_wconf 86' lang='grc' dir='ltr'><strong><em>οἶμαι,</em></strong></span> <span class='ocrx_word' id='word_1_55' title='bbox 1026 809 1125 861; x_wconf 88' lang='grc' dir='ltr'><strong><em>τὸν</em></strong></span> <span class='ocrx_word' id='word_1_56' title='bbox 1156 806 1539 878; x_wconf 81' lang='grc' dir='ltr'><strong><em>Ἱπποκλείὸην</em></strong></span> <span class='ocrx_word' id='word_1_57' title='bbox 1577 811 1832 873; x_wconf 81' lang='grc' dir='ltr'><strong><em>εἰπόντας</em></strong></span> 
     </span>
     <span class='ocr_line' id='line_1_9' title="bbox 133 891 1074 966; baseline 0.001 -17"><span class='ocrx_word' id='word_1_58' title='bbox 133 893 308 966; x_wconf 77' lang='grc' dir='ltr'><strong><em>μηδὲν</em></strong></span> <span class='ocrx_word' id='word_1_59' title='bbox 347 897 523 950; x_wconf 89' lang='grc' dir='ltr'><strong><em>εἰπεῖν</em></strong></span> <span class='ocrx_word' id='word_1_60' title='bbox 562 891 641 949; x_wconf 82' lang='grc' dir='ltr'><strong><em>ὧν</em></strong></span> <span class='ocrx_word' id='word_1_61' title='bbox 678 905 786 950; x_wconf 88' lang='grc' dir='ltr'><strong><em>νῦν</em></strong></span> <span class='ocrx_word' id='word_1_62' title='bbox 826 896 1074 965; x_wconf 80' lang='grc' dir='ltr'><strong><em>ἀκήκοας.</em></strong></span> 
     </span>
    </p>

    <p class='ocr_par' dir='ltr' id='par_1_4' title="bbox 134 983 1898 2032">
     <span class='ocr_line' id='line_1_10' title="bbox 245 983 1831 1056; baseline 0.002 -19"><span class='ocrx_word' id='word_1_63' title='bbox 245 983 333 1038; x_wconf 83' lang='lat'><strong><em>54.</em></strong></span> <span class='ocrx_word' id='word_1_64' title='bbox 389 986 805 1056; x_wconf 86' lang='grc' dir='ltr'><strong><em>Παραμύθησαι</em></strong></span> <span class='ocrx_word' id='word_1_65' title='bbox 843 987 1040 1038; x_wconf 84' lang='grc' dir='ltr'><strong><em>τοίνυν</em></strong></span> <span class='ocrx_word' id='word_1_66' title='bbox 1070 986 1170 1038; x_wconf 93' lang='grc' dir='ltr'><strong><em>τὸν</em></strong></span> <span class='ocrx_word' id='word_1_67' title='bbox 1200 986 1554 1055; x_wconf 81' lang='grc' dir='ltr'><strong><em>ὑβρισμένον,</em></strong></span> <span class='ocrx_word' id='word_1_68' title='bbox 1593 984 1636 1040; x_wconf 83' lang='grc' dir='ltr'><em>ὦ</em></span> <span class='ocrx_word' id='word_1_69' title='bbox 1675 989 1831 1054; x_wconf 90' lang='grc' dir='ltr'><strong><em>βασι-</em></strong></span> 
     </span>
     <span class='ocr_line' id='line_1_11' title="bbox 138 1073 1898 1147; baseline 0.002 -21"><span class='ocrx_word' id='word_1_70' title='bbox 138 1077 259 1142; x_wconf 87' lang='grc' dir='ltr'><strong><em>λεῦ,</em></strong></span> <span class='ocrx_word' id='word_1_71' title='bbox 304 1081 527 1144; x_wconf 82' lang='grc' dir='ltr'><strong><em>πρᾶγμα</em></strong></span> <span class='ocrx_word' id='word_1_72' title='bbox 575 1074 655 1147; x_wconf 71' lang='grc' dir='ltr'><strong><em>ὃνΙ</em></strong></span> <span class='ocrx_word' id='word_1_73' title='bbox 689 1073 751 1127; x_wconf 82' lang='grc' dir='ltr'><strong><em>ἐν</em></strong></span> <span class='ocrx_word' id='word_1_74' title='bbox 795 1073 987 1144; x_wconf 80' lang='grc' dir='ltr'><strong><em>μελέτῃ</em></strong></span> <span class='ocrx_word' id='word_1_75' title='bbox 1037 1089 1125 1128; x_wconf 90' lang='grc' dir='ltr'><strong><em>σοι</em></strong></span> <span class='ocrx_word' id='word_1_76' title='bbox 1170 1074 1262 1127; x_wconf 91' lang='grc' dir='ltr'><strong><em>καὶ</em></strong></span> <span class='ocrx_word' id='word_1_77' title='bbox 1311 1077 1608 1146; x_wconf 80' lang='grc' dir='ltr'><strong><em>συνηθείᾳ,</em></strong></span> <span class='ocrx_word' id='word_1_78' title='bbox 1657 1075 1729 1129; x_wconf 80' lang='grc' dir='ltr'><strong><em>δι’</em></strong></span> <span class='ocrx_word' id='word_1_79' title='bbox 1758 1077 1831 1145; x_wconf 83' lang='grc' dir='ltr'><strong><em>ἣν</em></strong></span> <span class='ocrx_word' id='word_1_80' title='bbox 1854 1103 1898 1135; x_wconf 85' lang='lat'><strong><em>10</em></strong></span> 
     </span>
     <span class='ocr_line' id='line_1_12' title="bbox 135 1161 1830 1233; baseline 0.002 -18"><span class='ocrx_word' id='word_1_81' title='bbox 135 1162 238 1215; x_wconf 88' lang='grc' dir='ltr'><strong><em>οὐκ</em></strong></span> <span class='ocrx_word' id='word_1_82' title='bbox 292 1161 502 1230; x_wconf 83' lang='grc' dir='ltr'><strong><em>ὀλίγοις</em></strong></span> <span class='ocrx_word' id='word_1_83' title='bbox 554 1162 960 1232; x_wconf 83' lang='grc' dir='ltr'><strong><em>μεταβέβληκας</em></strong></span> <span class='ocrx_word' id='word_1_84' title='bbox 1014 1163 1292 1233; x_wconf 81' lang='grc' dir='ltr'><strong><em>ὀδυρμοὺς</em></strong></span> <span class='ocrx_word' id='word_1_85' title='bbox 1344 1165 1421 1226; x_wconf 88' lang='grc' dir='ltr'><strong><em>εἰς</em></strong></span> <span class='ocrx_word' id='word_1_86' title='bbox 1475 1162 1689 1233; x_wconf 81' lang='grc' dir='ltr'><strong><em>ἑορτάς,</em></strong></span> <span class='ocrx_word' id='word_1_87' title='bbox 1740 1165 1830 1218; x_wconf 80' lang='grc' dir='ltr'><strong><em>καὶ</em></strong></span> 
     </span>
     <span class='ocr_line' id='line_1_13' title="bbox 135 1249 1830 1323; baseline 0.001 -19"><span class='ocrx_word' id='word_1_88' title='bbox 135 1250 274 1321; x_wconf 88' lang='grc' dir='ltr'><strong><em>πρὸς</em></strong></span> <span class='ocrx_word' id='word_1_89' title='bbox 319 1253 380 1305; x_wconf 89' lang='grc' dir='ltr'><strong><em>τὸ</em></strong></span> <span class='ocrx_word' id='word_1_90' title='bbox 430 1251 729 1321; x_wconf 78' lang='grc' dir='ltr'><strong><em>συνέδριον</em></strong></span> <span class='ocrx_word' id='word_1_91' title='bbox 775 1253 976 1320; x_wconf 85' lang='grc' dir='ltr'><strong><em>εἰπεῖν,</em></strong></span> <span class='ocrx_word' id='word_1_92' title='bbox 1031 1252 1103 1315; x_wconf 85' lang='grc' dir='ltr'><strong><em>ὡς</em></strong></span> <span class='ocrx_word' id='word_1_93' title='bbox 1150 1252 1410 1319; x_wconf 79' lang='grc' dir='ltr'><strong><em>ἀμείνους</em></strong></span> <span class='ocrx_word' id='word_1_94' title='bbox 1456 1251 1525 1306; x_wconf 78' lang='grc' dir='ltr'><strong><em>ἂν</em></strong></span> <span class='ocrx_word' id='word_1_95' title='bbox 1571 1249 1713 1320; x_wconf 83' lang='grc' dir='ltr'><strong><em>ἦσαν</em></strong></span> <span class='ocrx_word' id='word_1_96' title='bbox 1758 1255 1830 1323; x_wconf 89' lang='grc' dir='ltr'><strong><em>μὴ</em></strong></span> 
     </span>
     <span class='ocr_line' id='line_1_14' title="bbox 134 1340 1830 1413; baseline 0.001 -20"><span class='ocrx_word' id='word_1_97' title='bbox 134 1347 336 1393; x_wconf 90' lang='grc' dir='ltr'><strong><em>τοῦτον</em></strong></span> <span class='ocrx_word' id='word_1_98' title='bbox 390 1348 464 1413; x_wconf 79' lang='grc' dir='ltr'><strong><em>τῷ</em></strong></span> <span class='ocrx_word' id='word_1_99' title='bbox 512 1341 787 1410; x_wconf 80' lang='grc' dir='ltr'><strong><em>πράγματι</em></strong></span> <span class='ocrx_word' id='word_1_100' title='bbox 842 1342 1019 1412; x_wconf 77' lang='grc' dir='ltr'><strong><em>τούτῳ</em></strong></span> <span class='ocrx_word' id='word_1_101' title='bbox 1074 1340 1396 1410; x_wconf 82' lang='grc' dir='ltr'><strong><em>κεχρημένοι</em></strong></span> <span class='ocrx_word' id='word_1_102' title='bbox 1454 1342 1552 1394; x_wconf 90' lang='grc' dir='ltr'><strong><em>τὸν</em></strong></span> <span class='ocrx_word' id='word_1_103' title='bbox 1604 1344 1830 1411; x_wconf 83' lang='grc' dir='ltr'><strong><em>τρόπον,</em></strong></span> 
     </span>
     <span class='ocr_line' id='line_1_15' title="bbox 137 1427 1829 1500; baseline 0.001 -19"><span class='ocrx_word' id='word_1_104' title='bbox 137 1427 252 1482; x_wconf 83' lang='grc' dir='ltr'><strong><em>ἀλλ’</em></strong></span> <span class='ocrx_word' id='word_1_105' title='bbox 285 1428 593 1499; x_wconf 87' lang='grc' dir='ltr'><strong><em>ὀρθότερον</em></strong></span> <span class='ocrx_word' id='word_1_106' title='bbox 624 1428 714 1483; x_wconf 85' lang='grc' dir='ltr'><strong><em>καὶ</em></strong></span> <span class='ocrx_word' id='word_1_107' title='bbox 748 1431 1092 1498; x_wconf 81' lang='grc' dir='ltr'><strong><em>δικαιότερον</em></strong></span> <span class='ocrx_word' id='word_1_108' title='bbox 1122 1431 1212 1483; x_wconf 89' lang='grc' dir='ltr'><strong><em>καὶ</em></strong></span> <span class='ocrx_word' id='word_1_109' title='bbox 1252 1429 1708 1500; x_wconf 83' lang='grc' dir='ltr'><strong><em>σωφρονέστερον</em></strong></span> <span class='ocrx_word' id='word_1_110' title='bbox 1739 1429 1829 1483; x_wconf 80' lang='grc' dir='ltr'><strong><em>καὶ</em></strong></span> 
     </span>
     <span class='ocr_line' id='line_1_16' title="bbox 136 1511 1895 1589; baseline 0.001 -18"><span class='ocrx_word' id='word_1_111' title='bbox 136 1511 181 1589; x_wconf 74' lang='grc' dir='ltr'><em>ᾦ</em></span> <span class='ocrx_word' id='word_1_112' title='bbox 206 1519 436 1587; x_wconf 82' lang='grc' dir='ltr'><strong><em>ἔμελλον</em></strong></span> <span class='ocrx_word' id='word_1_113' title='bbox 460 1519 526 1572; x_wconf 90' lang='grc' dir='ltr'><strong><em>οὐ</em></strong></span> <span class='ocrx_word' id='word_1_114' title='bbox 551 1521 872 1589; x_wconf 81' lang='grc' dir='ltr'><strong><em>περιβαλεῖν</em></strong></span> <span class='ocrx_word' id='word_1_115' title='bbox 900 1518 1086 1589; x_wconf 80' lang='grc' dir='ltr'><strong><em>ἀτιμίᾳ</em></strong></span> <span class='ocrx_word' id='word_1_116' title='bbox 1108 1520 1207 1572; x_wconf 91' lang='grc' dir='ltr'><strong><em>τὸν</em></strong></span> <span class='ocrx_word' id='word_1_117' title='bbox 1231 1526 1325 1587; x_wconf 82' lang='grc' dir='ltr'><strong><em>τῆς</em></strong></span> <span class='ocrx_word' id='word_1_118' title='bbox 1348 1521 1554 1588; x_wconf 84' lang='grc' dir='ltr'><strong><em>βουλῆς</em></strong></span> <span class='ocrx_word' id='word_1_119' title='bbox 1577 1518 1827 1589; x_wconf 81' lang='grc' dir='ltr'><strong><em>ἐραστήν.</em></strong></span> <span class='ocrx_word' id='word_1_120' title='bbox 1853 1546 1895 1579; x_wconf 82' lang='lat'><strong><em>15</em></strong></span> 
     </span>
     <span class='ocr_line' id='line_1_17' title="bbox 138 1604 1829 1676; baseline 0.001 -17"><span class='ocrx_word' id='word_1_121' title='bbox 138 1606 339 1660; x_wconf 82' lang='grc' dir='ltr'><strong><em>ἐκεῖνοι</em></strong></span> <span class='ocrx_word' id='word_1_122' title='bbox 385 1607 487 1676; x_wconf 81' lang='grc' dir='ltr'><strong><em>μὲν</em></strong></span> <span class='ocrx_word' id='word_1_123' title='bbox 534 1604 638 1661; x_wconf 84' lang='grc' dir='ltr'><strong><em>οὖν</em></strong></span> <span class='ocrx_word' id='word_1_124' title='bbox 685 1609 818 1671; x_wconf 82' lang='grc' dir='ltr'><strong><em>ἴσως</em></strong></span> <span class='ocrx_word' id='word_1_125' title='bbox 862 1609 927 1661; x_wconf 82' lang='grc' dir='ltr'><strong><em>τὰ</em></strong></span> <span class='ocrx_word' id='word_1_126' title='bbox 976 1608 1158 1661; x_wconf 83' lang='grc' dir='ltr'><strong><em>αὑτῶν</em></strong></span> <span class='ocrx_word' id='word_1_127' title='bbox 1206 1609 1479 1674; x_wconf 79' lang='grc' dir='ltr'><strong><em>ἰάσονται,</em></strong></span> <span class='ocrx_word' id='word_1_128' title='bbox 1534 1610 1603 1661; x_wconf 90' lang='grc' dir='ltr'><strong><em>σὺ</em></strong></span> <span class='ocrx_word' id='word_1_129' title='bbox 1659 1606 1732 1671; x_wconf 78' lang='grc' dir='ltr'><strong><em>δ’,</em></strong></span> <span class='ocrx_word' id='word_1_130' title='bbox 1787 1604 1829 1661; x_wconf 83' lang='grc' dir='ltr'><em>ὦ</em></span> 
     </span>
     <span class='ocr_line' id='line_1_18' title="bbox 136 1695 1830 1767; baseline 0.001 -19"><span class='ocrx_word' id='word_1_131' title='bbox 136 1697 391 1764; x_wconf 83' lang='grc' dir='ltr'><strong><em>βασιλεῦ,</em></strong></span> <span class='ocrx_word' id='word_1_132' title='bbox 436 1707 550 1766; x_wconf 84' lang='grc' dir='ltr'><strong><em>χρῶ</em></strong></span> <span class='ocrx_word' id='word_1_133' title='bbox 590 1702 824 1767; x_wconf 84' lang='grc' dir='ltr'><strong><em>θαρρῶν</em></strong></span> <span class='ocrx_word' id='word_1_134' title='bbox 866 1698 945 1760; x_wconf 85' lang='grc' dir='ltr'><strong><em>εἰς</em></strong></span> <span class='ocrx_word' id='word_1_135' title='bbox 984 1696 1151 1766; x_wconf 81' lang='grc' dir='ltr'><strong><em>ἀρχὰς</em></strong></span> <span class='ocrx_word' id='word_1_136' title='bbox 1189 1704 1252 1766; x_wconf 77' lang='grc' dir='ltr'><strong><em>τῇ</em></strong></span> <span class='ocrx_word' id='word_1_137' title='bbox 1291 1697 1454 1750; x_wconf 82' lang='grc' dir='ltr'><strong><em>τοῦδε</em></strong></span> <span class='ocrx_word' id='word_1_138' title='bbox 1494 1697 1685 1765; x_wconf 88' lang='grc' dir='ltr'><strong><em>φύσει,</em></strong></span> <span class='ocrx_word' id='word_1_139' title='bbox 1732 1695 1830 1749; x_wconf 82' lang='grc' dir='ltr'><strong><em>ἐάν</em></strong></span> 
     </span>
     <span class='ocr_line' id='line_1_19' title="bbox 137 1783 1829 1855; baseline 0.002 -19"><span class='ocrx_word' id='word_1_140' title='bbox 137 1803 194 1836; x_wconf 88' lang='grc' dir='ltr'><strong><em>τε</em></strong></span> <span class='ocrx_word' id='word_1_141' title='bbox 225 1785 326 1853; x_wconf 90' lang='grc' dir='ltr'><strong><em>τὴν</em></strong></span> <span class='ocrx_word' id='word_1_142' title='bbox 356 1783 562 1848; x_wconf 78' lang='grc' dir='ltr'><strong><em>ἔθνους</em></strong></span> <span class='ocrx_word' id='word_1_143' title='bbox 590 1783 688 1839; x_wconf 81' lang='grc' dir='ltr'><strong><em>ἐάν</em></strong></span> <span class='ocrx_word' id='word_1_144' title='bbox 717 1805 775 1839; x_wconf 91' lang='grc' dir='ltr'><strong><em>τε</em></strong></span> <span class='ocrx_word' id='word_1_145' title='bbox 807 1787 908 1855; x_wconf 86' lang='grc' dir='ltr'><strong><em>τὴν</em></strong></span> <span class='ocrx_word' id='word_1_146' title='bbox 939 1787 1212 1839; x_wconf 86' lang='grc' dir='ltr'><strong><em>πλειόνων</em></strong></span> <span class='ocrx_word' id='word_1_147' title='bbox 1243 1783 1438 1855; x_wconf 83' lang='grc' dir='ltr'><strong><em>ἐθέλῃς</em></strong></span> <span class='ocrx_word' id='word_1_148' title='bbox 1468 1787 1829 1854; x_wconf 82' lang='grc' dir='ltr'><strong><em>παραδοῦναι.</em></strong></span> 
     </span>
     <span class='ocr_line' id='line_1_20' title="bbox 138 1871 1830 1944; baseline 0.001 -19"><span class='ocrx_word' id='word_1_149' title='bbox 138 1872 388 1942; x_wconf 84' lang='grc' dir='ltr'><strong><em>εὑρήσεις</em></strong></span> <span class='ocrx_word' id='word_1_150' title='bbox 432 1875 537 1944; x_wconf 82' lang='grc' dir='ltr'><strong><em>γὰρ</em></strong></span> <span class='ocrx_word' id='word_1_151' title='bbox 587 1875 757 1928; x_wconf 87' lang='grc' dir='ltr'><strong><em>αὐτὸν</em></strong></span> <span class='ocrx_word' id='word_1_152' title='bbox 803 1877 864 1928; x_wconf 83' lang='grc' dir='ltr'><strong><em>ἕν</em></strong></span> <span class='ocrx_word' id='word_1_153' title='bbox 909 1894 968 1927; x_wconf 88' lang='grc' dir='ltr'><strong><em>τε</em></strong></span> <span class='ocrx_word' id='word_1_154' title='bbox 1013 1883 1129 1937; x_wconf 89' lang='grc' dir='ltr'><strong><em>τοῖς</em></strong></span> <span class='ocrx_word' id='word_1_155' title='bbox 1173 1873 1458 1927; x_wconf 82' lang='grc' dir='ltr'><strong><em>ἐλάττοσιν</em></strong></span> <span class='ocrx_word' id='word_1_156' title='bbox 1503 1871 1565 1927; x_wconf 80' lang='grc' dir='ltr'><strong><em>ἔν</em></strong></span> <span class='ocrx_word' id='word_1_157' title='bbox 1611 1894 1668 1927; x_wconf 92' lang='grc' dir='ltr'><strong><em>τε</em></strong></span> <span class='ocrx_word' id='word_1_158' title='bbox 1713 1882 1830 1937; x_wconf 89' lang='grc' dir='ltr'><strong><em>τοῖς</em></strong></span> 
     </span>
     <span class='ocr_line' id='line_1_21' title="bbox 137 1961 1895 2032; baseline 0.001 -19"><span class='ocrx_word' id='word_1_159' title='bbox 137 1963 344 2030; x_wconf 82' lang='grc' dir='ltr'><strong><em>μείζοσι</em></strong></span> <span class='ocrx_word' id='word_1_160' title='bbox 369 1971 644 2032; x_wconf 86' lang='grc' dir='ltr'><strong><em>τοιοῦτον,</em></strong></span> <span class='ocrx_word' id='word_1_161' title='bbox 677 1964 750 2027; x_wconf 83' lang='grc' dir='ltr'><strong><em>ὡς</em></strong></span> <span class='ocrx_word' id='word_1_162' title='bbox 772 1965 870 2017; x_wconf 92' lang='grc' dir='ltr'><strong><em>τὸν</em></strong></span> <span class='ocrx_word' id='word_1_163' title='bbox 894 1965 1244 2031; x_wconf 89' lang='grc' dir='ltr'><strong><em>παρελθόντα</em></strong></span> <span class='ocrx_word' id='word_1_164' title='bbox 1268 1965 1472 2032; x_wconf 87' lang='grc' dir='ltr'><strong><em>χρόνον</em></strong></span> <span class='ocrx_word' id='word_1_165' title='bbox 1495 1961 1831 2032; x_wconf 81' lang='grc' dir='ltr'><strong><em>ἑζημιῶσθαί</em></strong></span> <span class='ocrx_word' id='word_1_166' title='bbox 1852 1989 1895 2021; x_wconf 78' lang='lat'><strong><em>20</em></strong></span> 
     </span>
    </p>
   </div>
   <div class='ocr_carea' id='block_1_3' title="bbox 42 2052 955 2124">
    <p class='ocr_par' dir='ltr' id='par_1_5' title="bbox 42 2052 955 2124">
     <span class='ocr_line' id='line_1_22' title="bbox 42 2052 955 2124; baseline 0.005 -23"><span class='ocrx_word' id='word_1_167' title='bbox 42 2078 53 2124; x_wconf 52' lang='lat'><em>3</em></span> <span class='ocrx_word' id='word_1_168' title='bbox 139 2063 228 2102; x_wconf 94' lang='grc' dir='ltr'><strong><em>σοι</em></strong></span> <span class='ocrx_word' id='word_1_169' title='bbox 266 2052 331 2102; x_wconf 80' lang='grc' dir='ltr'><strong><em>τὰ</em></strong></span> <span class='ocrx_word' id='word_1_170' title='bbox 370 2053 660 2121; x_wconf 89' lang='grc' dir='ltr'><strong><em>πράγματα</em></strong></span> <span class='ocrx_word' id='word_1_171' title='bbox 698 2055 955 2121; x_wconf 82' lang='grc' dir='ltr'><strong><em>νομίζειν.</em></strong></span> 
     </span>
    </p>
   </div>
   <div class='ocr_carea' id='block_1_4' title="bbox 138 2154 492 2162">
    <p class='ocr_par' dir='ltr' id='par_1_6' title="bbox 138 2154 492 2162">
     <span class='ocr_line' id='line_1_23' title="bbox 138 2154 492 2162; baseline 0 932"><span class='ocrx_word' id='word_1_172' title='bbox 138 2154 492 2162; x_wconf 95' lang='lat' dir='ltr'><strong><em> </em></strong></span> 
     </span>
    </p>
   </div>
   <div class='ocr_carea' id='block_1_5' title="bbox 258 2196 1500 2255">
    <p class='ocr_par' dir='ltr' id='par_1_7' title="bbox 258 2196 1500 2255">
     <span class='ocr_line' id='line_1_24' title="bbox 258 2196 1500 2255; baseline 0.002 -17"><span class='ocrx_word' id='word_1_173' title='bbox 258 2201 282 2238; x_wconf 82' lang='lat'><strong>2</strong></span> <span class='ocrx_word' id='word_1_174' title='bbox 316 2196 422 2241; x_wconf 81' lang='lat' dir='ltr'><strong>Her.</strong></span> <span class='ocrx_word' id='word_1_175' title='bbox 440 2196 505 2240; x_wconf 90' lang='lat' dir='ltr'><strong><em>VI</em></strong></span> <span class='ocrx_word' id='word_1_176' title='bbox 527 2202 615 2241; x_wconf 82' lang='lat'><strong><em>120</em></strong></span> <span class='ocrx_word' id='word_1_177' title='bbox 738 2204 761 2242; x_wconf 85' lang='lat'><strong>7</strong></span> <span class='ocrx_word' id='word_1_178' title='bbox 796 2213 866 2255; x_wconf 85' lang='lat' dir='ltr'><strong><em>ep.</em></strong></span> <span class='ocrx_word' id='word_1_179' title='bbox 893 2202 992 2241; x_wconf 78' lang='lat'><strong>945.</strong></span> <span class='ocrx_word' id='word_1_180' title='bbox 1031 2202 1154 2241; x_wconf 74' lang='lat'>1224.</span> <span class='ocrx_word' id='word_1_181' title='bbox 1204 2196 1309 2241; x_wconf 81' lang='lat' dir='ltr'>Her.</span> <span class='ocrx_word' id='word_1_182' title='bbox 1328 2196 1390 2240; x_wconf 91' lang='lat' dir='ltr'><strong><em>VI</em></strong></span> <span class='ocrx_word' id='word_1_183' title='bbox 1418 2201 1500 2240; x_wconf 78' lang='lat'><strong><em>129</em></strong></span> 
     </span>
    </p>
   </div>
   <div class='ocr_carea' id='block_1_6' title="bbox 139 2289 494 2295">
    <p class='ocr_par' dir='ltr' id='par_1_8' title="bbox 139 2289 494 2295">
     <span class='ocr_line' id='line_1_25' title="bbox 139 2289 494 2295; baseline 0 0"><span class='ocrx_word' id='word_1_184' title='bbox 139 2289 494 2295; x_wconf 95' lang='lat' dir='ltr'><strong><em> </em></strong></span> 
     </span>
    </p>
   </div>
   <div class='ocr_carea' id='block_1_7' title="bbox 261 2329 1498 2385">
    <p class='ocr_par' dir='ltr' id='par_1_9' title="bbox 261 2329 1498 2385">
     <span class='ocr_line' id='line_1_26' title="bbox 261 2329 1498 2385; baseline 0 -13"><span class='ocrx_word' id='word_1_185' title='bbox 261 2334 314 2372; x_wconf 84' lang='lat'><strong><em>12</em></strong></span> <span class='ocrx_word' id='word_1_186' title='bbox 348 2329 514 2375; x_wconf 85' lang='grc' dir='ltr'><strong><em>εἰπεῖν·</em></strong></span> <span class='ocrx_word' id='word_1_187' title='bbox 552 2332 658 2375; x_wconf 84' lang='grc' dir='ltr'><strong><em>ἀντὶ</em></strong></span> <span class='ocrx_word' id='word_1_188' title='bbox 687 2339 769 2376; x_wconf 87' lang='grc' dir='ltr'><strong><em>τοῦ</em></strong></span> <span class='ocrx_word' id='word_1_189' title='bbox 802 2330 903 2376; x_wconf 87' lang='grc' dir='ltr'><strong><em>εἰπέ</em></strong></span> <span class='ocrx_word' id='word_1_190' title='bbox 930 2330 995 2374; x_wconf 76' lang='lat' dir='ltr'><strong><em>V&#39;</em></strong></span> <span class='ocrx_word' id='word_1_191' title='bbox 1056 2330 1112 2374; x_wconf 85' lang='lat' dir='ltr'><strong><em>cf.</em></strong></span> <span class='ocrx_word' id='word_1_192' title='bbox 1140 2330 1200 2374; x_wconf 83' lang='lat' dir='ltr'><strong><em>ad</em></strong></span> <span class='ocrx_word' id='word_1_193' title='bbox 1231 2332 1264 2373; x_wconf 77' lang='lat' dir='ltr'><strong><em>t.</em></strong></span> <span class='ocrx_word' id='word_1_194' title='bbox 1292 2329 1332 2372; x_wconf 90' lang='lat' dir='ltr'><strong>H</strong></span> <span class='ocrx_word' id='word_1_195' title='bbox 1364 2334 1498 2385; x_wconf 81' lang='lat'><strong>553‚1</strong></span> 
     </span>
    </p>
   </div>
   <div class='ocr_carea' id='block_1_8' title="bbox 140 2414 495 2422">
    <p class='ocr_par' dir='ltr' id='par_1_10' title="bbox 140 2414 495 2422">
     <span class='ocr_line' id='line_1_27' title="bbox 140 2414 495 2422; baseline 0 672"><span class='ocrx_word' id='word_1_196' title='bbox 140 2414 495 2422; x_wconf 95' lang='lat' dir='ltr'><strong><em> </em></strong></span> 
     </span>
    </p>
   </div>
   <div class='ocr_carea' id='block_1_9' title="bbox 261 2462 1742 2520">
    <p class='ocr_par' dir='ltr' id='par_1_11' title="bbox 261 2462 1742 2520">
     <span class='ocr_line' id='line_1_28' title="bbox 261 2462 1742 2520; baseline -0.001 -13"><span class='ocrx_word' id='word_1_197' title='bbox 261 2469 283 2507; x_wconf 91' lang='lat'>1</span> <span class='ocrx_word' id='word_1_198' title='bbox 317 2462 443 2508; x_wconf 76' lang='grc' dir='ltr'><strong><em>διατί</em></strong></span> <span class='ocrx_word' id='word_1_199' title='bbox 474 2466 651 2510; x_wconf 89' lang='lat' dir='ltr'><strong><em>AIBV</em></strong></span> <span class='ocrx_word' id='word_1_200' title='bbox 675 2467 722 2509; x_wconf 71' lang='lat' dir='ltr'><strong><em>et</em></strong></span> <span class='ocrx_word' id='word_1_201' title='bbox 754 2478 778 2508; x_wconf 83' lang='lat' dir='ltr'>e</span> <span class='ocrx_word' id='word_1_202' title='bbox 810 2463 891 2510; x_wconf 81' lang='grc' dir='ltr'><strong><em>διὰ</em></strong></span> <span class='ocrx_word' id='word_1_203' title='bbox 922 2465 966 2507; x_wconf 84' lang='grc' dir='ltr'><strong><em>τὶ</em></strong></span> <span class='ocrx_word' id='word_1_204' title='bbox 998 2477 1098 2507; x_wconf 84' lang='lat' dir='ltr'>corr</span> <span class='ocrx_word' id='word_1_205' title='bbox 1132 2463 1208 2518; x_wconf 79' lang='lat' dir='ltr'><strong><em>M,</em></strong></span> <span class='ocrx_word' id='word_1_206' title='bbox 1241 2463 1373 2520; x_wconf 87' lang='lat' dir='ltr'>Bong</span> <span class='ocrx_word' id='word_1_207' title='bbox 1568 2467 1594 2505; x_wconf 86' lang='lat'><strong>5</strong></span> <span class='ocrx_word' id='word_1_208' title='bbox 1627 2463 1678 2506; x_wconf 87' lang='grc' dir='ltr'><strong><em>τὸ</em></strong></span> <span class='ocrx_word' id='word_1_209' title='bbox 1712 2464 1742 2506; x_wconf 93' lang='grc' dir='ltr'><em>Ι</em></span> 
     </span>
    </p>
   </div>
   <div class='ocr_carea' id='block_1_10' title="bbox 47 2520 1826 2717">
    <p class='ocr_par' dir='ltr' id='par_1_12' title="bbox 47 2520 1826 2717">
     <span class='ocr_line' id='line_1_29' title="bbox 47 2520 1826 2597; baseline -0.001 -31"><span class='ocrx_word' id='word_1_210' title='bbox 47 2530 58 2574; x_wconf 75' lang='grc' dir='ltr'><strong><em>ῑ;</em></strong></span> <span class='ocrx_word' id='word_1_211' title='bbox 141 2526 167 2566; x_wconf 86' lang='grc'><strong>6</strong></span> <span class='ocrx_word' id='word_1_212' title='bbox 199 2520 442 2580; x_wconf 85' lang='grc' dir='ltr'><strong><em>νομίζομεν</em></strong></span> <span class='ocrx_word' id='word_1_213' title='bbox 457 2524 557 2597; x_wconf 81' lang='grc' dir='ltr'><strong><em>μὲν</em></strong></span> <span class='ocrx_word' id='word_1_214' title='bbox 584 2525 652 2568; x_wconf 90' lang='lat' dir='ltr'><strong><em>Va</em></strong></span> <span class='ocrx_word' id='word_1_215' title='bbox 803 2528 825 2566; x_wconf 81' lang='lat'><strong>7</strong></span> <span class='ocrx_word' id='word_1_216' title='bbox 859 2523 910 2567; x_wconf 87' lang='grc' dir='ltr'><strong><em>τὸ</em></strong></span> <span class='ocrx_word' id='word_1_217' title='bbox 943 2525 977 2567; x_wconf 93' lang='grc' dir='ltr'><em>Ι</em></span> <span class='ocrx_word' id='word_1_218' title='bbox 1008 2526 1013 2557; x_wconf 82' lang='lat'><strong>¹</strong></span> <span class='ocrx_word' id='word_1_219' title='bbox 1054 2520 1310 2575; x_wconf 84' lang='grc' dir='ltr'><strong><em>εἰπόντας,</em></strong></span> <span class='ocrx_word' id='word_1_220' title='bbox 1316 2523 1369 2577; x_wconf 80' lang='lat' dir='ltr'><strong><em>‚si</em></strong></span> <span class='ocrx_word' id='word_1_221' title='bbox 1400 2523 1504 2566; x_wconf 77' lang='lat' dir='ltr'><strong><em>bene</em></strong></span> <span class='ocrx_word' id='word_1_222' title='bbox 1534 2522 1677 2575; x_wconf 80' lang='lat' dir='ltr'><strong><em>habet,</em></strong></span> <span class='ocrx_word' id='word_1_223' title='bbox 1709 2521 1826 2566; x_wconf 79' lang='lat' dir='ltr'><em>deest</em></span> 
     </span>
     <span class='ocr_line' id='line_1_30' title="bbox 52 2557 1826 2652; baseline -0.001 -28"><span class='ocrx_word' id='word_1_224' title='bbox 52 2607 66 2639; x_wconf 57' lang='lat'><strong><em>‚⁴</em></strong></span> <span class='ocrx_word' id='word_1_225' title='bbox 140 2581 320 2637; x_wconf 80' lang='lat' dir='ltr'><strong><em>aliquid</em></strong></span> <span class='ocrx_word' id='word_1_226' title='bbox 337 2588 441 2638; x_wconf 80' lang='lat' dir='ltr'><em>post</em></span> <span class='ocrx_word' id='word_1_227' title='bbox 457 2580 797 2639; x_wconf 75' lang='grc' dir='ltr'><strong><em>Ιπποκλείδην,</em></strong></span> <span class='ocrx_word' id='word_1_228' title='bbox 829 2596 862 2626; x_wconf 80' lang='lat' dir='ltr'><strong><em>e.</em></strong></span> <span class='ocrx_word' id='word_1_229' title='bbox 889 2597 923 2626; x_wconf 84' lang='lat' dir='ltr'><strong><em>c.</em></strong></span> <span class='ocrx_word' id='word_1_230' title='bbox 951 2560 1212 2636; x_wconf 84' lang='grc' dir='ltr'><strong><em>σωφρονεῖν</em></strong></span> <span class='ocrx_word' id='word_1_231' title='bbox 1243 2557 1326 2626; x_wconf 69' lang='lat' dir='ltr'><strong><em>aut7</em></strong></span> <span class='ocrx_word' id='word_1_232' title='bbox 1356 2582 1453 2625; x_wconf 81' lang='lat' dir='ltr'><strong><em>eius</em></strong></span> <span class='ocrx_word' id='word_1_233' title='bbox 1476 2581 1568 2625; x_wconf 86' lang='lat' dir='ltr'><em>loco</em></span> <span class='ocrx_word' id='word_1_234' title='bbox 1594 2581 1826 2652; x_wconf 62' lang='lat' dir='ltr'><strong><em>legendum</em></strong></span> 
     </span>
     <span class='ocr_line' id='line_1_31' title="bbox 50 2632 1826 2717; baseline -0.002 -32"><span class='ocrx_word' id='word_1_235' title='bbox 50 2672 60 2717; x_wconf 33' lang='grc' dir='ltr'>ἑ</span> <span class='ocrx_word' id='word_1_236' title='bbox 141 2639 479 2692; x_wconf 79' lang='grc' dir='ltr'><strong><em>ἐπαινοῦντας“</em></strong></span> <span class='ocrx_word' id='word_1_237' title='bbox 503 2642 572 2686; x_wconf 80' lang='lat' dir='ltr'><strong><em>Re</em></strong></span> <span class='ocrx_word' id='word_1_238' title='bbox 696 2647 750 2685; x_wconf 92' lang='grc'><strong><em>10</em></strong></span> <span class='ocrx_word' id='word_1_239' title='bbox 782 2648 1043 2697; x_wconf 79' lang='grc' dir='ltr'><strong><em>πρᾶγμα-</em></strong></span> <span class='ocrx_word' id='word_1_240' title='bbox 1066 2644 1116 2683; x_wconf 85' lang='grc'><strong><em>17</em></strong></span> <span class='ocrx_word' id='word_1_241' title='bbox 1144 2641 1330 2698; x_wconf 82' lang='grc' dir='ltr'><strong><em>βασιλεῦ</em></strong></span> <span class='ocrx_word' id='word_1_242' title='bbox 1355 2653 1429 2683; x_wconf 88' lang='lat' dir='ltr'><strong><em>om</em></strong></span> <span class='ocrx_word' id='word_1_243' title='bbox 1453 2641 1485 2683; x_wconf 96' lang='grc' dir='ltr'><em>Ι</em></span> <span class='ocrx_word' id='word_1_244' title='bbox 1604 2644 1657 2682; x_wconf 86' lang='grc'><strong><em>15</em></strong></span> <span class='ocrx_word' id='word_1_245' title='bbox 1692 2632 1727 2699; x_wconf 80' lang='grc' dir='ltr'><strong><em>ᾧ</em></strong></span> <span class='ocrx_word' id='word_1_246' title='bbox 1760 2639 1826 2683; x_wconf 79' lang='lat' dir='ltr'><strong><em>Re</em></strong></span> 
     </span>
    </p>
   </div>
   <div class='ocr_carea' id='block_1_11' title="bbox 0 1143 84 3094">
    <p class='ocr_par' dir='ltr' id='par_1_13' title="bbox 0 1143 84 3094">
     <span class='ocr_line' id='line_1_32' title="bbox 0 1143 84 3094; baseline 0 0"><span class='ocrx_word' id='word_1_247' title='bbox 0 1143 84 3094; x_wconf 95' lang='lat' dir='ltr'><strong><em> </em></strong></span> 
     </span>
    </p>
   </div>
   <div class='ocr_carea' id='block_1_12' title="bbox 201 2698 1677 2758">
    <p class='ocr_par' dir='ltr' id='par_1_14' title="bbox 201 2698 1677 2758">
     <span class='ocr_line' id='line_1_33' title="bbox 201 2698 1677 2758; baseline -0.001 -15"><span class='ocrx_word' id='word_1_248' title='bbox 201 2699 261 2750; x_wconf 83' lang='grc' dir='ltr'><strong><em>ὡς</em></strong></span> <span class='ocrx_word' id='word_1_249' title='bbox 289 2699 400 2744; x_wconf 86' lang='lat' dir='ltr'>libri</span> <span class='ocrx_word' id='word_1_250' title='bbox 430 2701 564 2758; x_wconf 90' lang='lat' dir='ltr'>Bong</span> <span class='ocrx_word' id='word_1_251' title='bbox 687 2705 738 2745; x_wconf 88' lang='lat'><strong><em>16</em></strong></span> <span class='ocrx_word' id='word_1_252' title='bbox 772 2702 925 2745; x_wconf 83' lang='grc' dir='ltr'><strong><em>αὐτῶν</em></strong></span> <span class='ocrx_word' id='word_1_253' title='bbox 961 2700 1104 2744; x_wconf 82' lang='lat' dir='ltr'><strong><em>CRM</em></strong></span> <span class='ocrx_word' id='word_1_254' title='bbox 1114 2700 1153 2743; x_wconf 91' lang='lat' dir='ltr'><strong><em>V</em></strong></span> <span class='ocrx_word' id='word_1_255' title='bbox 1173 2699 1305 2757; x_wconf 85' lang='lat' dir='ltr'><strong>Bong</strong></span> <span class='ocrx_word' id='word_1_256' title='bbox 1332 2702 1337 2754; x_wconf 90' lang='grc' dir='ltr'>Ι</span> <span class='ocrx_word' id='word_1_257' title='bbox 1366 2698 1416 2743; x_wconf 77' lang='grc' dir='ltr'><strong><em>δὲ</em></strong></span> <span class='ocrx_word' id='word_1_258' title='bbox 1450 2699 1556 2743; x_wconf 87' lang='grc' dir='ltr'><strong><em>ΒΜ</em></strong></span> <span class='ocrx_word' id='word_1_259' title='bbox 1587 2698 1677 2742; x_wconf 81' lang='lat' dir='ltr'><strong><em>edd</em></strong></span> 
     </span>
    </p>
   </div>
  </div>
 </body>
</html>
