1992 3094
178 86 285 138 386
694 83 921 127 LIBANII
953 82 1175 127 ORATIO
1207 83 1352 128 XLVI

178 217 238 273 δὲ
282 219 374 273 καὶ
420 219 593 289 μηδὲν
642 213 676 289 ᾖ
722 219 960 287 τούτων,
1013 219 1073 271 τὸ
1127 217 1290 287 κέρας
1337 218 1666 290 ἀπέχρησεν,
1721 212 1762 292 ᾧ
1803 221 1864 273 τὸ

176 313 354 377 χεῖλος
401 308 623 378 ἀργύρῳ
669 310 1010 375 κεκόσμηται.
1092 307 1174 360 15.
1229 308 1290 360 τὸ
1341 305 1401 360 δὲ
1447 306 1509 360 ἐν
1550 310 1758 375 μείζονι
1800 317 1864 379 τῇ

175 406 270 466 τῆς
310 398 515 458 δόσεως
555 395 763 465 ἀνάγκῃ
813 395 840 448 ὁ
889 397 1110 464 πευθὴν
1148 395 1239 448 καὶ
1277 397 1343 449 τὰ
1383 398 1586 450 τούτου
1623 395 1715 449 καὶ
1756 394 1866 450 ὦτα

131 509 153 539 4
176 506 264 538 και
298 487 521 552 ὄμματα.
583 483 674 536 καὶ
706 491 780 556 τῷ
807 487 935 537 λιάν
967 483 1325 557 ἀναμαρτήτω
1356 485 1534 538 πάντα
1565 485 1867 554 ἡμάρτηται

91 587 127 629 R
150 586 191 629 ΙΙ
207 590 290 629 471
324 574 526 626 τούτου
555 572 916 641 βουλομένου.
944 571 950 643 Ι
977 571 1081 625 κᾶν
1113 568 1146 644 ᾖ
1178 572 1411 642 μέτριος,
1443 573 1707 643 ὑβριστής
1737 573 1866 627 ἐστι.

175 666 338 714 λῦσαι
385 662 445 715 δὲ
491 663 586 724 τας
632 664 805 725 αἰτίας
851 661 955 715 κᾶν
994 657 1028 733 ᾖ
1069 661 1290 732 ῥᾴδιον,
1338 664 1513 715 εἰπεῖν
1560 663 1662 716 οὐκ
1701 661 1864 726 ἔστιν.

175 752 231 804 οί
268 749 317 803 δ’
356 749 417 804 ἐν
457 753 800 821 Συβαριτικῇ
847 748 949 820 μὲν
996 751 1227 822 τραπέζῃ
1277 750 1536 820 δέχεσθαι
1583 754 1714 814 τοὺς
1754 751 1866 804 ε’πι-

173 840 425 907 τηδείους
464 838 767 908 ἐθέλοντες,
809 839 1129 893 ἀναλίσκειν
1170 837 1231 893 δὲ
1275 839 1341 893 οὐ
1381 841 1713 909 βουλόμενοι
1751 848 1867 903 τοῖς

173 938 284 980 τῶν
330 929 514 981 ἄλλων
559 937 748 990 κακοῖς
795 926 1105 999 ἑστιάτορές
1144 931 1299 982 εἰσιν.
1378 921 1486 982 εἷθ’
1517 930 1569 981 οἱ
1609 929 1709 997 μὲν
1748 927 1866 998 ἄρι-

107 1038 149 1070 10
175 1026 402 1084 στῶσιν,
450 1018 508 1070 οἱ
550 1013 610 1069 δὲ
658 1015 1050 1087 ἐπανέρχονται
1098 1018 1285 1071 οἴκαδε
1338 1026 1457 1080 ταῖς
1505 1015 1724 1086 γυναιξὶ
1770 1018 1866 1079 τὰς

172 1107 439 1175 μαχαίρας
472 1105 735 1174 φέροντες
766 1106 856 1158 καὶ
895 1107 995 1160 τὸν
1025 1105 1150 1176 περὶ
1189 1114 1289 1159 τοῦ
1330 1108 1515 1175 φόβου
1548 1114 1648 1158 τοῦ
1687 1106 1866 1159 πάντα

171 1193 495 1262 βιαζομένου
546 1197 728 1262 λόγον.
816 1195 898 1247 16.
954 1195 1044 1247 καὶ
1092 1197 1204 1248 ἔδει
1252 1192 1353 1264 μὲν
1401 1193 1462 1248 ἐν
1507 1201 1582 1267 τῷ
1622 1200 1865 1262 πευθῆνι

170 1291 333 1335 τοῦτο
375 1281 615 1351 ἑστάναι,
654 1291 761 1336 νῦν
798 1280 858 1336 δὲ
898 1291 1002 1346 πᾶς
1035 1283 1128 1353 ἀφ’
1169 1283 1408 1337 ὁτουοῦν
1447 1286 1716 1353 σχήματος
1753 1293 1865 1335 τῶν

171 1374 466 1439 βασιλείων
511 1370 751 1441 μετέχων
796 1371 887 1424 καὶ
936 1367 1098 1435 οὗτος
1144 1371 1287 1436 ἀξιοῖ
1331 1382 1443 1426 τῶν
1498 1373 1681 1425 αὐτῶν
1731 1371 1864 1424 ἀπο-

106 1481 146 1513 15
172 1461 379 1528 λαύειν,
411 1461 655 1532 τοσούτω
687 1462 1042 1528 μετριώτεροι
1072 1470 1184 1514 τῶν
1215 1464 1516 1530 πευθήνων
1548 1463 1717 1529 ὄντες,
1754 1460 1865 1532 ὅσῳ

175 1549 308 1617 φασὶ
350 1549 567 1617 δώσειν,
608 1550 656 1601 εἰ
695 1550 784 1602 καὶ
823 1551 1049 1614 ψευδεῖς
1088 1551 1143 1602 αἱ
1183 1549 1518 1618 ὑποσχέσεις.
1594 1549 1684 1602 καὶ
1723 1549 1862 1618 ὑπὲρ

171 1638 384 1690 τούτων
424 1630 548 1690 οἶδα
586 1639 763 1691 πολλὰ
809 1640 1090 1709 τραύματα
1134 1639 1226 1692 καὶ
1274 1639 1488 1708 δάκρυα
1527 1637 1864 1706 γεγενημένα

170 1733 268 1778 τοῦ
318 1734 600 1779 στενωποῦ
646 1728 819 1780 ταῦτά
864 1747 929 1794 με
970 1727 1333 1790 διδάσκοντος
1374 1734 1473 1780 τοῦ
1515 1726 1576 1780 ἐν
1617 1733 1691 1798 τῷ
1731 1729 1863 1794 βου-

80 1826 122 1869 R
145 1826 288 1869 11472
323 1817 604 1887 λευτηρίῳ.
673 1814 870 1869 πολλοὶ
902 1823 1043 1884 γοῦν
1076 1818 1230 1883 λόγοι
1266 1825 1382 1878 τοῖς
1413 1816 1677 1885 ὀδυρμοῖς
1711 1813 1717 1886 Ι
1751 1825 1864 1868 τῶν

103 1925 146 1956 20
169 1902 483 1970 παιομένων
531 1905 877 1973 διεκόπησαν.
954 1907 1010 1957 τί
1049 1900 1162 1957 ὀὖν
1206 1905 1560 1973 θαυμαστόν,
1616 1905 1662 1957 εἰ
1716 1905 1863 1973 παρὰ

170 2001 281 2044 τῶν
312 1996 533 2044 κλοπῶν
564 2002 675 2045 τῶν
705 1994 977 2046 τοιούτων
1008 1993 1247 2063 ἔπραξάν
1278 2012 1330 2045 τι
1370 1991 1497 2061 περὶ
1536 1994 1602 2046 τὰ
1642 1993 1862 2062 σταθμὰ

169 2087 424 2133 τοιοῦτον
463 2073 584 2134 οἷον
623 2082 726 2134 οὐκ
765 2083 851 2150 ἄν,
892 2083 940 2135 εἰ
977 2083 1050 2151 μὴ
1089 2090 1259 2135 ταῦτα
1299 2084 1561 2151 ἔπασχον;

287 2231 311 2268 2
347 2225 428 2269 od.
457 2229 486 2271 ὃ
511 2231 607 2270 616.
642 2243 666 2270 ο
695 2232 777 2270 116
961 2232 985 2270 3
1020 2227 1076 2271 of.
1109 2242 1154 2283 p.
1182 2232 1253 2282 42,
1272 2231 1326 2270 20
1360 2228 1407 2270 et
1439 2227 1500 2270 ad
1530 2228 1563 2270 t.
1588 2226 1631 2269 Π
1664 2231 1762 2281 294,
1783 2231 1862 2283 103

170 2289 334 2337 297‚11
461 2290 483 2328 7
519 2285 574 2329 cf.
600 2287 633 2329 t.
658 2286 702 2329 ΙΙ
726 2291 862 2341 544‚7
987 2291 1038 2330 11
1075 2287 1131 2330 cf.
1156 2301 1201 2342 p.
1223 2291 1390 2340 296‚24
1415 2288 1462 2329 et
1486 2286 1547 2329 ad
1570 2301 1615 2342 p.
1635 2289 1800 2340 280‚12

230 2348 283 2386 18
318 2343 374 2387 ef.
400 2359 444 2399 p.
465 2349 653 2401 347‚16;
685 2347 718 2390 t.
743 2346 765 2389 Ι
791 2350 889 2401 318,
902 2350 956 2390 18

288 2481 312 2519 2
347 2474 394 2519 δ’
431 2477 498 2520 Re
663 2482 687 2520 5
720 2471 861 2535 καὶῆ
891 2478 993 2522 Mor
1025 2479 1106 2522 sed
1138 2475 1226 2522 κᾶν
1257 2473 1287 2535 ῄ
1321 2477 1427 2521 coni
1483 2478 1489 2534 Ι
1547 2477 1669 2522 ἐστιν
1700 2479 1746 2522 P

172 2540 194 2577 7
230 2537 500 2607 συβαριτικῆ
535 2536 580 2579 Ρ
608 2537 687 2580 sed
720 2554 748 2592 η
781 2497 936 2580 11177138
968 2537 1039 2580 m²
1174 2542 1199 2580 8
1233 2536 1280 2582 δ’
1315 2535 1382 2580 Re
1531 2541 1555 2579 9
1590 2535 1634 2579 οἱ
1664 2534 1719 2579 θ’
1756 2538 1802 2581 Β

174 2599 226 2636 10
262 2591 308 2636 δ’
336 2594 403 2637 Re
526 2600 579 2637 13
615 2592 720 2639 ὅτου
747 2593 830 2640 οὖν
855 2598 900 2640 A
926 2597 1017 2639 edd
1086 2595 1252 2640 ὁτοοῦν
1275 2597 1311 2640 Ι
1425 2599 1480 2638 14
1513 2596 1754 2652 βασιλειῶν
1782 2596 1861 2640 OA

171 2654 251 2695 sed
284 2653 333 2695 in
364 2653 495 2696 hoc
530 2667 652 2709 erae,
683 2655 719 2697 I
770 2657 775 2711 Ι
833 2652 967 2706 οὗτος
992 2655 1120 2700 VRe
1197 2654 1342 2705 οὕτως
1371 2653 1541 2708 reliqui
1570 2653 1680 2697 libri
1712 2655 1801 2697 edd

172 2716 226 2754 18
259 2719 405 2755 ταῦτα
438 2712 856 2768 μεταδιδάσκοντος
881 2715 925 2759 V
1063 2719 1118 2757 19
1153 2712 1195 2772 γ’
1227 2711 1311 2758 οὖν
1342 2715 1387 2757 Α
1430 2716 1435 2767 Ι
1477 2719 1568 2757 τῶν
1602 2714 1755 2814 01111111
1786 2713 1861 2756 lac

171 2775 285 2813 3-4
318 2770 397 2813 litt
429 2772 474 2813 B
535 2779 632 2821 τοῖς
660 2772 831 2828 reliqui
862 2772 971 2816 libri
1002 2773 1104 2816 Mor
1162 2780 1260 2824 τοῖς
1289 2779 1381 2817 τῶν
1413 2772 1481 2814 Re
1727 2777 1863 2829 „post

168 2830 389 2872 τοιούτων
431 2830 575 2874 deesse
614 2832 793 2875 videtur
833 2831 1210 2905 ἀναγκασθέντες
1249 2838 1331 2875 aut
1363 2829 1699 2887 ὃιὸαχθέντες“
1727 2807 1799 2874 'Re

170 2890 219 2929 at
251 2887 306 2930 cf.
333 2890 364 2931 t.
391 2888 535 2942 1245,
549 2894 594 2942 73
629 2894 727 2943 275,
742 2895 793 2933 12
823 2893 828 2947 Ι
858 2889 1046 2946 στάθμα
1078 2891 1213 2935 ΑΡΒ

1961 398 1985 666 *wa—mm*
1971 343 1973 346 Δ
1963 294 1975 305 2⁴
1969 218 1974 251 -»

1953 1322 1976 1507 Jssfffwae’st'U
1961 1282 1971 1295 v·
1959 1246 1966 1271 ’⁴
1959 1225 1963 1227 '
1964 1153 1972 1166 v·
1963 1128 1974 1138 '⁴
1965 1098 1971 1114 -‘
1970 1077 1975 1084 .
1963 987 1976 1063 'nr‘
1967 921 1974 941 -»

1954 1747 1969 1779 ’”ῖ»·
1950 1637 1970 1731 »4305
1960 1619 1961 1625 ε
1955 1594 1957 1599 “
1966 1574 1968 1579 ,
