1992 3094
200 70 307 123 352
430 133 435 138 ι
713 67 941 112 LIBANII
972 66 1196 111 ORATIO
1228 66 1374 111 XLIV

303 208 539 257 Codicum
578 224 693 256 vero
733 207 1071 268 Ambrosiam,
1110 206 1326 254 Parisini
1368 207 1535 267 3017,
1580 206 1892 268 Mutinensis,

202 282 537 343 Ottoboniani,
569 283 876 331 Monacensis
899 283 1018 342 113,
1046 281 1304 328 Urbinatis
1325 281 1445 340 125,
1476 279 1692 328 Parisini
1717 280 1892 343 Suppl.

204 358 306 404 656
344 372 454 403 cum
483 357 585 404 tale
618 371 720 405 esse
751 357 967 417 pretium
999 355 1454 417 demonstraverim,
1486 357 1543 402 ut
1573 355 1711 402 nullo
1744 354 1893 402 detri-

199 432 363 477 mento
412 429 472 476 ab
521 432 767 492 apparatu
814 429 983 477 critico
1032 428 1200 477 abesse
1239 430 1454 490 possint,
1500 429 1553 475 in
1597 428 1892 477 lectionibus

200 504 421 551 codicum
464 502 802 552 CAPUIBM
808 504 855 552 V
885 502 1146 551 reddendis
1186 503 1288 550 fere
1328 502 1568 564 acquievi.

312 577 477 625 Unum
522 578 687 626 locum
733 578 1030 625 Macarius
1070 570 1646 643 Chrysooephalusl)
1686 577 1771 626 fol.
1800 578 1895 625 90v

202 652 465 713 excerpsit,
512 668 657 713 quem
705 667 815 700 cum
861 658 950 715 τῆς
995 649 1117 716 πρὸς
1163 649 1392 714 μαθητὰς
1439 647 1628 713 ὁμιλίας
1668 647 1895 715 δευτέρας

199 725 450 786 inscripsit
497 741 649 786 aeque
698 728 847 787 atque
885 726 938 772 in
978 726 1200 773 oratione
1240 725 1551 773 antecedenti
1562 718 1604 790 ²)
1645 725 1703 771 de
1747 740 1894 788 argu-

199 801 365 846 mento
404 798 551 861 plane
591 814 640 847 se
681 800 923 847 caecutire
963 799 1198 861 prodidit.

312 870 485 920 Oratio
520 874 736 935 primum
767 873 992 921 Venetiis
1025 889 1152 920 anno
1189 874 1331 920 1754
1373 888 1402 920 a
1432 872 1893 936 Bongiovannio

200 964 247 1009 p.
283 948 584 994 250—252
636 964 660 995 e
708 947 872 995 codice
910 948 979 995 M
1010 947 1198 1009 publici
1240 947 1363 994 iuris
1402 946 1537 995 facta
1577 948 1664 995 est.
1743 945 1893 995 Cuius

202 1020 431 1068 editionis
470 1021 595 1069 vitia
636 1021 735 1068 alia
774 1022 1054 1070 Reiskius
1094 1021 1607 1082 Animadversionum,
1648 1036 1770 1082 quas
1815 1020 1894 1069 die

204 1096 378 1155 quinto
427 1097 608 1142 mensis
661 1096 951 1158 septembris
1003 1097 1122 1142 anni
1169 1098 1233 1143 17
1242 1096 1308 1142 62
1362 1110 1413 1143 se
1464 1095 1732 1143 absolvisse
1783 1095 1893 1142 sub·

202 1169 420 1229 scripsit,
462 1170 711 1217 volumine
760 1172 933 1231 quinto
980 1187 1026 1231 p.
1062 1170 1166 1217 583
1209 1171 1259 1216 et
1300 1170 1405 1216 584
1454 1169 1746 1230 divinando,
1795 1170 1895 1217 alia

203 1257 294 1303 ope
345 1242 566 1290 codicum
613 1241 663 1290 A
710 1247 759 1291 et
804 1245 894 1292 Mo
940 1245 1139 1292 sanavit
1189 1244 1243 1290 in
1298 1243 1513 1291 editione
1569 1259 1718 1305 quam
1772 1259 1896 1290 uxor

201 1315 351 1377 prelis
391 1317 637 1366 commisit
674 1320 710 1366 t.
742 1317 793 1365 II
831 1335 877 1379 p.
905 1319 1213 1365 432-434.
1289 1317 1348 1364 In
1389 1318 1517 1365 hanc
1557 1317 1708 1365 etiam
1746 1320 1895 1365 notae

202 1390 700 1439 Animadversionum
738 1393 1054 1440 transierunt.

313 1463 478 1511 Unum
517 1465 680 1513 locum
718 1468 929 1514 correxit
970 1465 1239 1514 Cobetus.

325 1622 365 1675 1)
399 1619 464 1664 Cf.
490 1623 522 1664 t.
549 1622 569 1664 I
601 1637 644 1678 p.
665 1626 763 1665 351.
932 1625 975 1679 2)
1009 1620 1074 1666 Cf.
1102 1638 1145 1679 p.
1169 1626 1267 1667 335.
