1992 3094
182 118 304 162 XXX
716 112 1058 158 PRAEFATIO
1094 111 1327 157 CRITICA

180 257 232 307 ἐκ
270 256 479 320 Λήμνου
528 253 832 317 Φιλοκτήτης
872 251 988 317 μετὰ
1029 259 1127 300 τῶν
1166 251 1321 311 τόξων
1351 246 1676 315 “Ηρακλεόυς,
1723 248 1875 315 μικρὰ

181 329 242 379 ἂν
289 323 352 394 ἧν
399 328 455 377 τὰ
500 336 597 377 τῶν
643 326 867 378 ὁπλιτῶν.
944 327 1136 374 Iniuria
1174 325 1532 374 Herwerdenus
1579 324 1624 373 εἰ
1667 322 1758 390 γὰρ
1802 323 1870 388 μὴ

183 421 269 467 pro
308 404 353 453 εἰ
389 401 442 452 δὲ
482 403 547 467 μὴ
588 402 859 464 exspectari
893 402 1028 448 dicit.
1097 400 1355 448 Particula
1386 399 1698 447 adversativa
1728 399 1876 446 unice

180 481 313 526 iusta
352 480 438 525 est.

290 569 336 614 p.
366 552 528 611 314,3
561 549 792 599 θυόντων
824 547 914 614 γὰρ
947 547 1068 616 αὐτῇ
1109 554 1206 596 τῶν
1246 545 1530 612 ἀνθρώπων
1569 543 1877 611 ἀνθρώπους

182 623 419 689 οἰομένων
467 625 570 672 δεῖν
614 623 852 688 μεγίστοις
891 620 999 671 ἀντὶ
1037 621 1273 687 μεγίστων
1311 628 1456 684 τιμᾶν
1497 618 1749 684 μετέστησε
1788 618 1878 668 τὸν

182 699 351 763 νόμον,
391 696 492 747 ἐπεὶ
530 695 611 746 καὶ
649 691 764 762 παρ’
802 690 876 754 οἷς
915 695 1081 760 αἵματι
1119 702 1312 759 τιμᾶται
1350 692 1429 743 ἐπὶ
1468 693 1691 763 τοιούτῳ,
1731 694 1873 753 ζῶντι

181 781 372 836 τιμᾶται
419 771 595 835 αἵματι.
679 772 942 827 „Prorsus,
995 770 1161 832 inquit
1205 769 1586 829 Herwerdenus‚
1640 783 1716 816 me
1761 769 1874 817 latet

182 863 319 908 quem
349 861 542 894 sensum
574 845 724 893 editor
753 846 828 893 leis
858 845 1017 893 verbis
1049 845 1206 892 eliciat
1237 845 1422 891 inserta
1459 843 1517 890 dc
1554 856 1641 890 suo
1679 843 1875 903 v-iryula

174 924 287 981 post
330 918 590 988 τοιούτῳ.
676 919 854 967 Procul
899 919 1045 966 dubio
1091 921 1319 978 corrupta
1357 920 1492 974 sumt,
1540 931 1628 964 nec
1662 931 1875 977 prorsus

181 996 299 1043 milei
349 995 590 1053 satisfacit
645 993 842 1041 Gasdae
896 994 1167 1040 coniectura
1220 998 1456 1054 τιμᾶται
1506 987 1587 1039 ἔτι
1641 994 1713 1058 τῷ
1761 997 1873 1038 τῶν

184 1068 412 1127 ζώντων
459 1075 694 1130 τιμᾶται
741 1066 956 1130 αἴματι.
1045 1067 1164 1114 Vide
1211 1081 1330 1113 num
1375 1066 1595 1125 sufficiat
1643 1062 1744 1113 ἐπεὶ
1791 1062 1876 1112 καὶ

183 1137 298 1206 παρ’
343 1136 416 1199 οἷς
462 1141 627 1204 αἵματι
676 1147 868 1204 τιμᾶται
914 1136 1146 1204 <οὐκ>έτι
1191 1138 1395 1208 τοιούτῳ
1445 1133 1633 1204 [ζῶντι]
1680 1146 1878 1202 τιμᾶται

184 1215 364 1279 αἵματι,
403 1219 457 1263 ut
487 1216 627 1273 ζῶντι
655 1216 937 1274 ylossatoris
969 1228 1068 1262 esse
1098 1213 1385 1261 credamus?
1458 1214 1616 1261 Verte:
1655 1213 1877 1274 quando—

185 1289 382 1351 quidem
422 1290 572 1337 etiam
610 1289 695 1336 ubi
729 1289 893 1336 Diana
933 1290 1172 1352 sanguine
1211 1288 1486 1336 honoratur
1523 1304 1623 1335 non
1662 1287 1878 1349 amplius

183 1363 462 1411 huiusmodi
481 1356 535 1430 (i.
554 1378 588 1411 e.
605 1356 840 1428 humano)
862 1363 1134 1410 honoratur
1153 1364 1392 1424 sanguine
1411 1354 1517 1428 (sed
1541 1355 1876 1427 bestiarum).“

185 1438 356 1498 Neque
394 1436 544 1485 verba
591 1439 824 1498 corrupta
870 1438 985 1484 sunt
1029 1452 1186 1498 neque
1233 1435 1292 1483 de
1339 1451 1484 1484 sensu
1527 1451 1698 1483 eorum
1736 1435 1876 1482 dubi-

186 1511 311 1558 tatio
342 1525 444 1558 esse
475 1512 639 1572 potuit
668 1511 951 1572 respicienti
981 1510 1142 1558 locum
1175 1526 1319 1571 quem
1345 1511 1687 1557 commentarii
1717 1509 1879 1557 instar

187 1584 425 1646 adscripsi
456 1601 480 1631 e
505 1584 622 1631 Vita
654 1601 700 1645 p.
729 1585 890 1644 93,15
924 1579 1005 1646 ἐφ’
1034 1582 1207 1650 ἑορτὴν
1239 1582 1559 1647 Λακωνικήν,
1591 1580 1677 1641 τὰς
1709 1582 1876 1647 μάστι-

187 1677 298 1723 γας,
349 1656 655 1722 ἐπειγόμενος
705 1674 816 1706 cum
866 1658 1064 1706 scholio.
1141 1657 1291 1720 Apud
1336 1657 1751 1705 Lacedaemonios
1797 1654 1877 1705 ἐπὶ

188 1731 389 1799 τοιούτῳ
423 1725 509 1798 (sc.
535 1725 693 1799 νόμῳ)
732 1733 1004 1779 honoratur
1041 1732 1204 1780 Diana
1243 1732 1496 1795 sanguine,
1535 1732 1620 1778 sed
1652 1733 1728 1779 est
1765 1747 1875 1778 san-

189 1806 297 1869 guis
330 1806 485 1853 vivus.
540 1806 653 1852 Non
685 1807 850 1867 agitur
882 1806 939 1853 de
970 1807 1287 1866 mactatione,
1320 1804 1402 1852 sed
1435 1805 1493 1852 de
1524 1805 1875 1868 flagellatione.

190 1880 330 1936 ζῶντι
369 1881 443 1926 est
480 1895 572 1926 vox
611 1880 868 1940 primaria,
917 1896 1040 1940 quae
1087 1880 1224 1927 nullo
1272 1882 1417 1941 pacto
1461 1866 1613 1926 deleri
1652 1879 1875 1926 debebat.

191 1951 391 2020 τοιούτῳ
424 1951 588 2014 αἵματι
618 1969 759 2001 nemo
787 1956 985 2014 poterat
1014 1970 1104 2015 pro
1138 1954 1375 2016 sanguine
1399 1954 1614 2000 humano
1640 1954 1876 2014 accipere.

190 2026 348 2074 Locus
373 2026 404 2073 l.
423 2027 486 2073 16
515 2026 575 2072 ad
610 2043 750 2087 quem
777 2027 1131 2075 Hei-werdenus
1155 2030 1391 2088 provocat
1421 2027 1546 2073 alius
1572 2027 1646 2074 est
1669 2028 1875 2089 generis.

302 2116 346 2161 p.
382 2101 501 2159 315,
523 2101 551 2146 6
600 2100 780 2157 θυσίας
827 2098 982 2164 αὐτὴν
1030 2099 1362 2166 ἀποστερήσας
1400 2099 1532 2158 τινὸς
1570 2099 1759 2148 ἔστενεν
1797 2097 1877 2148 ἐπὶ

191 2176 291 2229 τοῖς
337 2170 553 2236 δένδρεσι
599 2177 698 2230 τοῖς
746 2172 920 2222 ἑαυτοῦ
967 2172 1220 2237 κειμένοις
1253 2171 1542 2237 ἡττωμένων
1586 2180 1684 2222 τῶν
1730 2174 1876 2240 ῥιζῶν

192 2244 308 2303 συὸς
357 2244 465 2304 ἑνὸς
514 2245 735 2310 ἐμβολῆς.
824 2248 1038 2296 Admitti
1092 2251 1255 2310 potest
1310 2248 1444 2310 quod
1492 2248 1665 2309 reponi
1714 2248 1878 2296 voluit

192 2319 546 2366 Herwerdenus
604 2316 906 2383 ἡττημένων,
968 2325 1021 2369 at
1076 2324 1403 2370 necessarium
1456 2337 1554 2369 non
1609 2324 1703 2382 est,
1766 2337 1877 2369 cum

194 2388 406 2455 ἡττῶμαι
445 2395 662 2453 proxime
702 2394 762 2441 ad
804 2393 1010 2457 ἥττημαι
1053 2397 1278 2443 accedere
1317 2398 1491 2443 notum
1531 2397 1608 2442 sit.

303 2483 349 2527 p.
386 2467 553 2526 316,5
607 2460 665 2514 οὗ
713 2466 775 2530 δὴ
822 2466 901 2515 καὶ
949 2469 1332 2534 φιλανθρωπίαν
1378 2466 1626 2532 κατέμιξεν
1677 2465 1706 2532 ἡ
1757 2467 1877 2527 θεὸς

194 2546 539 2603 μετενεγκοῦσα
585 2538 636 2587 τὸ
684 2540 826 2602 ξίφος
872 2539 968 2589 ἀπὸ
1014 2549 1101 2606 τῆς
1146 2541 1296 2606 κόρης
1343 2536 1417 2590 ἐπ’
1461 2541 1669 2605 ἔλαφον,
1716 2539 1798 2590 καὶ
1843 2538 1874 2604 ἡ

196 2609 283 2674 μὲν
315 2609 574 2676 ἠφάνιστο,
607 2609 637 2675 ἡ
670 2613 810 2678 κόρη,
843 2610 872 2676 ἡ
907 2612 958 2662 δὲ
988 2608 1050 2678 ἦν
1075 2613 1127 2664 ἐν
1151 2616 1328 2681 χερσίν,
1360 2613 1390 2679 ἡ
1416 2614 1609 2678 ἔλαφος.
1663 2617 1877 2676 „Utrum

195 2688 346 2733 otiosa
393 2691 718 2746 epexeqemata
764 2683 794 2749 ἡ
842 2687 961 2752 κόρη
1011 2693 1052 2735 et
1096 2686 1126 2751 ἡ
1174 2688 1354 2750 ἔλαφος
1398 2691 1495 2749 ipsi
1543 2690 1765 2749 scriptori
1809 2704 1877 2737 an

195 2760 471 2818 mayistellis
502 2760 762 2807 debeantur
793 2762 1027 2821 ambiyo.“
1086 2763 1459 2811 Herwerdenus.
1528 2762 1597 2810 At
1629 2762 1876 2825 ambigere

195 2847 292 2952 {op
324 2832 504 2915 debuit.
574 2833 664 2880 Est
701 2834 792 2881 hoc
831 2834 1024 2882 dicendi
1062 2852 1215 2899 genus
1254 2837 1705 2897 frequentissimum
1745 2835 1876 2898 apud

237 2921 255 2951 1
291 2920 470 2952 amum.
