1992 3094
281 109 509 154 LIBANH
541 109 765 155 ORATIO
797 110 880 154 AD
915 109 1205 154 SENATUM
1235 108 1684 154 ANTIOCHENUM
1744 109 1853 161 437

162 248 424 316 τιμωρίας
469 240 539 313 ἧν
587 247 792 314 φόβου,
846 244 997 299 ταῦτ’
1044 247 1122 309 εἰς
1174 247 1275 315 τὴν
1321 246 1550 314 γνώμην
1600 245 1856 315 ἀνάφερε.

163 335 244 397 τίς
267 335 372 402 γὰρ
405 333 475 387 ἂν
499 335 695 402 ἤνεγκε
725 335 825 388 τὸν
848 333 1062 388 ἐκείνου
1089 335 1279 404 θυμὸν
1301 333 1496 404 ἔχοντα
1528 335 1588 387 τὸ
1622 335 1856 399 δίκαιον,

163 423 212 475 εἰ
251 421 280 475 ὃ
320 430 414 490 τῆς
447 421 640 491 ἀρετῆς
672 432 766 492 τῆς
797 422 1106 476 Ἰουλιανοῦ
1146 423 1449 492 κεφάλαιον
1487 419 1557 490 ἦν
1597 423 1857 492 ὀρθωθῆ-

163 531 254 563 ναι
294 511 389 573 τὰς
427 512 657 579 βουλάς,
696 514 860 565 τοῦτό
899 532 982 574 τις
1021 511 1298 577 ἐνεπόδιζε
1339 513 1429 565 καὶ
1467 512 1720 580 κωλυτὴν
1760 511 1854 564 αὑ-

162 599 261 652 τὸν
285 598 457 652 ἐποίει
487 607 588 652 τοῦ
613 602 876 668 μεγίστου
901 601 1219 671 πράγματος
1242 601 1332 654 καὶ
1366 598 1450 669 ἐφ’
1485 599 1590 672 ὅτῳ
1623 600 1856 668 μάλιστα
1905 620 1924 653 5

163 688 310 760 αὐτῷ
345 691 763 758 φιλοτιμεῖσθαι
803 697 1008 759 παρῆν;
1055 690 1127 758 μὴ
1176 685 1420 758 οὗνμμοι
1467 690 1567 757 τὴν
1611 688 1857 757 ἀνάγκην

164 775 285 829 ἀντὶ
338 783 434 845 τῆς
482 777 854 845 προαιρέσεως
910 777 1057 846 λέγε,
1113 777 1232 831 ἀλλ’
1281 779 1328 831 εἰ
1382 779 1453 846 μὴ
1510 784 1641 844 νῦν,
1694 776 1858 846 ἡνίκα

163 862 318 927 ἀδεὲς
355 866 416 918 τὸ
457 865 751 936 ῥᾳθυμεῖν,
791 874 955 919 τοῦτο
995 876 1245 920 ποιεῖται.

278 953 359 1006 19.
420 955 542 1007 Καὶ
595 957 659 1007 τί
709 956 777 1007 τὸ
833 954 1089 1024 κέρδος,
1144 958 1309 1024 φήσει
1363 975 1469 1022 τις,
1525 954 1603 1009 ἂν
1659 955 1687 1008 ὁ
1742 952 1859 1024 μὲν

161 1043 474 1109 βασιλεὺς
514 1043 853 1114 ἐπινεύσῃ,
899 1045 968 1097 τὸ
1019 1045 1086 1097 δὲ
1126 1044 1528 1114 ἀντικροῦον
1562 1042 1568 1115 Ι
1604 1043 1708 1111 γέ-
1739 1056 1947 1100 RII536

161 1151 366 1200 νηται
420 1130 511 1184 καὶ
565 1133 741 1205 τούτῳ
796 1134 856 1186 τὸ
913 1134 1090 1201 δόγμα
1144 1135 1366 1202 λυθείη;
1422 1129 1572 1200 οἶδα,
1635 1133 1774 1186 ὅθεν
1827 1131 1924 1187 ὁιι

162 1222 326 1289 λόγος
380 1215 557 1283 οὗτος.
656 1222 754 1274 τὸν
798 1220 1101 1291 Ἀπρώνιον
1156 1221 1395 1275 ἐννοεῖτε
1449 1222 1548 1274 τὸν
1603 1221 1707 1274 ἀπὸ
1762 1230 1858 1290 τῆς

163 1311 517 1378 Χαλκηδόνος
563 1310 719 1379 μέχρι
765 1319 877 1363 τῶν
922 1311 1057 1380 πρὸς
1107 1313 1368 1363 Κιλικίαν
1417 1311 1565 1379 ὅρων
1619 1311 1858 1380 ἄρχοντα

161 1399 251 1451 καὶ
293 1399 365 1460 ὡς
396 1398 591 1466 ἠλέησε
630 1399 725 1461 τὰς
756 1400 962 1467 βουλὰς
993 1400 1082 1452 καὶ
1122 1399 1195 1461 ὡς
1226 1398 1465 1468 ἐμήνυσε
1503 1401 1718 1467 βασιλεῖ
1756 1401 1859 1469 τὴν

160 1487 286 1556 περὶ
334 1487 503 1550 αὐτὰς
540 1488 713 1557 τύχην
751 1487 842 1540 καὶ
891 1489 964 1550 ὡς
1000 1487 1203 1557 ᾔτησεν
1250 1493 1400 1542 ἴασιν
1437 1486 1527 1540 καὶ
1575 1489 1657 1550 ὡς,
1687 1489 1858 1542 εἰπὼν
1882 1509 1924 1542 15

162 1577 343 1629 ἔπεισε
389 1577 479 1629 καὶ
527 1577 600 1639 ὡς
651 1576 865 1644 ε’γένετό
916 1597 968 1630 τι
1019 1579 1079 1630 τὸ
1131 1582 1482 1644 μεταπεῖθον.
1571 1576 1658 1629 20.
1721 1577 1858 1630 ἀλλὰ

161 1674 384 1734 πρῶτον
436 1662 539 1732 μὲν
594 1665 928 1735 ἀμφοτέροις
980 1669 1183 1733 κόσμος
1238 1666 1306 1719 οὐ
1360 1668 1575 1735 μικρός,
1630 1675 1748 1728 ταῖς
1800 1686 1858 1719 τε

161 1755 393 1821 βουλαῖς
426 1761 501 1826 τῷ
534 1774 592 1807 τε
622 1753 918 1827 Ἀπρωνίω,
956 1756 1017 1808 τὸ
1058 1756 1154 1818 τὰς
1184 1752 1286 1822 μὲν
1325 1756 1396 1824 μὴ
1432 1763 1720 1823 σιωπῆσαι,
1760 1755 1860 1808 τὸν

163 1839 224 1895 δὲ
265 1846 622 1911 συναλγῆσαι.
693 1847 877 1896 ἔπειτα
911 1846 1013 1914 χρὴ
1055 1846 1298 1910 νομίζειν
1337 1845 1489 1906 τινὰς
1521 1853 1633 1896 τῶν
1671 1844 1860 1912 φυγὴν

162 1934 550 1999 βουλευόντων
587 1931 946 2002 μεμενηκέναι
985 1934 1241 2002 γνόντας,
1290 1933 1362 1996 ὡς
1402 1932 1468 1985 οὐ
1509 1933 1858 1986 παντάπασιν
1882 1954 1927 1986 20

162 2019 458 2089 ἠμέληνται
497 2023 644 2092 παρὰ
683 2028 757 2094 τῷ
798 2030 1093 2092 κρατοῦντι
1137 2032 1249 2074 τῶν
1288 2023 1502 2074 πόλεων
1541 2022 1597 2074 αἱ
1643 2022 1857 2090 βουλαί.

285 2186 338 2225 10
371 2181 513 2225 Thuc.
532 2181 595 2225 VI
621 2187 743 2237 46‚1.
793 2182 920 2226 Dem.
947 2197 991 2238 p.
1013 2186 1179 2236 294‚20
1304 2186 1357 2226 13
1391 2181 1446 2225 cf.
1474 2197 1518 2238 p.
1539 2185 1709 2236 438‚14

285 2335 307 2373 1
333 2327 467 2374 ταῦτ’
486 2330 674 2387 reposui
700 2343 724 2374 e
751 2330 1012 2375 CMoAPB
1074 2337 1219 2374 ταῦτα
1241 2330 1333 2375 ΙΜ
1353 2330 1444 2374 edd
1536 2334 1561 2373 2
1587 2327 1647 2373 ἂν
1671 2343 1747 2373 om
1770 2330 1802 2372 1
1894 2385 1900 2389 .

165 2393 190 2433 3
222 2395 303 2445 τῆς
333 2391 394 2446 (2)
428 2404 503 2433 om
536 2390 598 2432 M
626 2390 758 2446 Bong
892 2395 919 2432 4
950 2396 1085 2433 τοῦτο
1117 2387 1187 2439 τίς
1217 2390 1252 2432 Ι
1298 2391 1303 2445 Ι
1362 2388 1505 2433 αὐτὸν
1540 2389 1701 2432 ΜοΙΒ
1724 2388 1860 2445 Bong

224 2452 250 2491 8
281 2456 484 2493 ποιεῖται
509 2450 555 2493 Ρ
584 2449 666 2492 sed
699 2465 719 2493 ε
752 2462 893 2505 supra
921 2466 971 2491 αι
995 2447 1065 2491 m’·
1125 2455 1299 2492 ποιεῖτε
1322 2449 1357 2491 Ι
1383 2448 1464 2492 sed
1496 2463 1517 2492 ε
1548 2447 1598 2490 in
1628 2460 1719 2501 ras,
1752 2448 1797 2491 B

163 2523 366 2581 ποιεῖτῗιι
402 2539 464 2581 Μ
596 2543 620 2580 9
655 2535 770 2594 φησί
800 2554 869 2588 τις
901 2538 946 2581 Β
1091 2541 1143 2580 10
1176 2535 1414 2604 ἐκινεύσηι
1445 2537 1491 2580 Α
1523 2535 1604 2579 sed
1636 2553 1691 2610 γρ
1725 2535 1857 2579 ἐπαι-

165 2593 292 2652 νέσηι
331 2596 380 2638 in
418 2609 573 2654 marg,
615 2597 830 2653 ἐπινεύσῃ
871 2598 917 2641 Ρ
952 2596 1032 2640 sed
1074 2611 1173 2639 ινευ
1212 2610 1262 2638 1n
1300 2608 1375 2638 ras
1416 2595 1486 2637 m²
1543 2598 1548 2650 Ι
1606 2596 1634 2638 δ
1688 2595 1757 2638 Re

167 2659 219 2697 11
252 2655 400 2714 τούτῳ
432 2655 597 2711 scripsi
630 2657 818 2699 auctore
854 2655 919 2699 Re
980 2662 1115 2699 τοῦτο
1147 2654 1255 2697 libri
1288 2654 1377 2697 edd
1428 2655 1434 2709 Ι
1484 2656 1607 2710 λυθῆ
1641 2655 1686 2697 Ρ
1713 2654 1796 2698 sed
1827 2659 1855 2710 ῆ

164 2741 214 2785 in
244 2756 321 2786 ras
354 2747 380 2786 3
411 2743 492 2787 litt
521 2743 591 2786 m²
744 2747 796 2787 12
832 2729 1059 2788 ἐννοεῖτῗιι
1092 2745 1135 2787 Α
1290 2747 1342 2786 13
1375 2740 1663 2800 καλχηδόνος
1695 2742 1859 2787 ΜοΙΒ

257 2806 311 2846 16
344 2805 630 2857 μεταπεΐθον
663 2804 709 2847 Ρ
737 2803 819 2845 sed
851 2805 930 2846 ειθ
960 2803 1009 2845 in
1040 2815 1115 2845 ras
1146 2801 1216 2844 m²
1247 2803 1296 2845 et
1327 2800 1339 2816 ‘
1370 2815 1513 2858 supra
1545 2819 1575 2845 α
1607 2813 1709 2846 eras

168 2864 222 2904 19
255 2860 412 2917 φυγὴν
445 2862 610 2917 scripsi
642 2864 830 2905 auctore
864 2860 1036 2905 Cobeto
1069 2860 1181 2904 Coll.
1211 2864 1292 2903 137
1424 2867 1591 2916 φυγεῖν
1622 2859 1734 2904 libri
1765 2860 1859 2904 edd

226 2919 462 2977 βουλεύειν
493 2919 741 2978 φυγόντων
773 2922 856 2963 aut
878 2920 1036 2976 potius
1062 2927 1228 2978 φυγεῖν
1253 2917 1630 2978 βουλευσαμένων
1660 2920 1764 2963 coni
1788 2919 1857 2963 Re
