<?xml version="1.0" encoding="UTF-8"?>
<!DOCTYPE html PUBLIC "-//W3C//DTD XHTML 1.0 Transitional//EN"
    "http://www.w3.org/TR/xhtml1/DTD/xhtml1-transitional.dtd">
<html xmlns="http://www.w3.org/1999/xhtml" xml:lang="en" lang="en">
 <head>
  <title>
</title>
<meta http-equiv="Content-Type" content="text/html;charset=utf-8" />
  <meta name='ocr-system' content='tesseract 3.04.00' />
  <meta name='ocr-capabilities' content='ocr_page ocr_carea ocr_par ocr_line ocrx_word'/>
</head>
<body>
  <div class='ocr_page' id='page_1' title='image "./operarecensuitri03libauoft_0350.png"; bbox 0 0 1992 3094; ppageno 0'>
   <div class='ocr_carea' id='block_1_1' title="bbox 219 85 1345 138">
    <p class='ocr_par' dir='ltr' id='par_1_1' title="bbox 219 85 1345 138">
     <span class='ocr_line' id='line_1_1' title="bbox 219 85 1345 138; baseline -0.007 0"><span class='ocrx_word' id='word_1_1' title='bbox 219 86 327 138; x_wconf 78' lang='grc'><em>280</em></span> <span class='ocrx_word' id='word_1_2' title='bbox 748 85 978 130; x_wconf 90' lang='lat' dir='ltr'>LIBANII</span> <span class='ocrx_word' id='word_1_3' title='bbox 1009 85 1234 131; x_wconf 84' lang='lat' dir='ltr'><strong>ORATIO</strong></span> <span class='ocrx_word' id='word_1_4' title='bbox 1267 87 1345 130; x_wconf 91' lang='lat' dir='ltr'><em>XL</em></span> 
     </span>
    </p>
   </div>
   <div class='ocr_carea' id='block_1_2' title="bbox 131 217 1917 2067">
    <p class='ocr_par' dir='ltr' id='par_1_2' title="bbox 331 217 1914 291">
     <span class='ocr_line' id='line_1_2' title="bbox 331 217 1914 291; baseline 0.001 -17"><span class='ocrx_word' id='word_1_5' title='bbox 331 222 379 274; x_wconf 79' lang='lat'><em>2.</em></span> <span class='ocrx_word' id='word_1_6' title='bbox 422 219 681 275; x_wconf 82' lang='grc' dir='ltr'><em>Ἔσονται</em></span> <span class='ocrx_word' id='word_1_7' title='bbox 728 218 830 290; x_wconf 76' lang='grc' dir='ltr'><em>μὲν</em></span> <span class='ocrx_word' id='word_1_8' title='bbox 879 217 983 275; x_wconf 87' lang='grc' dir='ltr'><em>οὗν</em></span> <span class='ocrx_word' id='word_1_9' title='bbox 1030 223 1088 274; x_wconf 78' lang='grc' dir='ltr'><em>οἰ</em></span> <span class='ocrx_word' id='word_1_10' title='bbox 1134 224 1376 285; x_wconf 86' lang='grc' dir='ltr'><em>πολλοὺς</em></span> <span class='ocrx_word' id='word_1_11' title='bbox 1423 221 1729 291; x_wconf 85' lang='grc' dir='ltr'><em>ἆφήσοντες</em></span> <span class='ocrx_word' id='word_1_12' title='bbox 1778 223 1914 275; x_wconf 80' lang='grc' dir='ltr'><em>κατὰ</em></span> 
     </span>
    </p>

    <p class='ocr_par' dir='ltr' id='par_1_3' title="bbox 131 308 1915 558">
     <span class='ocr_line' id='line_1_3' title="bbox 131 308 1914 387; baseline -0.002 -21"><span class='ocrx_word' id='word_1_13' title='bbox 131 323 174 366; x_wconf 82' lang='lat' dir='ltr'>R</span> <span class='ocrx_word' id='word_1_14' title='bbox 196 323 340 367; x_wconf 85' lang='grc'>11365</span> <span class='ocrx_word' id='word_1_15' title='bbox 373 317 472 364; x_wconf 90' lang='grc' dir='ltr'><em>τοῦ</em></span> <span class='ocrx_word' id='word_1_16' title='bbox 502 312 677 387; x_wconf 30' lang='grc' dir='ltr'><em>’λόγου</em></span> <span class='ocrx_word' id='word_1_17' title='bbox 718 313 919 378; x_wconf 77' lang='grc' dir='ltr'><em>λόγους</em></span> <span class='ocrx_word' id='word_1_18' title='bbox 958 311 1048 363; x_wconf 83' lang='grc' dir='ltr'><em>καὶ</em></span> <span class='ocrx_word' id='word_1_19' title='bbox 1086 312 1309 364; x_wconf 81' lang='grc' dir='ltr'><em>πείθειν</em></span> <span class='ocrx_word' id='word_1_20' title='bbox 1339 309 1794 380; x_wconf 75' lang='grc' dir='ltr'><strong><em>ἐπιχειρήσοντες,</em></strong></span> <span class='ocrx_word' id='word_1_21' title='bbox 1815 308 1819 382; x_wconf 90' lang='grc' dir='ltr'>Ι</span> <span class='ocrx_word' id='word_1_22' title='bbox 1841 311 1914 373; x_wconf 85' lang='grc' dir='ltr'><em>ὡς</em></span> 
     </span>
     <span class='ocr_line' id='line_1_4' title="bbox 219 397 1914 468; baseline -0.001 -17"><span class='ocrx_word' id='word_1_23' title='bbox 219 400 483 468; x_wconf 85' lang='grc' dir='ltr'><em>ἠδίκησαί</em></span> <span class='ocrx_word' id='word_1_24' title='bbox 517 419 574 451; x_wconf 85' lang='grc' dir='ltr'><em>τε</em></span> <span class='ocrx_word' id='word_1_25' title='bbox 619 397 745 467; x_wconf 89' lang='grc' dir='ltr'><em>παρ’</em></span> <span class='ocrx_word' id='word_1_26' title='bbox 777 399 933 467; x_wconf 82' lang='grc' dir='ltr'><em>ἡμῶν</em></span> <span class='ocrx_word' id='word_1_27' title='bbox 979 397 1070 452; x_wconf 81' lang='grc' dir='ltr'><em>καὶ</em></span> <span class='ocrx_word' id='word_1_28' title='bbox 1118 401 1280 468; x_wconf 86' lang='grc' dir='ltr'><em>δίκην</em></span> <span class='ocrx_word' id='word_1_29' title='bbox 1319 398 1389 452; x_wconf 78' lang='grc' dir='ltr'><em>ἂν</em></span> <span class='ocrx_word' id='word_1_30' title='bbox 1427 401 1647 462; x_wconf 80' lang='grc' dir='ltr'><strong><em>εἰκότως</em></strong></span> <span class='ocrx_word' id='word_1_31' title='bbox 1694 399 1914 468; x_wconf 87' lang='grc' dir='ltr'><em>ὀφειλο-</em></span> 
     </span>
     <span class='ocr_line' id='line_1_5' title="bbox 219 486 1915 558; baseline 0 -18"><span class='ocrx_word' id='word_1_32' title='bbox 219 486 391 557; x_wconf 81' lang='grc' dir='ltr'><em>μένην</em></span> <span class='ocrx_word' id='word_1_33' title='bbox 432 502 521 540; x_wconf 92' lang='grc' dir='ltr'><em>σοι</em></span> <span class='ocrx_word' id='word_1_34' title='bbox 561 488 765 556; x_wconf 78' lang='grc' dir='ltr'><em>λάβοις.</em></span> <span class='ocrx_word' id='word_1_35' title='bbox 844 486 982 540; x_wconf 78' lang='grc' dir='ltr'><em>ἀλλὰ</em></span> <span class='ocrx_word' id='word_1_36' title='bbox 1027 488 1096 540; x_wconf 85' lang='grc' dir='ltr'><em>σύ</em></span> <span class='ocrx_word' id='word_1_37' title='bbox 1136 507 1198 556; x_wconf 90' lang='grc' dir='ltr'><em>γε</em></span> <span class='ocrx_word' id='word_1_38' title='bbox 1237 489 1308 557; x_wconf 87' lang='grc' dir='ltr'><em>μὴ</em></span> <span class='ocrx_word' id='word_1_39' title='bbox 1349 486 1440 541; x_wconf 83' lang='grc' dir='ltr'><em>καὶ</em></span> <span class='ocrx_word' id='word_1_40' title='bbox 1479 487 1641 541; x_wconf 83' lang='grc' dir='ltr'><em>τοῦθ’</em></span> <span class='ocrx_word' id='word_1_41' title='bbox 1673 488 1915 558; x_wconf 78' lang='grc' dir='ltr'><em>ἁμάρτῃς</em></span> 
     </span>
    </p>

    <p class='ocr_par' dir='ltr' id='par_1_4' title="bbox 154 574 1917 2067">
     <span class='ocr_line' id='line_1_6' title="bbox 176 574 1914 647; baseline -0.002 -16"><span class='ocrx_word' id='word_1_42' title='bbox 176 597 195 631; x_wconf 83' lang='lat'><strong>5</strong></span> <span class='ocrx_word' id='word_1_43' title='bbox 219 575 345 645; x_wconf 87' lang='grc' dir='ltr'><em>μηδ’</em></span> <span class='ocrx_word' id='word_1_44' title='bbox 384 575 752 646; x_wconf 74' lang='grc' dir='ltr'><em>ἑξαπατηθῇς,</em></span> <span class='ocrx_word' id='word_1_45' title='bbox 800 574 920 629; x_wconf 82' lang='grc' dir='ltr'><em>ἀλλ’</em></span> <span class='ocrx_word' id='word_1_46' title='bbox 950 575 1189 645; x_wconf 82' lang='grc' dir='ltr'><em>ἐχθροὺς</em></span> <span class='ocrx_word' id='word_1_47' title='bbox 1235 576 1563 647; x_wconf 76' lang='grc' dir='ltr'><em>ἀμφοτέρων</em></span> <span class='ocrx_word' id='word_1_48' title='bbox 1601 578 1741 645; x_wconf 82' lang='grc' dir='ltr'><em>ἡγοῦ</em></span> <span class='ocrx_word' id='word_1_49' title='bbox 1783 591 1914 643; x_wconf 90' lang='grc' dir='ltr'><em>συγ-</em></span> 
     </span>
     <span class='ocr_line' id='line_1_7' title="bbox 218 664 1914 735; baseline -0.001 -18"><span class='ocrx_word' id='word_1_50' title='bbox 218 668 458 734; x_wconf 83' lang='grc' dir='ltr'><em>κροῦσαί</em></span> <span class='ocrx_word' id='word_1_51' title='bbox 504 685 562 718; x_wconf 89' lang='grc' dir='ltr'><em>τε</em></span> <span class='ocrx_word' id='word_1_52' title='bbox 619 664 996 734; x_wconf 81' lang='grc' dir='ltr'><em>βουλομένους</em></span> <span class='ocrx_word' id='word_1_53' title='bbox 1053 666 1192 734; x_wconf 80' lang='grc' dir='ltr'><em>ἡμᾶς</em></span> <span class='ocrx_word' id='word_1_54' title='bbox 1248 664 1339 718; x_wconf 82' lang='grc' dir='ltr'><em>καὶ</em></span> <span class='ocrx_word' id='word_1_55' title='bbox 1397 673 1728 735; x_wconf 77' lang='grc' dir='ltr'><em>καταστῆσαι</em></span> <span class='ocrx_word' id='word_1_56' title='bbox 1783 666 1914 718; x_wconf 90' lang='grc' dir='ltr'><em>δυσ-</em></span> 
     </span>
     <span class='ocr_line' id='line_1_8' title="bbox 217 751 1906 823; baseline 0 -17"><span class='ocrx_word' id='word_1_57' title='bbox 217 762 400 821; x_wconf 83' lang='grc' dir='ltr'><em>μενεῖς</em></span> <span class='ocrx_word' id='word_1_58' title='bbox 455 753 577 807; x_wconf 84' lang='grc' dir='ltr'><em>ἀντὶ</em></span> <span class='ocrx_word' id='word_1_59' title='bbox 633 756 829 823; x_wconf 89' lang='grc' dir='ltr'><em>φίλων.</em></span> <span class='ocrx_word' id='word_1_60' title='bbox 907 756 977 807; x_wconf 89' lang='grc' dir='ltr'><em>σὺ</em></span> <span class='ocrx_word' id='word_1_61' title='bbox 1033 753 1083 807; x_wconf 85' lang='grc' dir='ltr'><em>δ’</em></span> <span class='ocrx_word' id='word_1_62' title='bbox 1114 753 1229 807; x_wconf 82' lang='grc' dir='ltr'><em>οὔτ’</em></span> <span class='ocrx_word' id='word_1_63' title='bbox 1261 756 1455 808; x_wconf 78' lang='grc' dir='ltr'><em>ἄλλοτε</em></span> <span class='ocrx_word' id='word_1_64' title='bbox 1507 756 1726 807; x_wconf 86' lang='grc' dir='ltr'><em>πώποτε</em></span> <span class='ocrx_word' id='word_1_65' title='bbox 1779 751 1906 823; x_wconf 82' lang='grc' dir='ltr'><em>παρ’</em></span> 
     </span>
     <span class='ocr_line' id='line_1_9' title="bbox 217 842 1916 913; baseline -0.001 -18"><span class='ocrx_word' id='word_1_66' title='bbox 217 842 373 911; x_wconf 79' lang='grc' dir='ltr'><em>ἡμῶν</em></span> <span class='ocrx_word' id='word_1_67' title='bbox 418 843 691 912; x_wconf 78' lang='grc' dir='ltr'><em>ἠδικήθης</em></span> <span class='ocrx_word' id='word_1_68' title='bbox 738 843 929 913; x_wconf 80' lang='grc' dir='ltr'><em>εὐνοίᾳ</em></span> <span class='ocrx_word' id='word_1_69' title='bbox 974 863 1032 896; x_wconf 88' lang='grc' dir='ltr'><em>τε</em></span> <span class='ocrx_word' id='word_1_70' title='bbox 1075 842 1167 896; x_wconf 83' lang='grc' dir='ltr'><em>καὶ</em></span> <span class='ocrx_word' id='word_1_71' title='bbox 1206 851 1370 896; x_wconf 88' lang='grc' dir='ltr'><em>τοῦτο</em></span> <span class='ocrx_word' id='word_1_72' title='bbox 1419 847 1676 911; x_wconf 80' lang='grc' dir='ltr'><em>γίνεσθαι</em></span> <span class='ocrx_word' id='word_1_73' title='bbox 1715 844 1916 910; x_wconf 83' lang='grc' dir='ltr'><em>νόμιζε.</em></span> 
     </span>
     <span class='ocr_line' id='line_1_10' title="bbox 220 930 1916 1002; baseline 0 -19"><span class='ocrx_word' id='word_1_74' title='bbox 220 932 267 983; x_wconf 85' lang='lat'><em>3.</em></span> <span class='ocrx_word' id='word_1_75' title='bbox 313 932 445 984; x_wconf 83' lang='grc' dir='ltr'><em>οὐδὲ</em></span> <span class='ocrx_word' id='word_1_76' title='bbox 486 933 589 1000; x_wconf 80' lang='grc' dir='ltr'><em>γὰρ</em></span> <span class='ocrx_word' id='word_1_77' title='bbox 627 933 913 1001; x_wconf 82' lang='grc' dir='ltr'><em>Διομήδης</em></span> <span class='ocrx_word' id='word_1_78' title='bbox 953 930 1071 984; x_wconf 83' lang='grc' dir='ltr'><em>οὐδ’</em></span> <span class='ocrx_word' id='word_1_79' title='bbox 1105 937 1161 984; x_wconf 78' lang='grc' dir='ltr'><em>εἴ</em></span> <span class='ocrx_word' id='word_1_80' title='bbox 1191 952 1274 995; x_wconf 89' lang='grc' dir='ltr'><em>τις</em></span> <span class='ocrx_word' id='word_1_81' title='bbox 1313 931 1496 1002; x_wconf 80' lang='grc' dir='ltr'><em>ἕτερος</em></span> <span class='ocrx_word' id='word_1_82' title='bbox 1535 930 1759 998; x_wconf 77' lang='grc' dir='ltr'><em>ἐπετίμα</em></span> <span class='ocrx_word' id='word_1_83' title='bbox 1797 941 1916 993; x_wconf 86' lang='grc' dir='ltr'><em>ταῖς</em></span> 
     </span>
     <span class='ocr_line' id='line_1_11' title="bbox 154 1016 1916 1090; baseline -0.001 -17"><span class='ocrx_word' id='word_1_84' title='bbox 154 1043 195 1073; x_wconf 89' lang='lat'><em>10</em></span> <span class='ocrx_word' id='word_1_85' title='bbox 217 1021 342 1090; x_wconf 83' lang='grc' dir='ltr'><em>περὶ</em></span> <span class='ocrx_word' id='word_1_86' title='bbox 389 1028 488 1073; x_wconf 90' lang='grc' dir='ltr'><em>τοῦ</em></span> <span class='ocrx_word' id='word_1_87' title='bbox 537 1022 787 1090; x_wconf 77' lang='grc' dir='ltr'><em>δρασμοῦ</em></span> <span class='ocrx_word' id='word_1_88' title='bbox 836 1022 1080 1090; x_wconf 79' lang='grc' dir='ltr'><em>γνώμαις</em></span> <span class='ocrx_word' id='word_1_89' title='bbox 1129 1020 1550 1090; x_wconf 79' lang='grc' dir='ltr'><em>Ἀγαμέμνονος,</em></span> <span class='ocrx_word' id='word_1_90' title='bbox 1598 1019 1798 1090; x_wconf 84' lang='grc' dir='ltr'><em>ἐχθρὸς</em></span> <span class='ocrx_word' id='word_1_91' title='bbox 1843 1016 1916 1088; x_wconf 81' lang='grc' dir='ltr'><em>ἦν</em></span> 
     </span>
     <span class='ocr_line' id='line_1_12' title="bbox 217 1107 1917 1182; baseline -0.001 -20"><span class='ocrx_word' id='word_1_92' title='bbox 217 1115 292 1182; x_wconf 80' lang='grc' dir='ltr'><em>τῷ</em></span> <span class='ocrx_word' id='word_1_93' title='bbox 334 1117 562 1162; x_wconf 89' lang='grc' dir='ltr'><em>τοιαῦτα</em></span> <span class='ocrx_word' id='word_1_94' title='bbox 608 1108 670 1163; x_wconf 79' lang='grc' dir='ltr'><em>ἐν</em></span> <span class='ocrx_word' id='word_1_95' title='bbox 722 1117 838 1172; x_wconf 89' lang='grc' dir='ltr'><em>τοῖς</em></span> <span class='ocrx_word' id='word_1_96' title='bbox 888 1108 1118 1179; x_wconf 86' lang='grc' dir='ltr'><em>Ἀχαιοῖς</em></span> <span class='ocrx_word' id='word_1_97' title='bbox 1172 1111 1381 1163; x_wconf 83' lang='grc' dir='ltr'><em>εἰπόντι</em></span> <span class='ocrx_word' id='word_1_98' title='bbox 1437 1109 1569 1163; x_wconf 83' lang='grc' dir='ltr'><em>οὐδὲ</em></span> <span class='ocrx_word' id='word_1_99' title='bbox 1625 1107 1917 1170; x_wconf 86' lang='grc' dir='ltr'><em>Ὀδυσσεὺς</em></span> 
     </span>
     <span class='ocr_line' id='line_1_13' title="bbox 229 1197 1916 1268; baseline -0.001 -17"><span class='ocrx_word' id='word_1_100' title='bbox 229 1197 456 1267; x_wconf 84' lang='grc' dir='ltr'><em>Ἀχιλλεῖ</em></span> <span class='ocrx_word' id='word_1_101' title='bbox 497 1199 589 1251; x_wconf 82' lang='grc' dir='ltr'><em>διὰ</em></span> <span class='ocrx_word' id='word_1_102' title='bbox 626 1206 726 1252; x_wconf 92' lang='grc' dir='ltr'><em>τοῦ</em></span> <span class='ocrx_word' id='word_1_103' title='bbox 759 1200 963 1268; x_wconf 87' lang='grc' dir='ltr'><em>πατρὸς</em></span> <span class='ocrx_word' id='word_1_104' title='bbox 1000 1207 1100 1251; x_wconf 89' lang='grc' dir='ltr'><em>τοῦ</em></span> <span class='ocrx_word' id='word_1_105' title='bbox 1136 1197 1378 1267; x_wconf 76' lang='grc' dir='ltr'><em>Πηλέως,</em></span> <span class='ocrx_word' id='word_1_106' title='bbox 1419 1199 1492 1262; x_wconf 85' lang='grc' dir='ltr'><em>ὡς</em></span> <span class='ocrx_word' id='word_1_107' title='bbox 1529 1199 1596 1252; x_wconf 85' lang='grc' dir='ltr'><em>οὐ</em></span> <span class='ocrx_word' id='word_1_108' title='bbox 1636 1203 1814 1261; x_wconf 84' lang='grc' dir='ltr'><em>καλῶς</em></span> <span class='ocrx_word' id='word_1_109' title='bbox 1855 1198 1916 1250; x_wconf 81' lang='grc' dir='ltr'><em>ἐν</em></span> 
     </span>
     <span class='ocr_line' id='line_1_14' title="bbox 217 1287 1915 1358; baseline -0.001 -18"><span class='ocrx_word' id='word_1_110' title='bbox 217 1296 281 1356; x_wconf 78' lang='grc' dir='ltr'><em>τῇ</em></span> <span class='ocrx_word' id='word_1_111' title='bbox 346 1290 659 1358; x_wconf 80' lang='grc' dir='ltr'><em>φιλονεικίᾳ</em></span> <span class='ocrx_word' id='word_1_112' title='bbox 719 1287 957 1356; x_wconf 89' lang='grc' dir='ltr'><em>μένοντι.</em></span> <span class='ocrx_word' id='word_1_113' title='bbox 1043 1287 1180 1341; x_wconf 79' lang='grc' dir='ltr'><em>ἀλλὰ</em></span> <span class='ocrx_word' id='word_1_114' title='bbox 1241 1289 1350 1357; x_wconf 85' lang='grc' dir='ltr'><em>μὴν</em></span> <span class='ocrx_word' id='word_1_115' title='bbox 1411 1287 1792 1356; x_wconf 88' lang='grc' dir='ltr'><em>γνησιωτάτην</em></span> <span class='ocrx_word' id='word_1_116' title='bbox 1853 1306 1915 1354; x_wconf 89' lang='grc' dir='ltr'><em>γε</em></span> 
     </span>
     <span class='ocr_line' id='line_1_15' title="bbox 220 1375 1913 1449; baseline 0.001 -21"><span class='ocrx_word' id='word_1_117' title='bbox 220 1375 493 1445; x_wconf 79' lang='grc' dir='ltr'><em>ἀκούομεν</em></span> <span class='ocrx_word' id='word_1_118' title='bbox 533 1378 728 1444; x_wconf 84' lang='grc' dir='ltr'><em>φιλίαν</em></span> <span class='ocrx_word' id='word_1_119' title='bbox 766 1382 840 1449; x_wconf 80' lang='grc' dir='ltr'><em>τῷ</em></span> <span class='ocrx_word' id='word_1_120' title='bbox 886 1396 943 1429; x_wconf 87' lang='grc' dir='ltr'><em>τε</em></span> <span class='ocrx_word' id='word_1_121' title='bbox 993 1375 1223 1446; x_wconf 82' lang='grc' dir='ltr'><em>Ἀχιλλεῖ</em></span> <span class='ocrx_word' id='word_1_122' title='bbox 1260 1377 1437 1448; x_wconf 78' lang='grc' dir='ltr'><em>τούτῳ</em></span> <span class='ocrx_word' id='word_1_123' title='bbox 1477 1375 1567 1429; x_wconf 85' lang='grc' dir='ltr'><em>καὶ</em></span> <span class='ocrx_word' id='word_1_124' title='bbox 1608 1378 1913 1447; x_wconf 78' lang='grc' dir='ltr'><em>Πατρόκλῳ</em></span> 
     </span>
     <span class='ocr_line' id='line_1_16' title="bbox 155 1463 1915 1535; baseline -0.001 -17"><span class='ocrx_word' id='word_1_125' title='bbox 155 1487 193 1518; x_wconf 84' lang='lat'><em>15</em></span> <span class='ocrx_word' id='word_1_126' title='bbox 219 1463 498 1533; x_wconf 86' lang='grc' dir='ltr'><em>γενέσθαι.</em></span> <span class='ocrx_word' id='word_1_127' title='bbox 575 1467 670 1518; x_wconf 83' lang='grc' dir='ltr'><em>καί</em></span> <span class='ocrx_word' id='word_1_128' title='bbox 705 1486 798 1534; x_wconf 91' lang='grc' dir='ltr'><em>μοι</em></span> <span class='ocrx_word' id='word_1_129' title='bbox 847 1466 999 1518; x_wconf 88' lang='grc' dir='ltr'><em>δοκεῖ</em></span> <span class='ocrx_word' id='word_1_130' title='bbox 1037 1467 1110 1534; x_wconf 88' lang='grc' dir='ltr'><em>μὴ</em></span> <span class='ocrx_word' id='word_1_131' title='bbox 1162 1467 1362 1535; x_wconf 89' lang='grc' dir='ltr'><em>χείρων</em></span> <span class='ocrx_word' id='word_1_132' title='bbox 1402 1464 1472 1518; x_wconf 77' lang='grc' dir='ltr'><em>ἂν</em></span> <span class='ocrx_word' id='word_1_133' title='bbox 1518 1465 1547 1519; x_wconf 87' lang='grc' dir='ltr'>ὁ</span> <span class='ocrx_word' id='word_1_134' title='bbox 1589 1465 1915 1533; x_wconf 85' lang='grc' dir='ltr'><em>Πάτροκλος</em></span> 
     </span>
     <span class='ocr_line' id='line_1_17' title="bbox 221 1543 1916 1623; baseline 0 -18"><span class='ocrx_word' id='word_1_135' title='bbox 221 1555 297 1616; x_wconf 86' lang='grc' dir='ltr'><em>εἰς</em></span> <span class='ocrx_word' id='word_1_136' title='bbox 338 1552 577 1623; x_wconf 86' lang='grc' dir='ltr'><em>Ἀχιλλέα</em></span> <span class='ocrx_word' id='word_1_137' title='bbox 615 1553 1125 1623; x_wconf 81' lang='grc' dir='ltr'><em>προκατενεχθέντα</em></span> <span class='ocrx_word' id='word_1_138' title='bbox 1164 1543 1426 1622; x_wconf 77' lang='grc' dir='ltr'><em>φανῆναι,</em></span> <span class='ocrx_word' id='word_1_139' title='bbox 1467 1553 1605 1607; x_wconf 81' lang='grc' dir='ltr'><em>ἀλλὰ</em></span> <span class='ocrx_word' id='word_1_140' title='bbox 1636 1553 1804 1606; x_wconf 79' lang='grc' dir='ltr'><em>ταύτὰ</em></span> <span class='ocrx_word' id='word_1_141' title='bbox 1845 1551 1916 1605; x_wconf 76' lang='grc' dir='ltr'><em>ἂν</em></span> 
     </span>
     <span class='ocr_line' id='line_1_18' title="bbox 219 1641 1912 1711; baseline -0.001 -16"><span class='ocrx_word' id='word_1_142' title='bbox 219 1642 357 1711; x_wconf 89' lang='grc' dir='ltr'><em>ὑπέρ</em></span> <span class='ocrx_word' id='word_1_143' title='bbox 399 1662 456 1695; x_wconf 88' lang='grc' dir='ltr'><em>τε</em></span> <span class='ocrx_word' id='word_1_144' title='bbox 496 1650 591 1710; x_wconf 83' lang='grc' dir='ltr'><em>τῆς</em></span> <span class='ocrx_word' id='word_1_145' title='bbox 637 1645 899 1711; x_wconf 85' lang='grc' dir='ltr'><em>τιμωρίας</em></span> <span class='ocrx_word' id='word_1_146' title='bbox 938 1643 1026 1695; x_wconf 80' lang='grc' dir='ltr'><em>καὶ</em></span> <span class='ocrx_word' id='word_1_147' title='bbox 1074 1649 1170 1710; x_wconf 81' lang='grc' dir='ltr'><em>τῆς</em></span> <span class='ocrx_word' id='word_1_148' title='bbox 1211 1641 1409 1695; x_wconf 82' lang='grc' dir='ltr'><em>ἑαυτοῦ</em></span> <span class='ocrx_word' id='word_1_149' title='bbox 1456 1650 1635 1711; x_wconf 78' lang='grc' dir='ltr'><em>ψυχῆς</em></span> <span class='ocrx_word' id='word_1_150' title='bbox 1680 1642 1912 1709; x_wconf 85' lang='grc' dir='ltr'><em>βουλεύ-</em></span> 
     </span>
     <span class='ocr_line' id='line_1_19' title="bbox 220 1726 1916 1799; baseline -0.001 -16"><span class='ocrx_word' id='word_1_151' title='bbox 220 1736 441 1784; x_wconf 89' lang='grc' dir='ltr'><em>σασθαι.</em></span> <span class='ocrx_word' id='word_1_152' title='bbox 511 1731 560 1783; x_wconf 88' lang='grc'><em>4.</em></span> <span class='ocrx_word' id='word_1_153' title='bbox 600 1732 822 1784; x_wconf 80' lang='grc' dir='ltr'><em>πλάττει</em></span> <span class='ocrx_word' id='word_1_154' title='bbox 862 1733 1057 1784; x_wconf 86' lang='grc' dir='ltr'><em>τοίνυν</em></span> <span class='ocrx_word' id='word_1_155' title='bbox 1097 1726 1259 1793; x_wconf 86' lang='grc' dir='ltr'><em>οὗτος</em></span> <span class='ocrx_word' id='word_1_156' title='bbox 1294 1730 1322 1784; x_wconf 90' lang='grc' dir='ltr'>ὁ</span> <span class='ocrx_word' id='word_1_157' title='bbox 1358 1733 1680 1799; x_wconf 87' lang='grc' dir='ltr'><em>Πάτροκλος</em></span> <span class='ocrx_word' id='word_1_158' title='bbox 1719 1729 1916 1798; x_wconf 81' lang='grc' dir='ltr'><em>γονέας</em></span> 
     </span>
     <span class='ocr_line' id='line_1_20' title="bbox 220 1817 1913 1892; baseline 0 -21"><span class='ocrx_word' id='word_1_159' title='bbox 220 1817 343 1871; x_wconf 78' lang='grc' dir='ltr'><em>ἀντὶ</em></span> <span class='ocrx_word' id='word_1_160' title='bbox 391 1828 503 1872; x_wconf 85' lang='grc' dir='ltr'><em>τῶν</em></span> <span class='ocrx_word' id='word_1_161' title='bbox 543 1821 722 1873; x_wconf 79' lang='grc' dir='ltr'><em>ὄντων</em></span> <span class='ocrx_word' id='word_1_162' title='bbox 769 1825 843 1892; x_wconf 81' lang='grc' dir='ltr'><em>τῷ</em></span> <span class='ocrx_word' id='word_1_163' title='bbox 885 1822 1030 1892; x_wconf 81' lang='grc' dir='ltr'><em>φίλῳ</em></span> <span class='ocrx_word' id='word_1_164' title='bbox 1077 1819 1275 1889; x_wconf 88' lang='grc' dir='ltr'><em>πέτρας</em></span> <span class='ocrx_word' id='word_1_165' title='bbox 1320 1820 1410 1872; x_wconf 81' lang='grc' dir='ltr'><em>καὶ</em></span> <span class='ocrx_word' id='word_1_166' title='bbox 1457 1820 1756 1887; x_wconf 77' lang='grc' dir='ltr'><em>θάλατταν,</em></span> <span class='ocrx_word' id='word_1_167' title='bbox 1812 1818 1913 1887; x_wconf 86' lang='grc' dir='ltr'><em>οὐχ</em></span> 
     </span>
     <span class='ocr_line' id='line_1_21' title="bbox 154 1906 1913 1981; baseline -0.001 -20"><span class='ocrx_word' id='word_1_168' title='bbox 154 1931 197 1962; x_wconf 83' lang='lat'><em>·20</em></span> <span class='ocrx_word' id='word_1_169' title='bbox 222 1908 315 1960; x_wconf 83' lang='grc' dir='ltr'><em>ἵνα</em></span> <span class='ocrx_word' id='word_1_170' title='bbox 355 1907 705 1978; x_wconf 86' lang='grc' dir='ltr'><em>φαυλοτέραν</em></span> <span class='ocrx_word' id='word_1_171' title='bbox 738 1909 884 1981; x_wconf 80' lang='grc' dir='ltr'><em>αὐτῷ</em></span> <span class='ocrx_word' id='word_1_172' title='bbox 918 1909 1157 1978; x_wconf 83' lang='grc' dir='ltr'><em>περιάψῃ</em></span> <span class='ocrx_word' id='word_1_173' title='bbox 1192 1907 1359 1971; x_wconf 84' lang='grc' dir='ltr'><em>δόξαν</em></span> <span class='ocrx_word' id='word_1_174' title='bbox 1396 1909 1484 1961; x_wconf 82' lang='grc' dir='ltr'><em>καὶ</em></span> <span class='ocrx_word' id='word_1_175' title='bbox 1525 1906 1719 1976; x_wconf 82' lang='grc' dir='ltr'><em>μηκέθ’</em></span> <span class='ocrx_word' id='word_1_176' title='bbox 1751 1907 1913 1960; x_wconf 83' lang='grc' dir='ltr'><em>ὅσου-</em></span> 
     </span>
     <span class='ocr_line' id='line_1_22' title="bbox 219 1991 1913 2067; baseline -0.001 -18"><span class='ocrx_word' id='word_1_177' title='bbox 219 2015 321 2065; x_wconf 89' lang='grc' dir='ltr'><em>περ</em></span> <span class='ocrx_word' id='word_1_178' title='bbox 361 1999 634 2066; x_wconf 91' lang='grc' dir='ltr'><em>πρότερον</em></span> <span class='ocrx_word' id='word_1_179' title='bbox 673 1995 824 2060; x_wconf 76' lang='grc' dir='ltr'><em>ἄξιος</em></span> <span class='ocrx_word' id='word_1_180' title='bbox 871 1996 933 2050; x_wconf 82' lang='grc' dir='ltr'><em>ἐν</em></span> <span class='ocrx_word' id='word_1_181' title='bbox 979 2005 1094 2059; x_wconf 88' lang='grc' dir='ltr'><em>τοῖς</em></span> <span class='ocrx_word' id='word_1_182' title='bbox 1128 1995 1391 2066; x_wconf 73' lang='grc' dir='ltr'><em>““Ἐλλησιν</em></span> <span class='ocrx_word' id='word_1_183' title='bbox 1438 1991 1495 2067; x_wconf 78' lang='grc' dir='ltr'><em>ᾗ,</em></span> <span class='ocrx_word' id='word_1_184' title='bbox 1543 1995 1662 2049; x_wconf 80' lang='grc' dir='ltr'><em>ἀλλ’</em></span> <span class='ocrx_word' id='word_1_185' title='bbox 1700 1997 1790 2049; x_wconf 84' lang='grc' dir='ltr'><em>ἵνα</em></span> <span class='ocrx_word' id='word_1_186' title='bbox 1832 1996 1913 2048; x_wconf 87' lang='grc' dir='ltr'><em>αἰ-</em></span> 
     </span>
    </p>
   </div>
   <div class='ocr_carea' id='block_1_3' title="bbox 221 2132 440 2135">
    <p class='ocr_par' dir='ltr' id='par_1_5' title="bbox 221 2132 440 2135">
     <span class='ocr_line' id='line_1_23' title="bbox 221 2132 440 2135; baseline 0 0"><span class='ocrx_word' id='word_1_187' title='bbox 221 2132 440 2135; x_wconf 95' lang='lat' dir='ltr'><em> </em></span> 
     </span>
    </p>
   </div>
   <div class='ocr_carea' id='block_1_4' title="bbox 341 2215 1913 2275">
    <p class='ocr_par' dir='ltr' id='par_1_6' title="bbox 341 2215 1913 2275">
     <span class='ocr_line' id='line_1_24' title="bbox 341 2215 1913 2275; baseline -0.001 -16"><span class='ocrx_word' id='word_1_188' title='bbox 341 2221 365 2259; x_wconf 88' lang='grc'>9</span> <span class='ocrx_word' id='word_1_189' title='bbox 397 2216 449 2259; x_wconf 87' lang='lat'><em>11.</em></span> <span class='ocrx_word' id='word_1_190' title='bbox 469 2234 485 2260; x_wconf 95' lang='grc' dir='ltr'><em>ι</em></span> <span class='ocrx_word' id='word_1_191' title='bbox 513 2221 685 2261; x_wconf 83' lang='grc'>16-78</span> <span class='ocrx_word' id='word_1_192' title='bbox 719 2216 776 2260; x_wconf 83' lang='lat' dir='ltr'><em>cf.</em></span> <span class='ocrx_word' id='word_1_193' title='bbox 796 2218 824 2275; x_wconf 88' lang='grc' dir='ltr'><strong><em>β</em></strong></span> <span class='ocrx_word' id='word_1_194' title='bbox 848 2221 933 2260; x_wconf 83' lang='grc'><em>344</em></span> <span class='ocrx_word' id='word_1_195' title='bbox 948 2231 1015 2272; x_wconf 84' lang='lat' dir='ltr'><em>sq.</em></span> <span class='ocrx_word' id='word_1_196' title='bbox 1145 2222 1197 2260; x_wconf 84' lang='lat'><em>12</em></span> <span class='ocrx_word' id='word_1_197' title='bbox 1229 2216 1281 2261; x_wconf 87' lang='lat' dir='ltr'><em>Il.</em></span> <span class='ocrx_word' id='word_1_198' title='bbox 1308 2233 1323 2259; x_wconf 91' lang='grc' dir='ltr'><em>ι</em></span> <span class='ocrx_word' id='word_1_199' title='bbox 1351 2221 1434 2260; x_wconf 81' lang='grc'><em>252</em></span> <span class='ocrx_word' id='word_1_200' title='bbox 1451 2231 1516 2271; x_wconf 82' lang='lat' dir='ltr'><em>sq.</em></span> <span class='ocrx_word' id='word_1_201' title='bbox 1642 2220 1695 2259; x_wconf 90' lang='lat'><em>18</em></span> <span class='ocrx_word' id='word_1_202' title='bbox 1728 2215 1831 2259; x_wconf 88' lang='grc' dir='ltr'>Ι1.π</span> <span class='ocrx_word' id='word_1_203' title='bbox 1856 2219 1913 2258; x_wconf 83' lang='grc'><em>34</em></span> 
     </span>
    </p>
   </div>
   <div class='ocr_carea' id='block_1_5' title="bbox 220 2340 550 2344">
    <p class='ocr_par' dir='ltr' id='par_1_7' title="bbox 220 2340 550 2344">
     <span class='ocr_line' id='line_1_25' title="bbox 220 2340 550 2344; baseline 0 0"><span class='ocrx_word' id='word_1_204' title='bbox 220 2340 550 2344; x_wconf 95' lang='lat' dir='ltr'><em> </em></span> 
     </span>
    </p>
   </div>
   <div class='ocr_carea' id='block_1_6' title="bbox 223 2422 1914 2614">
    <p class='ocr_par' dir='ltr' id='par_1_8' title="bbox 223 2422 1914 2598">
     <span class='ocr_line' id='line_1_26' title="bbox 341 2422 1860 2496; baseline 0.001 -31"><span class='ocrx_word' id='word_1_205' title='bbox 341 2429 364 2465; x_wconf 99' lang='grc'>2</span> <span class='ocrx_word' id='word_1_206' title='bbox 399 2422 772 2482; x_wconf 79' lang='grc' dir='ltr'><em>ἐπιχειρήσαντες</em></span> <span class='ocrx_word' id='word_1_207' title='bbox 799 2423 837 2468; x_wconf 82' lang='lat' dir='ltr'><strong><em>G</em></strong></span> <span class='ocrx_word' id='word_1_208' title='bbox 976 2427 1002 2464; x_wconf 91' lang='lat'>4</span> <span class='ocrx_word' id='word_1_209' title='bbox 1036 2437 1107 2466; x_wconf 92' lang='grc' dir='ltr'><em>σοι</em></span> <span class='ocrx_word' id='word_1_210' title='bbox 1139 2424 1212 2467; x_wconf 81' lang='lat' dir='ltr'><em>Pa</em></span> <span class='ocrx_word' id='word_1_211' title='bbox 1244 2423 1324 2466; x_wconf 83' lang='lat' dir='ltr'><em>sed</em></span> <span class='ocrx_word' id='word_1_212' title='bbox 1358 2423 1406 2465; x_wconf 90' lang='lat' dir='ltr'><em>in</em></span> <span class='ocrx_word' id='word_1_213' title='bbox 1431 2436 1564 2496; x_wconf 84' lang='lat' dir='ltr'>marg</span> <span class='ocrx_word' id='word_1_214' title='bbox 1595 2423 1649 2466; x_wconf 80' lang='grc' dir='ltr'><em>σὺ</em></span> <span class='ocrx_word' id='word_1_215' title='bbox 1727 2422 1782 2465; x_wconf 85' lang='grc' dir='ltr'><em>σὺ</em></span> <span class='ocrx_word' id='word_1_216' title='bbox 1817 2422 1860 2466; x_wconf 87' lang='lat' dir='ltr'><em>V</em></span> 
     </span>
     <span class='ocr_line' id='line_1_27' title="bbox 223 2479 1911 2538; baseline -0.001 -13"><span class='ocrx_word' id='word_1_217' title='bbox 223 2487 248 2525; x_wconf 78' lang='grc' dir='ltr'><em>ὃ</em></span> <span class='ocrx_word' id='word_1_218' title='bbox 282 2481 340 2538; x_wconf 78' lang='grc' dir='ltr'><em>μὴ</em></span> <span class='ocrx_word' id='word_1_219' title='bbox 368 2479 414 2527; x_wconf 85' lang='grc' dir='ltr'><em>δ’</em></span> <span class='ocrx_word' id='word_1_220' title='bbox 437 2483 606 2526; x_wconf 81' lang='lat' dir='ltr'><strong><em>APIV</em></strong></span> <span class='ocrx_word' id='word_1_221' title='bbox 727 2486 750 2524; x_wconf 84' lang='lat'><strong>7</strong></span> <span class='ocrx_word' id='word_1_222' title='bbox 785 2481 836 2526; x_wconf 83' lang='grc' dir='ltr'><em>δὲ</em></span> <span class='ocrx_word' id='word_1_223' title='bbox 861 2482 928 2525; x_wconf 81' lang='lat' dir='ltr'><em>Re</em></span> <span class='ocrx_word' id='word_1_224' title='bbox 1051 2487 1076 2525; x_wconf 84' lang='lat'>8</span> <span class='ocrx_word' id='word_1_225' title='bbox 1109 2480 1355 2538; x_wconf 75' lang='grc' dir='ltr'><em>γίγνεσθαι</em></span> <span class='ocrx_word' id='word_1_226' title='bbox 1380 2482 1447 2525; x_wconf 77' lang='lat' dir='ltr'><em>Re</em></span> <span class='ocrx_word' id='word_1_227' title='bbox 1475 2484 1481 2538; x_wconf 90' lang='grc' dir='ltr'>Ι</span> <span class='ocrx_word' id='word_1_228' title='bbox 1510 2480 1662 2538; x_wconf 81' lang='grc' dir='ltr'><em>νόμιζε</em></span> <span class='ocrx_word' id='word_1_229' title='bbox 1695 2479 1911 2537; x_wconf 79' lang='grc' dir='ltr'><em>γίνεσθαι</em></span> 
     </span>
     <span class='ocr_line' id='line_1_28' title="bbox 225 2539 1914 2614; baseline -0.002 -29"><span class='ocrx_word' id='word_1_230' title='bbox 225 2541 334 2586; x_wconf 78' lang='lat' dir='ltr'><em>GPa</em></span> <span class='ocrx_word' id='word_1_231' title='bbox 516 2546 569 2583; x_wconf 91' lang='grc'><em>12</em></span> <span class='ocrx_word' id='word_1_232' title='bbox 613 2546 697 2596; x_wconf 86' lang='grc' dir='ltr'><em>τῆς</em></span> <span class='ocrx_word' id='word_1_233' title='bbox 726 2539 906 2614; x_wconf 87' lang='grc' dir='ltr'><em>μνήμης</em></span> <span class='ocrx_word' id='word_1_234' title='bbox 936 2541 1059 2585; x_wconf 75' lang='lat' dir='ltr'>inter</span> <span class='ocrx_word' id='word_1_235' title='bbox 1090 2540 1170 2584; x_wconf 79' lang='grc' dir='ltr'><em>διὰ</em></span> <span class='ocrx_word' id='word_1_236' title='bbox 1203 2543 1250 2585; x_wconf 76' lang='lat' dir='ltr'><em>et</em></span> <span class='ocrx_word' id='word_1_237' title='bbox 1280 2547 1361 2584; x_wconf 87' lang='grc' dir='ltr'><em>τοῦ</em></span> <span class='ocrx_word' id='word_1_238' title='bbox 1401 2541 1697 2584; x_wconf 82' lang='lat' dir='ltr'>inserendum</span> <span class='ocrx_word' id='word_1_239' title='bbox 1728 2539 1914 2583; x_wconf 74' lang='lat' dir='ltr'><strong>videtur</strong></span> 
     </span>
    </p>
   </div>
   <div class='ocr_carea' id='block_1_7' title="bbox 216 2597 1910 2893">
    <p class='ocr_par' dir='ltr' id='par_1_9' title="bbox 216 2597 1906 2832">
     <span class='ocr_line' id='line_1_29' title="bbox 223 2597 897 2654; baseline -0.002 -11"><span class='ocrx_word' id='word_1_240' title='bbox 223 2599 326 2644; x_wconf 82' lang='lat' dir='ltr'>coll.</span> <span class='ocrx_word' id='word_1_241' title='bbox 351 2601 384 2643; x_wconf 75' lang='lat' dir='ltr'><strong>t</strong></span> <span class='ocrx_word' id='word_1_242' title='bbox 402 2599 465 2642; x_wconf 84' lang='lat' dir='ltr'><strong>m</strong></span> <span class='ocrx_word' id='word_1_243' title='bbox 491 2604 590 2653; x_wconf 83' lang='lat'>196,</span> <span class='ocrx_word' id='word_1_244' title='bbox 611 2599 723 2642; x_wconf 82' lang='lat' dir='ltr'><em>19R</em></span> <span class='ocrx_word' id='word_1_245' title='bbox 769 2597 897 2654; x_wconf 84' lang='grc' dir='ltr'><em>Πρία</em></span> 
     </span>
     <span class='ocr_line' id='line_1_30' title="bbox 222 2617 1909 2726; baseline -0.001 -24"><span class='ocrx_word' id='word_1_246' title='bbox 222 2658 401 2726; x_wconf 85' lang='grc' dir='ltr'><em>μνήμης</em></span> <span class='ocrx_word' id='word_1_247' title='bbox 437 2665 519 2702; x_wconf 88' lang='grc' dir='ltr'><em>τοῦ</em></span> <span class='ocrx_word' id='word_1_248' title='bbox 559 2634 749 2714; x_wconf 83' lang='grc' dir='ltr'><em>Πηλέως</em></span> <span class='ocrx_word' id='word_1_249' title='bbox 781 2660 829 2701; x_wconf 65' lang='lat' dir='ltr'><em>ab</em></span> <span class='ocrx_word' id='word_1_250' title='bbox 861 2617 932 2703; x_wconf 50' lang='lat' dir='ltr'><em>osy«</em></span> <span class='ocrx_word' id='word_1_251' title='bbox 952 2674 996 2714; x_wconf 91' lang='lat' dir='ltr'><em>p.</em></span> <span class='ocrx_word' id='word_1_252' title='bbox 1024 2664 1123 2712; x_wconf 83' lang='grc'>296,</span> <span class='ocrx_word' id='word_1_253' title='bbox 1143 2662 1199 2701; x_wconf 84' lang='grc'>24</span> <span class='ocrx_word' id='word_1_254' title='bbox 1230 2658 1522 2714; x_wconf 79' lang='grc' dir='ltr'><em>προσέθεσαν</em></span> <span class='ocrx_word' id='word_1_255' title='bbox 1561 2658 1784 2714; x_wconf 76' lang='grc' dir='ltr'><em>ἀργύριον</em></span> <span class='ocrx_word' id='word_1_256' title='bbox 1815 2657 1844 2701; x_wconf 88' lang='lat' dir='ltr'><em>i.</em></span> <span class='ocrx_word' id='word_1_257' title='bbox 1871 2669 1909 2701; x_wconf 84' lang='lat' dir='ltr'><em>e.</em></span> 
     </span>
     <span class='ocr_line' id='line_1_31' title="bbox 216 2714 1906 2775; baseline -0.002 -13"><span class='ocrx_word' id='word_1_258' title='bbox 216 2719 562 2774; x_wconf 76' lang='lat' dir='ltr'><em>promissionem</em></span> <span class='ocrx_word' id='word_1_259' title='bbox 587 2719 812 2773; x_wconf 76' lang='lat' dir='ltr'><em>pecuniae</em></span> <span class='ocrx_word' id='word_1_260' title='bbox 861 2717 867 2775; x_wconf 83' lang='grc' dir='ltr'>Ι</span> <span class='ocrx_word' id='word_1_261' title='bbox 916 2725 998 2761; x_wconf 85' lang='grc' dir='ltr'><em>τοῦ</em></span> <span class='ocrx_word' id='word_1_262' title='bbox 1030 2716 1210 2774; x_wconf 82' lang='grc' dir='ltr'><em>πηλέως</em></span> <span class='ocrx_word' id='word_1_263' title='bbox 1240 2719 1270 2762; x_wconf 93' lang='grc'><em>1</em></span> <span class='ocrx_word' id='word_1_264' title='bbox 1300 2718 1381 2760; x_wconf 83' lang='lat' dir='ltr'><em>sed</em></span> <span class='ocrx_word' id='word_1_265' title='bbox 1421 2733 1476 2761; x_wconf 85' lang='lat' dir='ltr'><em>ov</em></span> <span class='ocrx_word' id='word_1_266' title='bbox 1515 2732 1578 2773; x_wconf 87' lang='grc' dir='ltr'><em>πη</em></span> <span class='ocrx_word' id='word_1_267' title='bbox 1610 2717 1659 2760; x_wconf 90' lang='lat' dir='ltr'><em>in</em></span> <span class='ocrx_word' id='word_1_268' title='bbox 1691 2730 1767 2760; x_wconf 79' lang='lat' dir='ltr'><em>ras</em></span> <span class='ocrx_word' id='word_1_269' title='bbox 1798 2715 1868 2758; x_wconf 77' lang='lat' dir='ltr'><em>m²</em></span> <span class='ocrx_word' id='word_1_270' title='bbox 1901 2714 1906 2773; x_wconf 79' lang='grc' dir='ltr'>Ι</span> 
     </span>
     <span class='ocr_line' id='line_1_32' title="bbox 223 2774 1852 2850; baseline -0.001 -31"><span class='ocrx_word' id='word_1_271' title='bbox 223 2776 421 2828; x_wconf 86' lang='grc' dir='ltr'><em>καλὸςΙ</em></span> <span class='ocrx_word' id='word_1_272' title='bbox 580 2781 633 2819; x_wconf 83' lang='grc'>15</span> <span class='ocrx_word' id='word_1_273' title='bbox 666 2774 867 2850; x_wconf 81' lang='grc' dir='ltr'><em>πρόκλος</em></span> <span class='ocrx_word' id='word_1_274' title='bbox 899 2776 942 2819; x_wconf 94' lang='lat' dir='ltr'><em>V</em></span> <span class='ocrx_word' id='word_1_275' title='bbox 1105 2781 1157 2820; x_wconf 90' lang='lat'><em>16</em></span> <span class='ocrx_word' id='word_1_276' title='bbox 1190 2776 1337 2820; x_wconf 81' lang='grc' dir='ltr'><em>ταύτὰ</em></span> <span class='ocrx_word' id='word_1_277' title='bbox 1369 2776 1532 2832; x_wconf 82' lang='lat' dir='ltr'>scripsi</span> <span class='ocrx_word' id='word_1_278' title='bbox 1564 2777 1752 2819; x_wconf 76' lang='lat' dir='ltr'>auctore</span> <span class='ocrx_word' id='word_1_279' title='bbox 1783 2775 1852 2818; x_wconf 80' lang='lat' dir='ltr'><em>Re</em></span> 
     </span>
    </p>

    <p class='ocr_par' dir='ltr' id='par_1_10' title="bbox 221 2831 1910 2893">
     <span class='ocr_line' id='line_1_33' title="bbox 221 2831 1910 2893; baseline -0.002 -15"><span class='ocrx_word' id='word_1_280' title='bbox 221 2842 367 2878; x_wconf 86' lang='grc' dir='ltr'><em>ταῦτα</em></span> <span class='ocrx_word' id='word_1_281' title='bbox 399 2834 509 2878; x_wconf 83' lang='lat' dir='ltr'><strong>libri</strong></span> <span class='ocrx_word' id='word_1_282' title='bbox 534 2835 624 2878; x_wconf 84' lang='lat' dir='ltr'><em>edd</em></span> <span class='ocrx_word' id='word_1_283' title='bbox 660 2838 664 2891; x_wconf 92' lang='grc' dir='ltr'>Ι</span> <span class='ocrx_word' id='word_1_284' title='bbox 705 2852 764 2879; x_wconf 89' lang='grc' dir='ltr'><em>αν</em></span> <span class='ocrx_word' id='word_1_285' title='bbox 796 2835 845 2877; x_wconf 82' lang='lat' dir='ltr'><em>in</em></span> <span class='ocrx_word' id='word_1_286' title='bbox 869 2848 944 2878; x_wconf 80' lang='lat' dir='ltr'><em>ras</em></span> <span class='ocrx_word' id='word_1_287' title='bbox 969 2834 1027 2878; x_wconf 83' lang='lat'><em>1²</em></span> <span class='ocrx_word' id='word_1_288' title='bbox 1149 2840 1202 2877; x_wconf 85' lang='grc'>17</span> <span class='ocrx_word' id='word_1_289' title='bbox 1234 2849 1348 2878; x_wconf 88' lang='lat' dir='ltr'><em>num</em></span> <span class='ocrx_word' id='word_1_290' title='bbox 1378 2840 1460 2890; x_wconf 86' lang='grc' dir='ltr'><em>τῆς</em></span> <span class='ocrx_word' id='word_1_291' title='bbox 1492 2831 1742 2893; x_wconf 76' lang='grc' dir='ltr'><em>(ἐκείνου)</em></span> <span class='ocrx_word' id='word_1_292' title='bbox 1774 2850 1910 2888; x_wconf 89' lang='grc' dir='ltr'><em>τιμω-</em></span> 
     </span>
    </p>
   </div>
   <div class='ocr_carea' id='block_1_8' title="bbox 222 2891 1515 2949">
    <p class='ocr_par' dir='ltr' id='par_1_11' title="bbox 222 2891 1515 2949">
     <span class='ocr_line' id='line_1_34' title="bbox 222 2891 1515 2949; baseline -0.002 -12"><span class='ocrx_word' id='word_1_293' title='bbox 222 2892 354 2949; x_wconf 63' lang='lat' dir='ltr'><em>plag?</em></span> <span class='ocrx_word' id='word_1_294' title='bbox 477 2898 528 2935; x_wconf 83' lang='lat'><em>21</em></span> <span class='ocrx_word' id='word_1_295' title='bbox 565 2911 643 2936; x_wconf 87' lang='grc' dir='ltr'><em>ινα</em></span> <span class='ocrx_word' id='word_1_296' title='bbox 677 2893 839 2949; x_wconf 82' lang='lat' dir='ltr'><strong>scripsi</strong></span> <span class='ocrx_word' id='word_1_297' title='bbox 873 2908 927 2938; x_wconf 82' lang='lat' dir='ltr'><em>ex</em></span> <span class='ocrx_word' id='word_1_298' title='bbox 961 2894 1085 2937; x_wconf 89' lang='grc' dir='ltr'><em>ΑΡΙ</em></span> <span class='ocrx_word' id='word_1_299' title='bbox 1090 2895 1133 2938; x_wconf 88' lang='lat' dir='ltr'><strong><em>V</em></strong></span> <span class='ocrx_word' id='word_1_300' title='bbox 1188 2891 1251 2937; x_wconf 88' lang='grc' dir='ltr'><em>ιν’</em></span> <span class='ocrx_word' id='word_1_301' title='bbox 1284 2895 1392 2938; x_wconf 81' lang='grc' dir='ltr'><em>ΟΡα</em></span> <span class='ocrx_word' id='word_1_302' title='bbox 1424 2893 1515 2938; x_wconf 81' lang='lat' dir='ltr'><em>edd</em></span> 
     </span>
    </p>
   </div>
   <div class='ocr_carea' id='block_1_9' title="bbox 933 2597 1992 2656">
    <p class='ocr_par' dir='ltr' id='par_1_12' title="bbox 933 2597 1992 2656">
     <span class='ocr_line' id='line_1_35' title="bbox 933 2597 1992 2656; baseline 0.004 -13"><span class='ocrx_word' id='word_1_303' title='bbox 933 2616 983 2650; x_wconf 87' lang='grc' dir='ltr'><em>ος</em></span> <span class='ocrx_word' id='word_1_304' title='bbox 1027 2599 1152 2656; x_wconf 79' lang='grc' dir='ltr'><em>ἄγων</em></span> <span class='ocrx_word' id='word_1_305' title='bbox 1196 2600 1261 2650; x_wconf 87' lang='grc' dir='ltr'><em>εἰς</em></span> <span class='ocrx_word' id='word_1_306' title='bbox 1303 2600 1428 2644; x_wconf 77' lang='grc' dir='ltr'><em>ἔλεον</em></span> <span class='ocrx_word' id='word_1_307' title='bbox 1466 2597 1667 2656; x_wconf 82' lang='grc' dir='ltr'><em>Ἀχιλλέα</em></span> <span class='ocrx_word' id='word_1_308' title='bbox 1707 2598 1789 2644; x_wconf 81' lang='grc' dir='ltr'><em>διὰ</em></span> <span class='ocrx_word' id='word_1_309' title='bbox 1831 2603 1914 2653; x_wconf 78' lang='grc' dir='ltr'><em>τῆς</em></span> <span class='ocrx_word' id='word_1_310' title='bbox 1991 2611 1992 2621; x_wconf 72' lang='grc'>’</span> 
     </span>
    </p>
   </div>
  </div>
 </body>
</html>
