1992 3094
901 877 1147 931 XXXIX.

402 981 519 1043 AN
521 982 829 1044 ΤΙΟΧΩΙ
874 982 1646 1046 ΠΑΡΑΜΤΘΗΤΙΚΟΣ.

91 1142 132 1185 Β,
155 1142 299 1186 11353
379 1129 424 1182 1.
470 1127 743 1197 “Ηγοῦμαι
780 1132 1083 1199 προσήκειν
1121 1131 1188 1183 οὐ
1228 1139 1345 1194 τοῖς
1381 1136 1657 1184 πενθοῦσι
1695 1133 1872 1197 μόνον

180 1218 212 1286 ἢ
251 1219 451 1281 παῖδας
490 1218 521 1286 ἦ
563 1226 829 1286 γυναῖκας
867 1217 899 1287 ἢ
939 1218 1137 1287 γονέας
1174 1219 1208 1287 ἤ
1239 1238 1393 1282 τινας
1433 1220 1633 1282 ἄλλους
1672 1221 1872 1287 λόγους
1939 1207 1943 1209 ’

180 1315 360 1360 ποιεῖν
406 1305 630 1376 ἔχοντας
677 1309 1056 1376 παραμυθίαν,
1108 1306 1247 1360 ἀλλὰ
1293 1305 1385 1361 καὶ
1434 1300 1518 1370 οἷς
1565 1305 1652 1360 ἀπ’
1686 1309 1871 1360 ἄλλων

137 1418 156 1450 5
181 1404 350 1448 τινῶν
390 1395 446 1447 αἱ
486 1398 668 1448 λῦπαι.
747 1396 795 1448 εἰ
841 1396 946 1466 γὰρ
988 1396 1056 1464 δὴ
1095 1405 1216 1459 τοῖς
1250 1395 1623 1464 λυπουμένοις
1661 1399 1870 1464 βοηθη-

181 1482 324 1550 τέον,
363 1482 454 1536 καὶ
493 1484 710 1547 τούτοις
749 1482 1022 1547 κάκείνοις
1061 1482 1234 1552 ἄξιον,
1279 1485 1461 1554 ὥσπερ
1503 1481 1574 1538 αὖ
1611 1483 1702 1537 καὶ
1741 1486 1870 1547 τοὺς

184 1573 406 1642 ἰατροὺς
444 1571 660 1641 ὁρῶμεν
697 1573 867 1626 ἅπασι
897 1573 1205 1642 τραύμασιν
1244 1572 1351 1626 ἀπὸ
1393 1573 1699 1643 φαρμάκων
1734 1572 1870 1641 ἀμύ-

181 1680 392 1724 νοντας.
469 1661 574 1729 ἐγὼ
630 1661 692 1716 δὲ
746 1654 871 1714 οἶδα
923 1661 1014 1714 καὶ
1067 1665 1283 1731 μείζους
1337 1663 1511 1725 λύπας
1565 1661 1618 1725 ἐξ
1671 1660 1871 1731 ἑτέρων
1934 1676 1939 1694 ⁵

183 1749 543 1818 ἐγγενομένας
579 1750 728 1803 τισὶν
758 1749 790 1818 ἢ
821 1751 1101 1819 θανάτων,
1141 1750 1267 1804 ὥστ’
1297 1748 1359 1803 ἔκ
1397 1770 1459 1819 γε
1497 1760 1609 1804 τῶν
1641 1751 1870 1803 δικαίων
1906 1818 1911 1824 .

114 1837 212 1906 1οῆ
253 1843 464 1907 μᾶλλον
504 1837 730 1892 ἐκείνων
768 1838 1200 1909 παραμυθητέον
1237 1840 1472 1902 τούτους
1509 1839 1542 1908 ἢ
1575 1838 1675 1908 οὐχ
1705 1835 1870 1907 ἧττόν

301 1985 339 2030 0
407 2007 462 2021 =
495 1983 649 2029 Codex
681 1983 928 2028 Chisianus

298 2045 373 2089 Pa
404 2066 460 2081 =
492 2042 703 2087 Patmius
737 2047 821 2087 471

299 2104 345 2147 A
406 2125 462 2139 =
493 2102 786 2146 Monacensis
817 2117 884 2159 gr.
910 2106 995 2146 483
1030 2102 1368 2159 (Augustanus)

299 2163 345 2206 P
406 2183 462 2198 =
493 2161 736 2206 Pala‘binus
766 2176 834 2218 gr.
861 2165 947 2205 282

307 2221 351 2265 U
407 2243 462 2258 =
495 2220 696 2264 Urbinas
729 2235 795 2278 gr.
825 2224 907 2264 126

299 2281 334 2323 Ι
407 2302 462 2316 =
494 2279 760 2323 Marcianus
794 2279 993 2336 append.
1025 2278 1126 2323 XCI
1150 2284 1174 2322 2

309 2339 353 2382 V
407 2361 462 2375 =
493 2338 868 2382 Vindobonensis
899 2337 1014 2395 phil.
1048 2353 1114 2395 gr.
1140 2337 1282 2382 XCIII

301 2476 326 2514 9
359 2470 424 2515 Cf.
448 2486 493 2527 p.
520 2475 620 2520 269.
639 2477 677 2515 9.
725 2471 830 2527 Lys.
855 2485 939 2528 pro
964 2470 1103 2514 Arist.
1129 2471 1236 2515 bon.
1263 2476 1288 2525 ξ
1314 2475 1339 2514 9
1372 2486 1417 2528 p.
1445 2475 1544 2524 618,
1561 2475 1582 2513 1

100 2644 107 2648 .
302 2609 324 2647 1
359 2611 422 2660 μᾶ
453 2605 513 2658 Α,
543 2610 626 2648 τοῦ
658 2603 802 2647 αὐτοῦ
837 2605 880 2648 V
904 2605 1012 2647 ante
1045 2601 1264 2661 ἀντιόχωι
1383 2609 1467 2647 τοῦ
1498 2603 1617 2659 πρὸς
1646 2602 1865 2661 ἀντίοχον

182 2661 302 2707 κατὰ
332 2661 604 2719 μιξιὸήμουε
636 2660 729 2719 λόγ.
757 2670 804 2718 m]
834 2662 1006 2706 Macar.
1032 2661 1190 2718 Chrys.
1216 2661 1296 2706 fol.
1315 2667 1371 2705 90
1399 2663 1405 2718 Ι
1431 2661 1800 2718 παραμυθητική
1833 2661 1870 2707 G
1946 2687 1953 2701 ι

240 2720 374 2778 λόγος
396 2720 667 2776 τριακοστὸς
689 2721 903 2776 δεύτερος
925 2723 1034 2778 post
1055 2719 1447 2778 παραμυθητικός
1472 2721 1516 2765 V
1531 2721 1656 2775 rubr,
1718 2719 1867 2776 Λόγος
1955 2733 1958 2739 ·

181 2779 284 2824 ΚΘ’
304 2781 389 2835 Ρα,
450 2780 533 2836 μα’
556 2780 594 2825 C
613 2779 694 2824 sed.
719 2779 799 2838 νβ’
822 2780 871 2823 in
891 2794 1026 2837 marg
1047 2795 1107 2823 m.
1125 2781 1283 2824 recent
1343 2779 1479 2836 λόγος
1501 2778 1564 2824 λε’
1587 2779 1636 2822 in
1660 2793 1793 2836 marg
1807 2778 1865 2822 1³
1926 2811 1946 2838 ,Ἰ

243 2843 268 2881 5
299 2841 443 2882 λῦπαι
474 2838 639 2895 scripsi
671 2851 726 2882 ex
758 2840 794 2882 I
857 2839 999 2883 λύπαι
1030 2838 1200 2894 reliqui
1229 2837 1340 2882 libri
1373 2838 1464 2882 edd
1592 2843 1616 2881 6
1650 2835 1736 2882 οὖν
1770 2839 1813 2882 V

128 2962 132 2969 η
183 2901 208 2939 9
242 2895 544 2955 ἐπιγενομένοις
566 2899 601 2941 Ι
617 2898 750 2955 Bong
811 2895 1109 2954 ἐγγινομένας
1141 2898 1186 2943 V
1301 2902 1354 2940 10
1387 2895 1416 2953 ἢ
1449 2898 1510 2954 (1)
1543 2910 1619 2940 om
1653 2898 1696 2941 V
