1992 3094
198 100 271 152 32
703 97 931 142 LIBANII
964 97 1187 142 ORATIO
1219 97 1389 141 XXVII

198 237 418 305 θρασὺς
456 236 642 303 ἵστησί
677 234 738 287 τέ
774 248 834 287 σε
873 236 1078 302 βοήσας
1115 233 1205 286 καὶ
1240 242 1533 302 κατηγορεῖ
1571 241 1682 286 τῶν
1721 231 1888 301 ἐγνω-

200 324 418 390 σμένων
471 322 562 376 καὶ
621 324 775 376 δοκεῖ
830 324 1015 376 δίκαια
1065 322 1248 390 λέγειν
1299 321 1388 375 καὶ
1437 323 1580 391 αἱρεῖ
1631 336 1691 374 σε
1744 323 1892 390 παρὰ

204 414 292 466 σοὶ
331 420 486 482 κριτῇ
527 412 616 465 καὶ
656 420 769 464 τῶν
808 413 1001 481 φόβων
1033 410 1447 480 ἀπηλλαγμένος
1487 410 1587 473 οὓς
1619 410 1891 480 ἐφοβεῖτο,

201 504 396 570 φοβῶν
435 499 652 568 ἑτέρους
699 501 791 553 διὰ
840 508 937 568 τῆς
975 502 1183 562 πόλεως
1223 502 1459 568 ἔρχεται,
1515 501 1567 552 οἱ
1616 499 1677 552 δὲ
1722 507 1893 552 ταῦτα

157 611 178 643 5
204 591 350 661 αὐτῷ
389 588 828 658 καταπράξαντες
866 587 1097 658 φαιδροὶ
1138 588 1383 657 φαιδρὸν
1420 587 1640 657 ὁρῶσιν.

317 679 400 731 19.
467 672 633 747 Οἶμαι
694 679 889 731 τοίνυν
946 679 1077 739 τοὺς
1139 677 1342 739 αὐτοὺς
1403 676 1738 745 ἀνθρώπους
1792 675 1887 746 ἀφ’

203 768 411 837 ὁμοίων
450 770 630 835 λόγων
668 767 757 819 καὶ
797 768 863 819 τὰ
900 764 1025 836 περὶ
1058 765 1361 836 τάργύριον
1398 767 1460 818 τὸ
1500 767 1699 836 μικρὸν
1734 767 1895 819 δεδυ-

203 861 434 924 νῆσθαι,
483 856 511 909 ὃ
554 855 807 924 ἐθηράθη
855 856 956 925 μὲν
1002 855 1110 908 ὑπὸ
1161 863 1260 908 τοῦ
1301 857 1588 922 βελτίστου
1629 857 1896 908 Κλεινίου

113 957 322 1000 RH120
360 947 615 1011 κείμενον
660 943 785 1014 περὶ
824 945 922 997 τὸν
971 944 977 1012 1
1027 943 1220 1011 λιμένα
1266 948 1446 997 πλοῦν
1485 933 1898 1010 ἀναμένοντὸν

138 1055 180 1087 10
205 1032 292 1086 ἐπὶ
348 1035 734 1102 Καρχηδόνος,
797 1032 967 1086 ἐποίει
1024 1030 1085 1086 δὲ
1144 1031 1554 1102 ἀσθενεστέραν
1613 1033 1747 1101 ἡμῖν
1797 1034 1898 1101 τὴν

204 1124 383 1190 πόλιν,
445 1121 665 1190 ἐποίησε
716 1121 763 1175 δ’
801 1121 870 1174 ἂν
928 1121 1288 1191 ἰσχυροτέραν
1350 1121 1635 1174 ἀποδοθέν
1694 1140 1753 1174 τε
1805 1120 1896 1174 καὶ

207 1210 432 1280 ἀναβάν.
520 1209 605 1263 ἀεὶ
665 1211 766 1280 μὲν
828 1207 932 1264 οὗν
986 1211 1088 1279 τὴν
1143 1210 1409 1263 ἐπιοῦσαν
1464 1209 1672 1280 ἡμέραν
1733 1217 1897 1263 τοῦτο

206 1298 348 1363 ἕξειν
386 1299 721 1369 ἐνομίζομεν,
768 1299 1071 1370 τάργύριον
1111 1297 1172 1352 δὲ
1211 1300 1244 1368 ἡ
1283 1302 1443 1362 πόλις
1489 1295 1621 1352 οὐδὲ
1667 1306 1776 1352 νῦν
1813 1319 1899 1351 κε-

208 1390 475 1456 κόμισται.
551 1388 637 1440 20.
692 1390 758 1441 τὰ
806 1386 866 1441 δὲ
913 1387 1181 1442 ἐντεῦθεν
1211 1388 1393 1458 -κέρδη
1440 1395 1539 1441 τοῦ
1588 1388 1900 1456 φάσκοντος

142 1498 182 1530 15
206 1474 308 1543 μὲν
355 1479 653 1547 Σελευκείᾳ
699 1480 949 1546 βοηθεῖν,
998 1477 1031 1530 ἃ
1080 1475 1127 1529 δ’
1160 1471 1313 1530 οἶδεν
1360 1475 1635 1545 ὀνήσοντα
1681 1479 1900 1546 Καρχη-

209 1565 432 1627 δονίους
470 1573 766 1628 ποιοῦντος
811 1567 867 1619 τί
911 1571 1017 1619 οἰέι
1054 1573 1226 1619 ταῦτα
1254 1563 1558 1635 Ἀντιοχέας
1604 1565 1900 1641 άγνοεῖνβὶ

209 1655 280 1722 μὴ
321 1657 671 1722 χαλεπαίνειν
710 1655 926 1717 εἰδότας
962 1653 995 1722 ἢ
1038 1656 1259 1707 δεῖσθαι
1298 1655 1548 1723 μάντεων
1586 1655 1665 1716 εἰς
1702 1655 1763 1707 τὸ
1801 1673 1902 1723 μα-

210 1748 340 1795 θεῖν
392 1745 521 1805 τοὺς
575 1744 782 1811 ταύτην
835 1745 1129 1812 εἰληφότας
1183 1745 1284 1812 τὴν
1338 1744 1518 1813 χάριν,
1572 1742 1605 1811 ἢ
1662 1741 1750 1796 σοὶ
1800 1740 1903 1812 μὲν

211 1832 387 1899 ψόγον
426 1830 703 1900 ἐνήνοχεν,
751 1831 817 1884 οὐ
864 1833 968 1902 γὰρ
1018 1833 1151 1884 ἄλλο
1199 1851 1262 1898 γε
1302 1831 1486 1897 οὐδέν,
1535 1832 1621 1884 δεῖ
1666 1833 1770 1901 γὰρ
1810 1831 1901 1884 τά-

146 1941 188 1972 20
214 1923 357 1987 ληθῆ
414 1919 613 1987 λέγειν,
667 1919 897 1982 ἐκείνοις
952 1916 1012 1972 δὲ
1067 1921 1156 1972 καὶ
1212 1924 1395 1989 λῆμμα
1447 1921 1586 1989 πρὸς
1641 1919 1670 1972 ὃ
1724 1921 1903 1973 πάντα

212 2010 496 2076 κεχηνότες
534 2009 632 2061 τὸν
671 2011 873 2077 χρόνον
913 2009 978 2062 οὐ
1012 2010 1314 2074 δεδοίκασι;
1355 2009 1440 2061 21.
1482 2011 1551 2061 σὺ
1593 2007 1643 2061 δ’
1674 2009 1902 2078 ἄμεινον

213 2095 515 2164 ἐβουλεύου
555 2098 649 2159 τὰς
683 2099 900 2166 πρώτας
930 2107 1042 2150 τῶν
1074 2097 1308 2166 ἡμερῶν,
1349 2096 1424 2150 ὅτ’
1456 2097 1764 2166 άπήλαυνες
1802 2095 1903 2166 μὲν

213 2186 313 2238 τὸν
351 2193 450 2237 τοῦ
489 2184 771 2255 παρέδρου
810 2185 1033 2255 πατέρα,
1083 2185 1385 2253 ἐβουλεύου
1435 2183 1495 2239 δὲ
1543 2187 1687 2248 ὅπως
1733 2186 1902 2239 αὐτὸν

217 2272 447 2343 ἐκβάλῃς
485 2275 583 2326 τὸν
628 2275 907 2343 πάρεδρον
947 2275 1019 2337 ὡς
1065 2276 1339 2327 πλειόνων
1376 2274 1409 2342 ἢ
1449 2283 1688 2343 προσῆκε
1734 2294 1902 2344 γραμ-

149 2383 190 2415 25
214 2362 400 2428 μάτων
439 2363 721 2414 εἰσιόντων
767 2382 824 2415 τε
863 2361 953 2414 καὶ
1000 2360 1259 2425 ἐξιόντων
1303 2372 1415 2415 τῶν
1465 2363 1566 2429 μὲν
1611 2361 1737 2431 παρ’
1769 2361 1902 2414 ἐκεί-

338 2497 358 2534 1
409 2499 658 2549 κατηγορεῖ
686 2495 732 2535 et
772 2498 796 2535 2
839 2495 970 2536 δοκεῖ
999 2492 1066 2536 Re
1106 2491 1350 2549 κατηγόρει
1390 2495 1437 2536 et
1469 2491 1620 2536 ἐδόκει
1659 2492 1771 2536 libri
1802 2492 1905 2535 Mor

279 2555 303 2593 2
337 2553 417 2594 καὶ
449 2551 601 2595 ἐδόκει
625 2549 787 2594 δίκαια
812 2551 959 2607 λέγειν
990 2551 1064 2595 bis
1091 2551 1129 2595 G
1158 2553 1239 2595 sed.
1264 2551 1462 2594 alterum
1489 2551 1602 2595 dels
1630 2554 1635 2608 Ι
1663 2550 1782 2608 λέγει
1799 2552 1845 2595 Β

217 2615 244 2653 4
277 2610 465 2667 ἄρχεται
498 2611 581 2654 Mo
606 2610 707 2653 Mor
739 2611 819 2652 sed
851 2611 900 2653 in
924 2611 1011 2654 hoe
1043 2628 1097 2667 γρ
1124 2610 1303 2668 ἔρχεται
1333 2610 1382 2652 in
1407 2623 1541 2667 marg
1662 2615 1687 2653 5
1721 2609 1840 2654 αὐτὰ
1866 2610 1909 2651 V

278 2686 331 2725 γρ
358 2669 492 2712 αὐτοὶ
523 2669 572 2712 in
596 2682 730 2726 marg
752 2669 823 2711 m²
853 2669 989 2713 Patm
1134 2673 1188 2712 10
1229 2667 1278 2712 δ’
1307 2669 1373 2711 Re
1514 2674 1566 2712 12
1600 2666 1684 2712 οὖν
1717 2683 1793 2711 om
1819 2669 1904 2712 Mo

217 2727 318 2770 Mor
441 2733 493 2770 13
527 2730 711 2782 „malim
745 2728 900 2780 ἄξειν*
931 2729 999 2772 Re
1123 2734 1176 2771 15
1211 2726 1445 2782 ὀνήσαντα
1475 2729 1510 2770 Ι
1627 2733 1679 2771 16
1712 2726 1776 2782 τί;
1815 2726 1904 2771 οἰέι

217 2786 320 2829 Mor
399 2785 444 2829 τί
475 2786 583 2840 οἴει;
615 2787 684 2830 Re
837 2792 889 2830 18
929 2786 957 2843 ἢ
991 2787 1075 2831 Mo
1099 2787 1201 2830 Mor
1232 2787 1313 2842 qui
1345 2784 1372 2841 ἣ
1407 2787 1510 2830 coni
1663 2791 1716 2829 19
1749 2784 1903 2843 ψόγον

218 2843 300 2900 μὲν
333 2847 377 2888 Β
528 2850 582 2887 22
632 2846 875 2902 ἐβουλεύου
908 2859 963 2889 ex
995 2846 1240 2904 ἐβούλευον
1274 2860 1374 2889 oon·
1406 2846 1476 2888 Ρ2
1533 2847 1538 2901 Ι
1596 2845 1679 2902 μὲν
1712 2859 1787 2888 om
1817 2847 1853 2888 I

221 2907 275 2945 24
308 2904 542 2961 ἐκβαλεΐςῖ)
