1992 3094
0 2395 11 3094 *mm-fl*
2 2247 12 2382 -a-u-vn
7 2229 11 2235 .
5 2170 10 2185 -
4 2141 9 2146 »

226 95 455 139 LIBANII
486 94 711 140 ORATIO
743 94 861 140 PRO
892 93 1211 139 AGRICOLIS
1242 95 1322 139 DE
1355 96 1644 141 ANGARIIS
1705 97 1815 150 475

26 231 38 267 ’-
116 227 280 286 οὗτοι
313 233 417 302 γὰρ
449 228 687 299 τῶν,μὲν
711 230 771 284 ἐν
796 231 1028 297 δυνάμει
1062 231 1444 301 γεγενημένων
1467 231 1557 285 καὶ
1590 247 1816 301 στρατο-

114 320 308 374 πέδων
339 319 702 389 ἡγησαμένων
734 321 1024 374 αἰδοῦνται
1055 321 1185 384 τούς
1215 340 1273 374 τε
1309 323 1476 383 ὅνους
1507 320 1597 374 καὶ
1629 323 1816 390 τᾶλλα,

114 409 212 463 καὶ
262 408 628 479 παρέρχονται
682 410 782 462 τὸν
830 417 970 479 χοῦν
1019 410 1072 462 οἱ
1123 417 1294 463 ταῦτα
1344 409 1671 473 ἐλαύνοντες
1722 410 1815 463 ἆν-

123 496 488 567 εσπασμέναις
527 506 644 560 ταῖς
684 498 893 568 ὀφρύσι
932 497 1024 551 καὶ
1064 498 1261 569 ὀρθοῖς
1299 508 1416 562 τοῖς
1455 499 1669 569 αὐχέσι,
1711 501 1816 552 κᾶν

114 607 204 650 ’τις
228 588 463 655 λάβηταί
484 606 637 650 τινος
659 589 974 656 παριόντος,
1006 590 1436 658 παρανενόμηκε.
1497 598 1609 641 τῶν
1633 589 1816 641 ἄλλων
1863 609 1882 642 5

115 676 184 730 δὲ
234 677 292 729 oc
333 676 436 745 μὲν
483 677 616 743 μετὰ
666 678 844 730 πόνου
895 678 961 729 τὰ
1011 686 1173 746 σφῶν
1223 678 1406 733 αὐτῶν
1458 677 1710 747 ῥύονται,
1762 680 1819 731 οἳ

41 770 46 781 ’
115 763 173 817 δ’
204 763 274 819 ἂν
309 764 635 832 ἀντιβλέψαι
665 769 996 834 τολμήσωσι,
1035 768 1367 835 τυπτόμενοι
1407 766 1815 835 μανθάνουσιν,

114 853 205 907 ὅτι
259 862 511 923 κρεῖττον
560 850 630 922 ἦν
679 862 856 925 σιωπῇ
909 855 1140 923 πάσχειν
1189 864 1381 918 κακῶς.
1469 862 1569 908 τοῦ
1620 857 1816 908 τοίνυν

111 943 192 1011 ,μὴ
247 944 471 1005 δικαίως
524 943 725 996 τούσδε
777 942 1060 1008 πιέζεσθαι
1114 945 1176 997 τὸ
1227 945 1300 1012 μὴ
1350 942 1440 996 καὶ
1492 944 1700 1006 πάντας
1749 944 1816 996 τὰ

115 1039 348 1085 τοιαῦτα
393 1040 590 1084 πονεῖν
636 1040 881 1101 σημεῖον.
969 1034 1017 1084 εἰ
1065 1034 1168 1102 γὰρ
1218 1032 1402 1095 οὐδεὶς
1448 1031 1538 1085 ὑπ’
1589 1031 1816 1086 ἐκείνων
1840 1055 1883 1088 ιο

112 1121 187 1174 οὐ
240 1121 568 1174 πονούντων
621 1122 1019 1191 παραβαίνεται
1073 1124 1267 1190 νόμος,
1322 1119 1441 1174 οὐδ’
1490 1122 1607 1174 οἵδε
1660 1123 1813 1192 νόμω

111 1210 255 1278 πρὸς
291 1208 439 1263 τοῦτ’
479 1210 722 1278 ἄγονται.

160 1327 162 1329 -
234 1297 317 1351 10.
358 1297 506 1368 Ἐρεῑ
535 1301 733 1352 τοίνυν
763 1319 864 1367 τις,
904 1300 977 1362 ὡς
1008 1301 1064 1352 εῑ
1103 1298 1208 1352 καὶ
1246 1300 1326 1368 μὴ
1359 1297 1814 1368 γεγραμμένον

112 1385 288 1441 τοῦτ’
334 1386 540 1453 ἔστιν,
593 1387 725 1440 ἀλλ’
772 1390 865 1451 εἰς
917 1391 1072 1451 ε”θος
1121 1390 1276 1457 ἥκει.
1352 1386 1456 1457 ἔθη
1510 1385 1571 1440 δὲ
1619 1388 1666 1440 εῑ
1711 1384 1815 1454 μὲν

118 1476 348 1546 ἀκίνητα
393 1478 572 1530 πάντα
619 1479 859 1546 ἔμεινεν,
908 1478 1052 1540 εἰκός
1098 1497 1151 1530 τι
1197 1475 1288 1530 καὶ
1337 1477 1455 1530 οἵδε
1497 1478 1814 1538 πεπόνθασι
1838 1498 1880 1531 15

111 1565 547 1628 δεδουλευκότες
593 1575 708 1628 τοῖς
755 1568 967 1619 ἔθεσιν·
1019 1567 1068 1619 εἰ
1120 1563 1181 1619 δὲ
1229 1565 1450 1619 λέλυται
1496 1566 1675 1618 πολλὰ
1723 1566 1815 1618 διὰ

116 1655 324 1717 παντὸς
350 1661 450 1707 τοῦ
483 1657 689 1725 χρόνου
721 1664 838 1718 τοῖς
860 1656 1171 1723 κρείττοσιν
1203 1654 1467 1718 εἰξάντων
1493 1663 1606 1706 τῶν
1636 1655 1814 1723 χειρό-

112 1763 258 1811 -νων,
305 1744 377 1812 μὴ
417 1744 478 1796 τὸ
518 1742 644 1813 περὶ
683 1751 778 1812 τῆς
817 1751 916 1797 τοῦ
955 1745 1271 1814 πράγματος
1310 1744 1531 1812 φύσεως
1570 1742 1813 1811 διαλέγε-

112 1838 255 1899 -σθαι
295 1833 599 1901 φεύγοντες
639 1831 727 1886 ἐπὶ
773 1834 835 1886 τὸ
882 1838 1199 1902 πεπρᾶχθαι
1237 1833 1502 1894 πολλάκις
1540 1851 1813 1900 καταφευ-

115 1923 350 1989 γόντων.
427 1923 705 1991 ἄχθεσθαι
756 1922 860 1990 γὰρ
917 1920 1097 1990 ἄξιον,
1153 1922 1234 1974 ὅτι
1290 1920 1483 1989 γέγονε
1529 1920 1811 1988 πολλάκις,
1836 1940 1880 1974 zo

112 2008 233 2063 ἀλλ’
276 2010 377 2064 οὐκ
418 2008 506 2063 ἐπὶ
545 2019 656 2064 τῶν
696 2010 880 2064 αὐτῶν
920 2012 1013 2063 διὰ
1051 2018 1214 2063 τοῦτο
1254 2009 1456 2078 μένειν.
1538 2010 1620 2062 11.
1672 2006 1814 2078 ἦσάν

112 2118 265 2161 τινες
303 2101 361 2152 οἳ
399 2100 652 2168 πονηρὰν
684 2098 881 2168 ἑορτὴν
921 2101 1218 2168 εἰσήγαγον
1261 2100 1339 2161 εἰς
1377 2099 1480 2167 τὴν
1510 2098 1768 2167 Δάφνην.
1804 2098 1809 2168 Ι

111 2323 204 2362 405
231 2264 293 2362 1Ιὲ
327 2259 384 2304 of.
411 2261 443 2304 b.
468 2259 532 2303 III
556 2260 830 2315 85‚11sq.R
982 2265 1036 2303 22
1070 2258 1127 2304 cf.
1152 2275 1197 2316 p.
1217 2263 1405 2313 302‚14;
1432 2263 1532 2313 370,
1547 2263 1600 2302 10
1619 2273 1708 2314 sq.;
1733 2261 1766 2303 t.
1791 2260 1812 2302 I

168 2510 170 2512 .
240 2471 292 2510 19
318 2466 709 2525 καταφευγόντων
734 2467 841 2512 ἀντὶ
863 2474 945 2510 τοῦ
970 2464 1428 2524 καταφευγέ[τωσαν]
1447 2467 1492 2510 Α
1510 2465 1663 2509 cf.t.H
1682 2470 1807 2522 148‚1

239 2620 264 2658 2
296 2618 436 2660 τᾶλλα
469 2617 514 2660 Α
635 2620 660 2659 5
693 2613 1077 2671 παρανενόμηκεν
1106 2615 1199 2658 AP
1318 2618 1343 2656 6
1377 2612 1431 2658 οῖ’
1445 2616 1506 2671 (2)
1532 2615 1577 2657 P
1603 2614 1687 2657 sed
1719 2613 1731 2628 ‘
1762 2615 1811 2658 in

117 2688 193 2718 ras
225 2674 294 2718 m⁶
415 2679 439 2718 7
472 2673 782 2731 μανθάνωσιν
814 2675 848 2718 Ι
965 2677 1020 2716 10
1052 2670 1136 2716 ὑπ’
1164 2672 1329 2729 scripsi
1361 2686 1417 2716 ex
1441 2675 1472 2716 Ι
1493 2687 1597 2716 cum
1630 2672 1811 2717 Sinteni

180 2730 255 2779 ἐπ’
290 2733 460 2789 reliqui
490 2733 600 2778 libri
632 2734 723 2777 edd
856 2738 907 2776 11
943 2733 997 2776 οὐ
1030 2732 1304 2776 πονούντων
1336 2746 1411 2775 om
1441 2733 1476 2775 I
1520 2734 1525 2787 Ι
1576 2729 1674 2777 οἶδε
1707 2734 1753 2776 Α

120 2790 218 2838 οἶδε
257 2794 291 2836 Ι
430 2797 484 2836 15
526 2793 684 2848 ἔμενεν
724 2793 758 2835 Ι
808 2796 814 2847 Ι
872 2790 970 2836 οἵδε
1009 2793 1056 2835 Ρ
1092 2791 1174 2834 sed
1204 2788 1226 2805 '⁸'
1266 2791 1314 2834 in
1353 2803 1428 2834 ras
1466 2790 1536 2834 m²
1627 2789 1726 2835 οἶδε
1766 2793 1812 2836 A

211 2857 263 2896 17
297 2850 479 2911 χρόνων
511 2851 603 2896 Gob
843 2855 895 2893 19
927 2853 1202 2908 πεπρᾶχθαι
1236 2851 1281 2893 Ρ
1308 2850 1390 2893 sed
1414 2853 1434 2863 ”
1466 2850 1517 2893 in
1547 2863 1623 2894 ras
1653 2849 1723 2893 111²

120 2916 174 2955 21
207 2914 426 2957 διατοῦτο
459 2911 553 2954 AP
