<?xml version="1.0" encoding="UTF-8"?>
<!DOCTYPE html PUBLIC "-//W3C//DTD XHTML 1.0 Transitional//EN"
    "http://www.w3.org/TR/xhtml1/DTD/xhtml1-transitional.dtd">
<html xmlns="http://www.w3.org/1999/xhtml" xml:lang="en" lang="en">
 <head>
  <title>
</title>
<meta http-equiv="Content-Type" content="text/html;charset=utf-8" />
  <meta name='ocr-system' content='tesseract 3.04.00' />
  <meta name='ocr-capabilities' content='ocr_page ocr_carea ocr_par ocr_line ocrx_word'/>
</head>
<body>
  <div class='ocr_page' id='page_1' title='image "./operarecensuitri03libauoft_0387.png"; bbox 0 0 1992 3094; ppageno 0'>
   <div class='ocr_carea' id='block_1_1' title="bbox 501 125 1849 182">
    <p class='ocr_par' dir='ltr' id='par_1_1' title="bbox 501 125 1849 182">
     <span class='ocr_line' id='line_1_1' title="bbox 501 125 1849 182; baseline 0.01 -13"><span class='ocrx_word' id='word_1_1' title='bbox 501 125 729 171; x_wconf 85' lang='lat' dir='ltr'>LIBANII</span> <span class='ocrx_word' id='word_1_2' title='bbox 761 126 989 171; x_wconf 83' lang='lat' dir='ltr'><strong>ORATIO.</strong></span> <span class='ocrx_word' id='word_1_3' title='bbox 1018 128 1136 173; x_wconf 88' lang='lat' dir='ltr'><em>PRO</em></span> <span class='ocrx_word' id='word_1_4' title='bbox 1169 128 1502 173; x_wconf 86' lang='lat' dir='ltr'><strong>THALASSIO</strong></span> <span class='ocrx_word' id='word_1_5' title='bbox 1744 130 1849 182; x_wconf 82' lang='lat'><em>317</em></span> 
     </span>
    </p>
   </div>
   <div class='ocr_carea' id='block_1_2' title="bbox 158 259 1854 419">
    <p class='ocr_par' dir='ltr' id='par_1_2' title="bbox 158 259 1854 419">
     <span class='ocr_line' id='line_1_2' title="bbox 159 259 1854 334; baseline 0.003 -21"><span class='ocrx_word' id='word_1_6' title='bbox 159 259 460 330; x_wconf 80' lang='grc' dir='ltr'><strong><em>ἐκπηδῆσαι</em></strong></span> <span class='ocrx_word' id='word_1_7' title='bbox 522 262 809 330; x_wconf 76' lang='grc' dir='ltr'><em>φάσκοντα</em></span> <span class='ocrx_word' id='word_1_8' title='bbox 870 263 1171 332; x_wconf 82' lang='grc' dir='ltr'><em>ὀφθαλμὸν</em></span> <span class='ocrx_word' id='word_1_9' title='bbox 1229 264 1349 318; x_wconf 86' lang='grc' dir='ltr'><em>ἀντὶ</em></span> <span class='ocrx_word' id='word_1_10' title='bbox 1407 266 1686 334; x_wconf 80' lang='grc' dir='ltr'><em>Γοργόνος</em></span> <span class='ocrx_word' id='word_1_11' title='bbox 1738 274 1854 328; x_wconf 86' lang='grc' dir='ltr'><em>τοῖς</em></span> 
     </span>
     <span class='ocr_line' id='line_1_3' title="bbox 158 349 852 419; baseline 0.003 -17"><span class='ocrx_word' id='word_1_12' title='bbox 158 349 573 419; x_wconf 78' lang='grc' dir='ltr'><em>εὐλαβεστέροις</em></span> <span class='ocrx_word' id='word_1_13' title='bbox 611 349 852 404; x_wconf 83' lang='grc' dir='ltr'><em>ἐπισείει.</em></span> 
     </span>
    </p>
   </div>
   <div class='ocr_carea' id='block_1_3' title="bbox 270 436 1939 510">
    <p class='ocr_par' dir='ltr' id='par_1_3' title="bbox 270 436 1939 510">
     <span class='ocr_line' id='line_1_4' title="bbox 270 436 1939 510; baseline 0.006 -21"><span class='ocrx_word' id='word_1_14' title='bbox 270 438 354 490; x_wconf 84' lang='grc'><em>21.</em></span> <span class='ocrx_word' id='word_1_15' title='bbox 417 436 528 490; x_wconf 86' lang='grc' dir='ltr'><em>Καὶ</em></span> <span class='ocrx_word' id='word_1_16' title='bbox 574 448 860 508; x_wconf 80' lang='grc' dir='ltr'><em>μαχαιρῶν</em></span> <span class='ocrx_word' id='word_1_17' title='bbox 908 439 914 509; x_wconf 94' lang='grc' dir='ltr'>Ι</span> <span class='ocrx_word' id='word_1_18' title='bbox 967 441 1034 510; x_wconf 82' lang='grc' dir='ltr'><em>δή</em></span> <span class='ocrx_word' id='word_1_19' title='bbox 1082 461 1250 495; x_wconf 91' lang='grc' dir='ltr'><em>τινων</em></span> <span class='ocrx_word' id='word_1_20' title='bbox 1293 440 1559 510; x_wconf 85' lang='grc' dir='ltr'><em>ἐμέμνητο</em></span> <span class='ocrx_word' id='word_1_21' title='bbox 1599 441 1700 495; x_wconf 86' lang='grc' dir='ltr'><em>κάκ</em></span> <span class='ocrx_word' id='word_1_22' title='bbox 1731 455 1838 499; x_wconf 85' lang='lat' dir='ltr'><em>RII</em></span> <span class='ocrx_word' id='word_1_23' title='bbox 1855 460 1939 499; x_wconf 86' lang='lat'><em>399</em></span> 
     </span>
    </p>
   </div>
   <div class='ocr_carea' id='block_1_4' title="bbox 142 527 1854 2108">
    <p class='ocr_par' dir='ltr' id='par_1_4' title="bbox 142 527 1854 1664">
     <span class='ocr_line' id='line_1_5' title="bbox 157 527 1853 599; baseline 0.004 -20"><span class='ocrx_word' id='word_1_24' title='bbox 157 528 372 580; x_wconf 89' lang='grc' dir='ltr'><em>τούτων</em></span> <span class='ocrx_word' id='word_1_25' title='bbox 426 527 601 594; x_wconf 83' lang='grc' dir='ltr'><em>ὄνομα</em></span> <span class='ocrx_word' id='word_1_26' title='bbox 662 535 925 596; x_wconf 81' lang='grc' dir='ltr'><em>περιῆπτε</em></span> <span class='ocrx_word' id='word_1_27' title='bbox 986 530 1076 582; x_wconf 84' lang='grc' dir='ltr'><em>καὶ</em></span> <span class='ocrx_word' id='word_1_28' title='bbox 1130 531 1230 599; x_wconf 90' lang='grc' dir='ltr'><em>τὴν</em></span> <span class='ocrx_word' id='word_1_29' title='bbox 1292 529 1526 599; x_wconf 79' lang='grc' dir='ltr'><em>ἐκβολὴν</em></span> <span class='ocrx_word' id='word_1_30' title='bbox 1587 530 1853 585; x_wconf 80' lang='grc' dir='ltr'><em>ἐντεῦθεν</em></span> 
     </span>
     <span class='ocr_line' id='line_1_6' title="bbox 157 613 1851 689; baseline 0.002 -20"><span class='ocrx_word' id='word_1_31' title='bbox 157 613 411 670; x_wconf 80' lang='grc' dir='ltr'><em>ἐποιεῖτο.</em></span> <span class='ocrx_word' id='word_1_32' title='bbox 496 615 525 670; x_wconf 90' lang='grc' dir='ltr'>ὁ</span> <span class='ocrx_word' id='word_1_33' title='bbox 574 613 635 669; x_wconf 76' lang='grc' dir='ltr'><em>δὲ</em></span> <span class='ocrx_word' id='word_1_34' title='bbox 685 619 951 687; x_wconf 81' lang='grc' dir='ltr'><em>μαχαίρας</em></span> <span class='ocrx_word' id='word_1_35' title='bbox 997 619 1099 686; x_wconf 78' lang='grc' dir='ltr'><em>μὲν</em></span> <span class='ocrx_word' id='word_1_36' title='bbox 1146 619 1495 672; x_wconf 76' lang='grc' dir='ltr'><em>οὐδεπώποτε</em></span> <span class='ocrx_word' id='word_1_37' title='bbox 1543 620 1851 689; x_wconf 78' lang='grc' dir='ltr'><em>εἰργάσατο,</em></span> 
     </span>
     <span class='ocr_line' id='line_1_7' title="bbox 161 700 1850 778; baseline 0.003 -21"><span class='ocrx_word' id='word_1_38' title='bbox 161 703 281 758; x_wconf 82' lang='grc' dir='ltr'><em>οὐδ’</em></span> <span class='ocrx_word' id='word_1_39' title='bbox 313 707 486 774; x_wconf 85' lang='grc' dir='ltr'><em>ἔμαθε</em></span> <span class='ocrx_word' id='word_1_40' title='bbox 524 706 626 774; x_wconf 88' lang='grc' dir='ltr'><em>τὴν</em></span> <span class='ocrx_word' id='word_1_41' title='bbox 664 704 880 775; x_wconf 76' lang='grc' dir='ltr'><em>τέχνην,</em></span> <span class='ocrx_word' id='word_1_42' title='bbox 921 705 1039 759; x_wconf 81' lang='grc' dir='ltr'><em>οὐδ’</em></span> <span class='ocrx_word' id='word_1_43' title='bbox 1073 700 1238 776; x_wconf 83' lang='grc' dir='ltr'><em>εἶχεν,</em></span> <span class='ocrx_word' id='word_1_44' title='bbox 1285 706 1401 761; x_wconf 83' lang='grc' dir='ltr'><em>ἀλλ’</em></span> <span class='ocrx_word' id='word_1_45' title='bbox 1435 708 1567 762; x_wconf 79' lang='grc' dir='ltr'><em>οὐδὲ</em></span> <span class='ocrx_word' id='word_1_46' title='bbox 1606 708 1635 762; x_wconf 86' lang='grc' dir='ltr'>ὁ</span> <span class='ocrx_word' id='word_1_47' title='bbox 1675 710 1850 778; x_wconf 88' lang='grc' dir='ltr'><em>πατὴρ</em></span> 
     </span>
     <span class='ocr_line' id='line_1_8' title="bbox 142 788 1853 869; baseline 0.002 -23"><span class='ocrx_word' id='word_1_48' title='bbox 142 788 468 864; x_wconf 65' lang='grc' dir='ltr'><em>ὀὐδέτερον</em></span> <span class='ocrx_word' id='word_1_49' title='bbox 546 793 752 847; x_wconf 83' lang='grc' dir='ltr'><em>οἰκέται</em></span> <span class='ocrx_word' id='word_1_50' title='bbox 799 791 859 848; x_wconf 76' lang='grc' dir='ltr'><em>δὲ</em></span> <span class='ocrx_word' id='word_1_51' title='bbox 905 791 1047 863; x_wconf 78' lang='grc' dir='ltr'><em>ἦσαν</em></span> <span class='ocrx_word' id='word_1_52' title='bbox 1088 797 1234 869; x_wconf 80' lang='grc' dir='ltr'><em>αὐτῷ</em></span> <span class='ocrx_word' id='word_1_53' title='bbox 1275 804 1446 849; x_wconf 90' lang='grc' dir='ltr'><em>ταῦτα</em></span> <span class='ocrx_word' id='word_1_54' title='bbox 1485 795 1853 865; x_wconf 80' lang='grc' dir='ltr'><em>ἐπιστάμενοι,</em></span> 
     </span>
     <span class='ocr_line' id='line_1_9' title="bbox 157 882 1851 956; baseline 0.002 -21"><span class='ocrx_word' id='word_1_55' title='bbox 157 882 412 951; x_wconf 90' lang='grc' dir='ltr'><em>καθάπερ</em></span> <span class='ocrx_word' id='word_1_56' title='bbox 474 882 832 952; x_wconf 79' lang='grc' dir='ltr'><em>Δημοσθένει</em></span> <span class='ocrx_word' id='word_1_57' title='bbox 893 890 968 956; x_wconf 80' lang='grc' dir='ltr'><em>τῷ</em></span> <span class='ocrx_word' id='word_1_58' title='bbox 1024 884 1430 954; x_wconf 87' lang='grc' dir='ltr'><em>Δημοσθένους</em></span> <span class='ocrx_word' id='word_1_59' title='bbox 1489 889 1668 954; x_wconf 89' lang='grc' dir='ltr'><em>πατρί.</em></span> <span class='ocrx_word' id='word_1_60' title='bbox 1763 887 1851 939; x_wconf 85' lang='grc' dir='ltr'><em>καὶ</em></span> 
     </span>
     <span class='ocr_line' id='line_1_10' title="bbox 158 970 1851 1043; baseline 0.002 -20"><span class='ocrx_word' id='word_1_61' title='bbox 158 970 328 1024; x_wconf 83' lang='grc' dir='ltr'><em>οὐδὲν</em></span> <span class='ocrx_word' id='word_1_62' title='bbox 367 970 608 1024; x_wconf 83' lang='grc' dir='ltr'><em>ἐκώλυσε</em></span> <span class='ocrx_word' id='word_1_63' title='bbox 645 972 745 1025; x_wconf 91' lang='grc' dir='ltr'><em>τὸν</em></span> <span class='ocrx_word' id='word_1_64' title='bbox 782 973 913 1026; x_wconf 83' lang='grc' dir='ltr'><em>υἱὸν</em></span> <span class='ocrx_word' id='word_1_65' title='bbox 945 973 1352 1042; x_wconf 86' lang='grc' dir='ltr'><em>Δημοσθένους</em></span> <span class='ocrx_word' id='word_1_66' title='bbox 1382 974 1482 1027; x_wconf 93' lang='grc' dir='ltr'><em>τὸν</em></span> <span class='ocrx_word' id='word_1_67' title='bbox 1512 973 1851 1043; x_wconf 81' lang='grc' dir='ltr'><em>Δημοσθένη</em></span> 
     </span>
     <span class='ocr_line' id='line_1_11' title="bbox 158 1052 1854 1132; baseline 0.002 -20"><span class='ocrx_word' id='word_1_68' title='bbox 158 1060 220 1112; x_wconf 93' lang='grc' dir='ltr'><em>τὸ</em></span> <span class='ocrx_word' id='word_1_69' title='bbox 262 1052 404 1114; x_wconf 81' lang='grc' dir='ltr'><em>εἶναι</em></span> <span class='ocrx_word' id='word_1_70' title='bbox 443 1061 733 1124; x_wconf 83' lang='grc' dir='ltr'><em>τοιούτους</em></span> <span class='ocrx_word' id='word_1_71' title='bbox 766 1061 953 1124; x_wconf 85' lang='grc' dir='ltr'><em>αὐτοῖς</em></span> <span class='ocrx_word' id='word_1_72' title='bbox 986 1061 1198 1125; x_wconf 83' lang='grc' dir='ltr'><em>οἰκέτας</em></span> <span class='ocrx_word' id='word_1_73' title='bbox 1234 1063 1360 1116; x_wconf 81' lang='grc' dir='ltr'><em>οὔτε</em></span> <span class='ocrx_word' id='word_1_74' title='bbox 1398 1070 1703 1132; x_wconf 82' lang='grc' dir='ltr'><em>προστῆναι</em></span> <span class='ocrx_word' id='word_1_75' title='bbox 1741 1072 1854 1116; x_wconf 91' lang='grc' dir='ltr'><em>τῶν</em></span> 
     </span>
     <span class='ocr_line' id='line_1_12' title="bbox 152 1138 1852 1220; baseline 0.002 -19"><span class='ocrx_word' id='word_1_76' title='bbox 152 1146 492 1218; x_wconf 79' lang='grc' dir='ltr'><em>Ἑλληνικῶν</em></span> <span class='ocrx_word' id='word_1_77' title='bbox 528 1138 781 1218; x_wconf 84' lang='grc' dir='ltr'><em>πράξεων</em></span> <span class='ocrx_word' id='word_1_78' title='bbox 821 1150 946 1203; x_wconf 74' lang='grc' dir='ltr'><em>οὔτε</em></span> <span class='ocrx_word' id='word_1_79' title='bbox 986 1151 1266 1220; x_wconf 80' lang='grc' dir='ltr'><em>ῥύσασθαι</em></span> <span class='ocrx_word' id='word_1_80' title='bbox 1313 1153 1499 1214; x_wconf 89' lang='grc' dir='ltr'><em>πόλεις</em></span> <span class='ocrx_word' id='word_1_81' title='bbox 1539 1152 1666 1204; x_wconf 83' lang='grc' dir='ltr'><em>οὔτε</em></span> <span class='ocrx_word' id='word_1_82' title='bbox 1705 1151 1852 1205; x_wconf 86' lang='grc' dir='ltr'><em>ἀντι-</em></span> 
     </span>
     <span class='ocr_line' id='line_1_13' title="bbox 158 1237 1854 1310; baseline 0.002 -20"><span class='ocrx_word' id='word_1_83' title='bbox 158 1237 430 1301; x_wconf 77' lang='grc' dir='ltr'><em>τάξασθαι</em></span> <span class='ocrx_word' id='word_1_84' title='bbox 479 1239 616 1308; x_wconf 86' lang='grc' dir='ltr'><em>πρὸς</em></span> <span class='ocrx_word' id='word_1_85' title='bbox 663 1240 765 1307; x_wconf 88' lang='grc' dir='ltr'><em>τὴν</em></span> <span class='ocrx_word' id='word_1_86' title='bbox 817 1241 1098 1292; x_wconf 83' lang='grc' dir='ltr'><em>Φιλίππου</em></span> <span class='ocrx_word' id='word_1_87' title='bbox 1148 1241 1240 1293; x_wconf 80' lang='grc' dir='ltr'><em>καὶ</em></span> <span class='ocrx_word' id='word_1_88' title='bbox 1295 1240 1485 1309; x_wconf 80' lang='grc' dir='ltr'><em>ῥώμην</em></span> <span class='ocrx_word' id='word_1_89' title='bbox 1536 1238 1627 1292; x_wconf 86' lang='grc' dir='ltr'><em>καὶ</em></span> <span class='ocrx_word' id='word_1_90' title='bbox 1680 1241 1854 1310; x_wconf 85' lang='grc' dir='ltr'><em>τύχην</em></span> 
     </span>
     <span class='ocr_line' id='line_1_14' title="bbox 157 1325 1853 1398; baseline 0.002 -19"><span class='ocrx_word' id='word_1_91' title='bbox 157 1325 274 1380; x_wconf 81' lang='grc' dir='ltr'><em>οὔτ’</em></span> <span class='ocrx_word' id='word_1_92' title='bbox 315 1332 495 1381; x_wconf 77' lang='grc' dir='ltr'><em>αἴτιον</em></span> <span class='ocrx_word' id='word_1_93' title='bbox 541 1327 805 1395; x_wconf 89' lang='grc' dir='ltr'><em>γενέσθαι</em></span> <span class='ocrx_word' id='word_1_94' title='bbox 851 1336 915 1398; x_wconf 74' lang='grc' dir='ltr'><em>τῇ</em></span> <span class='ocrx_word' id='word_1_95' title='bbox 962 1331 1118 1381; x_wconf 90' lang='grc' dir='ltr'><em>πόλει</em></span> <span class='ocrx_word' id='word_1_96' title='bbox 1167 1331 1457 1398; x_wconf 86' lang='grc' dir='ltr'><em>στεφάνων</em></span> <span class='ocrx_word' id='word_1_97' title='bbox 1510 1327 1599 1381; x_wconf 88' lang='grc' dir='ltr'><em>καὶ</em></span> <span class='ocrx_word' id='word_1_98' title='bbox 1650 1349 1853 1398; x_wconf 88' lang='grc' dir='ltr'><em>κηρυγ-</em></span> 
     </span>
     <span class='ocr_line' id='line_1_15' title="bbox 158 1412 1854 1487; baseline 0.002 -19"><span class='ocrx_word' id='word_1_99' title='bbox 158 1416 346 1485; x_wconf 83' lang='grc' dir='ltr'><em>μάτων</em></span> <span class='ocrx_word' id='word_1_100' title='bbox 382 1416 704 1470; x_wconf 89' lang='grc' dir='ltr'><em>ἀπολαῦσαι.</em></span> <span class='ocrx_word' id='word_1_101' title='bbox 783 1412 934 1487; x_wconf 89' lang='grc' dir='ltr'><em>εἶχον</em></span> <span class='ocrx_word' id='word_1_102' title='bbox 974 1417 1035 1470; x_wconf 78' lang='grc' dir='ltr'><em>δὲ</em></span> <span class='ocrx_word' id='word_1_103' title='bbox 1075 1418 1141 1470; x_wconf 85' lang='grc' dir='ltr'><em>οὐ</em></span> <span class='ocrx_word' id='word_1_104' title='bbox 1183 1419 1449 1481; x_wconf 83' lang='grc' dir='ltr'><em>δεσπότας</em></span> <span class='ocrx_word' id='word_1_105' title='bbox 1487 1427 1599 1471; x_wconf 90' lang='grc' dir='ltr'><em>τῶν</em></span> <span class='ocrx_word' id='word_1_106' title='bbox 1638 1417 1699 1470; x_wconf 85' lang='grc' dir='ltr'><em>ἐν</em></span> <span class='ocrx_word' id='word_1_107' title='bbox 1736 1426 1854 1480; x_wconf 90' lang='grc' dir='ltr'><em>ταῖς</em></span> 
     </span>
     <span class='ocr_line' id='line_1_16' title="bbox 156 1502 1850 1575; baseline 0.001 -18"><span class='ocrx_word' id='word_1_108' title='bbox 156 1504 374 1574; x_wconf 90' lang='grc' dir='ltr'><em>τέχναις</em></span> <span class='ocrx_word' id='word_1_109' title='bbox 415 1503 723 1574; x_wconf 88' lang='grc' dir='ltr'><em>Ἀθηναίων</em></span> <span class='ocrx_word' id='word_1_110' title='bbox 772 1507 927 1569; x_wconf 82' lang='grc' dir='ltr'><em>τινὰς</em></span> <span class='ocrx_word' id='word_1_111' title='bbox 977 1508 1151 1574; x_wconf 89' lang='grc' dir='ltr'><em>μόνον</em></span> <span class='ocrx_word' id='word_1_112' title='bbox 1201 1506 1405 1575; x_wconf 77' lang='grc' dir='ltr'><em>λέγειν,</em></span> <span class='ocrx_word' id='word_1_113' title='bbox 1457 1506 1594 1559; x_wconf 81' lang='grc' dir='ltr'><em>ἀλλά</em></span> <span class='ocrx_word' id='word_1_114' title='bbox 1643 1505 1733 1559; x_wconf 86' lang='grc' dir='ltr'><em>καὶ</em></span> <span class='ocrx_word' id='word_1_115' title='bbox 1782 1502 1850 1559; x_wconf 85' lang='grc' dir='ltr'><em>αὖ</em></span> 
     </span>
     <span class='ocr_line' id='line_1_17' title="bbox 159 1593 1338 1664; baseline 0.002 -19"><span class='ocrx_word' id='word_1_116' title='bbox 159 1595 289 1656; x_wconf 87' lang='grc' dir='ltr'><em>τοὺς</em></span> <span class='ocrx_word' id='word_1_117' title='bbox 327 1593 433 1647; x_wconf 87' lang='grc' dir='ltr'><em>ἀπὸ</em></span> <span class='ocrx_word' id='word_1_118' title='bbox 472 1604 681 1664; x_wconf 89' lang='grc' dir='ltr'><em>τεχνῶν</em></span> <span class='ocrx_word' id='word_1_119' title='bbox 718 1596 953 1664; x_wconf 78' lang='grc' dir='ltr'><em>ἥκοντας</em></span> <span class='ocrx_word' id='word_1_120' title='bbox 994 1596 1338 1663; x_wconf 85' lang='grc' dir='ltr'><em>ἰσχύσαντας.</em></span> 
     </span>
    </p>

    <p class='ocr_par' dir='ltr' id='par_1_5' title="bbox 159 1680 1854 2108">
     <span class='ocr_line' id='line_1_18' title="bbox 271 1680 1854 1752; baseline 0.001 -17"><span class='ocrx_word' id='word_1_121' title='bbox 271 1682 357 1735; x_wconf 82' lang='grc'><em>22.</em></span> <span class='ocrx_word' id='word_1_122' title='bbox 405 1680 549 1736; x_wconf 86' lang='grc' dir='ltr'><em>Ἀλλ’</em></span> <span class='ocrx_word' id='word_1_123' title='bbox 582 1682 834 1752; x_wconf 80' lang='grc' dir='ltr'><em>ἀφῶμεν,</em></span> <span class='ocrx_word' id='word_1_124' title='bbox 880 1686 931 1736; x_wconf 83' lang='grc' dir='ltr'><em>εἰ</em></span> <span class='ocrx_word' id='word_1_125' title='bbox 965 1684 1140 1752; x_wconf 64' lang='grc' dir='ltr'><em>δοκεῖ,</em></span> <span class='ocrx_word' id='word_1_126' title='bbox 1186 1685 1284 1736; x_wconf 92' lang='grc' dir='ltr'><em>τὸν</em></span> <span class='ocrx_word' id='word_1_127' title='bbox 1315 1682 1630 1752; x_wconf 87' lang='grc' dir='ltr'><em>Ἀθηναίων</em></span> <span class='ocrx_word' id='word_1_128' title='bbox 1676 1684 1854 1751; x_wconf 79' lang='grc' dir='ltr'><em>δῆμον</em></span> 
     </span>
     <span class='ocr_line' id='line_1_19' title="bbox 159 1771 1854 1842; baseline 0.001 -19"><span class='ocrx_word' id='word_1_129' title='bbox 159 1771 251 1823; x_wconf 84' lang='grc' dir='ltr'><em>καὶ</em></span> <span class='ocrx_word' id='word_1_130' title='bbox 289 1772 392 1840; x_wconf 90' lang='grc' dir='ltr'><em>τὴν</em></span> <span class='ocrx_word' id='word_1_131' title='bbox 428 1772 613 1825; x_wconf 86' lang='grc' dir='ltr'><em>πνύκα</em></span> <span class='ocrx_word' id='word_1_132' title='bbox 650 1771 742 1825; x_wconf 87' lang='grc' dir='ltr'><em>καὶ</em></span> <span class='ocrx_word' id='word_1_133' title='bbox 781 1773 842 1826; x_wconf 92' lang='grc' dir='ltr'><em>τὸ</em></span> <span class='ocrx_word' id='word_1_134' title='bbox 882 1774 1030 1842; x_wconf 81' lang='grc' dir='ltr'><em>βῆμα</em></span> <span class='ocrx_word' id='word_1_135' title='bbox 1068 1771 1159 1825; x_wconf 85' lang='grc' dir='ltr'><em>καὶ</em></span> <span class='ocrx_word' id='word_1_136' title='bbox 1199 1773 1297 1825; x_wconf 93' lang='grc' dir='ltr'><em>τὸν</em></span> <span class='ocrx_word' id='word_1_137' title='bbox 1337 1775 1596 1839; x_wconf 79' lang='grc' dir='ltr'><em>Σόλωνα,</em></span> <span class='ocrx_word' id='word_1_138' title='bbox 1642 1773 1708 1824; x_wconf 83' lang='grc' dir='ltr'><em>τὰ</em></span> <span class='ocrx_word' id='word_1_139' title='bbox 1747 1780 1854 1825; x_wconf 87' lang='grc' dir='ltr'><em>νῦν</em></span> 
     </span>
     <span class='ocr_line' id='line_1_20' title="bbox 161 1856 1853 1931; baseline 0.001 -19"><span class='ocrx_word' id='word_1_140' title='bbox 161 1857 223 1912; x_wconf 75' lang='grc' dir='ltr'><em>δὲ</em></span> <span class='ocrx_word' id='word_1_141' title='bbox 263 1858 610 1925; x_wconf 81' lang='grc' dir='ltr'><em>ἐξεταζέσθω.</em></span> <span class='ocrx_word' id='word_1_142' title='bbox 686 1863 954 1931; x_wconf 86' lang='grc' dir='ltr'><em>τολμήσαι</em></span> <span class='ocrx_word' id='word_1_143' title='bbox 992 1882 1075 1924; x_wconf 90' lang='grc' dir='ltr'><em>τις</em></span> <span class='ocrx_word' id='word_1_144' title='bbox 1114 1860 1183 1913; x_wconf 76' lang='grc' dir='ltr'><em>ἂν</em></span> <span class='ocrx_word' id='word_1_145' title='bbox 1223 1856 1326 1914; x_wconf 82' lang='grc' dir='ltr'><em>οὖν</em></span> <span class='ocrx_word' id='word_1_146' title='bbox 1364 1861 1557 1927; x_wconf 80' lang='grc' dir='ltr'><em>εἰπεῖν,</em></span> <span class='ocrx_word' id='word_1_147' title='bbox 1597 1860 1668 1923; x_wconf 83' lang='grc' dir='ltr'><em>ὡς</em></span> <span class='ocrx_word' id='word_1_148' title='bbox 1707 1861 1853 1913; x_wconf 76' lang='grc' dir='ltr'><em>ἅπαν</em></span> 
     </span>
     <span class='ocr_line' id='line_1_21' title="bbox 159 1947 1851 2019; baseline 0.001 -20"><span class='ocrx_word' id='word_1_149' title='bbox 159 1949 222 2000; x_wconf 85' lang='grc' dir='ltr'><em>τὸ</em></span> <span class='ocrx_word' id='word_1_150' title='bbox 264 1948 562 2019; x_wconf 83' lang='grc' dir='ltr'><em>συνέδριον</em></span> <span class='ocrx_word' id='word_1_151' title='bbox 602 1950 845 2018; x_wconf 77' lang='grc' dir='ltr'><em>εὐγενεῖς</em></span> <span class='ocrx_word' id='word_1_152' title='bbox 878 1950 936 2003; x_wconf 83' lang='grc' dir='ltr'><em>ἐκ</em></span> <span class='ocrx_word' id='word_1_153' title='bbox 972 1950 1325 2019; x_wconf 86' lang='grc' dir='ltr'><em>τετραγονίας</em></span> <span class='ocrx_word' id='word_1_154' title='bbox 1363 1947 1450 2001; x_wconf 84' lang='grc' dir='ltr'><em>καὶ</em></span> <span class='ocrx_word' id='word_1_155' title='bbox 1494 1947 1566 2001; x_wconf 84' lang='grc' dir='ltr'><em>ἔτ’</em></span> <span class='ocrx_word' id='word_1_156' title='bbox 1598 1948 1851 2019; x_wconf 82' lang='grc' dir='ltr'><em>ἀνωτέρω</em></span> 
     </span>
     <span class='ocr_line' id='line_1_22' title="bbox 159 2036 1853 2108; baseline 0 -18"><span class='ocrx_word' id='word_1_157' title='bbox 159 2039 454 2107; x_wconf 90' lang='grc' dir='ltr'><em>προγόνων</em></span> <span class='ocrx_word' id='word_1_158' title='bbox 481 2037 765 2108; x_wconf 81' lang='grc' dir='ltr'><em>ἀρξάντων</em></span> <span class='ocrx_word' id='word_1_159' title='bbox 789 2037 878 2092; x_wconf 80' lang='grc' dir='ltr'><em>καὶ</em></span> <span class='ocrx_word' id='word_1_160' title='bbox 910 2040 1400 2107; x_wconf 87' lang='grc' dir='ltr'><em>πεπρεσβευκότων</em></span> <span class='ocrx_word' id='word_1_161' title='bbox 1423 2036 1513 2090; x_wconf 92' lang='grc' dir='ltr'><em>καὶ</em></span> <span class='ocrx_word' id='word_1_162' title='bbox 1546 2041 1853 2107; x_wconf 90' lang='grc' dir='ltr'><em>λελειτουρ-</em></span> 
     </span>
    </p>
   </div>
   <div class='ocr_carea' id='block_1_5' title="bbox 164 2143 520 2150">
    <p class='ocr_par' dir='ltr' id='par_1_6' title="bbox 164 2143 520 2150">
     <span class='ocr_line' id='line_1_23' title="bbox 164 2143 520 2150; baseline 0 944"><span class='ocrx_word' id='word_1_163' title='bbox 164 2143 520 2150; x_wconf 95' lang='lat' dir='ltr'><em> </em></span> 
     </span>
    </p>
   </div>
   <div class='ocr_carea' id='block_1_6' title="bbox 283 2196 1852 2255">
    <p class='ocr_par' dir='ltr' id='par_1_7' title="bbox 283 2196 1852 2255">
     <span class='ocr_line' id='line_1_24' title="bbox 283 2196 1852 2255; baseline -0.001 -14"><span class='ocrx_word' id='word_1_164' title='bbox 283 2203 304 2241; x_wconf 93' lang='grc'>1</span> <span class='ocrx_word' id='word_1_165' title='bbox 330 2198 438 2243; x_wconf 87' lang='grc' dir='ltr'><em>Ι1.θ</em></span> <span class='ocrx_word' id='word_1_166' title='bbox 464 2204 562 2243; x_wconf 87' lang='grc'><strong>349.</strong></span> <span class='ocrx_word' id='word_1_167' title='bbox 588 2201 610 2243; x_wconf 89' lang='grc' dir='ltr'><em>λ</em></span> <span class='ocrx_word' id='word_1_168' title='bbox 630 2204 684 2243; x_wconf 87' lang='grc'><em>36</em></span> <span class='ocrx_word' id='word_1_169' title='bbox 799 2204 825 2243; x_wconf 89' lang='grc'>8</span> <span class='ocrx_word' id='word_1_170' title='bbox 843 2198 1273 2255; x_wconf 81' lang='lat' dir='ltr'>Vit·.Dem.p.2‚8R</span> <span class='ocrx_word' id='word_1_171' title='bbox 1393 2202 1446 2241; x_wconf 82' lang='lat'><em>12</em></span> <span class='ocrx_word' id='word_1_172' title='bbox 1471 2196 1852 2251; x_wconf 77' lang='lat' dir='ltr'>Plut.Dem.30‚5</span> 
     </span>
    </p>
   </div>
   <div class='ocr_carea' id='block_1_7' title="bbox 167 2291 521 2296">
    <p class='ocr_par' dir='ltr' id='par_1_8' title="bbox 167 2291 521 2296">
     <span class='ocr_line' id='line_1_25' title="bbox 167 2291 521 2296; baseline 0 0"><span class='ocrx_word' id='word_1_173' title='bbox 167 2291 521 2296; x_wconf 95' lang='lat' dir='ltr'><em> </em></span> 
     </span>
    </p>
   </div>
   <div class='ocr_carea' id='block_1_8' title="bbox 161 2344 1857 2993">
    <p class='ocr_par' dir='ltr' id='par_1_9' title="bbox 161 2344 1857 2993">
     <span class='ocr_line' id='line_1_26' title="bbox 279 2344 1795 2404; baseline -0.001 -15"><span class='ocrx_word' id='word_1_174' title='bbox 279 2351 307 2389; x_wconf 99' lang='lat'>4</span> <span class='ocrx_word' id='word_1_175' title='bbox 333 2345 543 2399; x_wconf 69' lang='lat' dir='ltr'><em>6va609?</em></span> <span class='ocrx_word' id='word_1_176' title='bbox 563 2363 567 2404; x_wconf 94' lang='lat'>4</span> <span class='ocrx_word' id='word_1_177' title='bbox 589 2352 812 2402; x_wconf 84' lang='grc' dir='ltr'><em>περιῆπτε</em></span> <span class='ocrx_word' id='word_1_178' title='bbox 830 2348 862 2389; x_wconf 94' lang='grc' dir='ltr'><em>Ι</em></span> <span class='ocrx_word' id='word_1_179' title='bbox 878 2347 959 2390; x_wconf 82' lang='lat' dir='ltr'><em>sed</em></span> <span class='ocrx_word' id='word_1_180' title='bbox 977 2362 997 2390; x_wconf 89' lang='grc' dir='ltr'><em>ε</em></span> <span class='ocrx_word' id='word_1_181' title='bbox 1014 2348 1074 2403; x_wconf 81' lang='grc'><em>(2)</em></span> <span class='ocrx_word' id='word_1_182' title='bbox 1093 2345 1141 2388; x_wconf 90' lang='lat' dir='ltr'><em>in</em></span> <span class='ocrx_word' id='word_1_183' title='bbox 1164 2360 1239 2388; x_wconf 79' lang='lat' dir='ltr'><em>ras</em></span> <span class='ocrx_word' id='word_1_184' title='bbox 1264 2344 1334 2388; x_wconf 87' lang='lat' dir='ltr'><em>m²</em></span> <span class='ocrx_word' id='word_1_185' title='bbox 1394 2350 1644 2401; x_wconf 85' lang='grc' dir='ltr'><em>περιῆπται</em></span> <span class='ocrx_word' id='word_1_186' title='bbox 1663 2344 1795 2401; x_wconf 90' lang='lat' dir='ltr'>Bong</span> 
     </span>
     <span class='ocr_line' id='line_1_27' title="bbox 162 2403 1795 2464; baseline -0.002 -14"><span class='ocrx_word' id='word_1_187' title='bbox 162 2410 188 2449; x_wconf 84' lang='lat'>5</span> <span class='ocrx_word' id='word_1_188' title='bbox 222 2405 331 2450; x_wconf 76' lang='grc' dir='ltr'><em>οὐδὲ</em></span> <span class='ocrx_word' id='word_1_189' title='bbox 355 2407 541 2450; x_wconf 81' lang='grc' dir='ltr'><em>πώποτε</em></span> <span class='ocrx_word' id='word_1_190' title='bbox 566 2407 724 2450; x_wconf 85' lang='grc' dir='ltr'><em>ΑΒΜ</em></span> <span class='ocrx_word' id='word_1_191' title='bbox 733 2407 777 2450; x_wconf 87' lang='lat' dir='ltr'><strong><em>V</em></strong></span> <span class='ocrx_word' id='word_1_192' title='bbox 792 2406 926 2462; x_wconf 86' lang='lat' dir='ltr'>Bong</span> <span class='ocrx_word' id='word_1_193' title='bbox 946 2406 950 2464; x_wconf 81' lang='grc' dir='ltr'>Ι</span> <span class='ocrx_word' id='word_1_194' title='bbox 973 2404 1216 2461; x_wconf 80' lang='grc' dir='ltr'><em>εἰργάσατο</em></span> <span class='ocrx_word' id='word_1_195' title='bbox 1243 2406 1271 2448; x_wconf 95' lang='grc'>1</span> <span class='ocrx_word' id='word_1_196' title='bbox 1291 2404 1374 2449; x_wconf 81' lang='lat' dir='ltr'><em>sed</em></span> <span class='ocrx_word' id='word_1_197' title='bbox 1400 2404 1528 2460; x_wconf 78' lang='grc' dir='ltr'><em>εἰργα</em></span> <span class='ocrx_word' id='word_1_198' title='bbox 1553 2404 1602 2447; x_wconf 92' lang='lat' dir='ltr'><em>in</em></span> <span class='ocrx_word' id='word_1_199' title='bbox 1624 2416 1699 2447; x_wconf 80' lang='lat' dir='ltr'><em>ras</em></span> <span class='ocrx_word' id='word_1_200' title='bbox 1725 2403 1795 2446; x_wconf 82' lang='lat' dir='ltr'><em>m²</em></span> 
     </span>
     <span class='ocr_line' id='line_1_28' title="bbox 162 2461 1853 2522; baseline -0.001 -14"><span class='ocrx_word' id='word_1_201' title='bbox 162 2469 189 2508; x_wconf 88' lang='lat'><strong>6</strong></span> <span class='ocrx_word' id='word_1_202' title='bbox 215 2465 323 2509; x_wconf 78' lang='grc' dir='ltr'><em>οὐδὲ</em></span> <span class='ocrx_word' id='word_1_203' title='bbox 349 2467 410 2522; x_wconf 86' lang='grc'><em>(1)</em></span> <span class='ocrx_word' id='word_1_204' title='bbox 435 2466 575 2510; x_wconf 88' lang='grc' dir='ltr'><em>ΙΒΜ</em></span> <span class='ocrx_word' id='word_1_205' title='bbox 597 2465 688 2508; x_wconf 91' lang='lat' dir='ltr'><em>edd</em></span> <span class='ocrx_word' id='word_1_206' title='bbox 715 2467 721 2521; x_wconf 87' lang='grc' dir='ltr'>Ι</span> <span class='ocrx_word' id='word_1_207' title='bbox 750 2462 855 2509; x_wconf 83' lang='grc' dir='ltr'><em>οὐδ’</em></span> <span class='ocrx_word' id='word_1_208' title='bbox 884 2465 951 2508; x_wconf 77' lang='lat' dir='ltr'><em>Re</em></span> <span class='ocrx_word' id='word_1_209' title='bbox 1104 2469 1128 2507; x_wconf 89' lang='grc'><strong>9</strong></span> <span class='ocrx_word' id='word_1_210' title='bbox 1155 2461 1437 2520; x_wconf 80' lang='grc' dir='ltr'><em>Δημοσθένη</em></span> <span class='ocrx_word' id='word_1_211' title='bbox 1461 2462 1647 2519; x_wconf 83' lang='lat' dir='ltr'>reposui</span> <span class='ocrx_word' id='word_1_212' title='bbox 1673 2476 1697 2506; x_wconf 93' lang='lat' dir='ltr'>e</span> <span class='ocrx_word' id='word_1_213' title='bbox 1721 2462 1853 2507; x_wconf 87' lang='lat' dir='ltr'>libris</span> 
     </span>
     <span class='ocr_line' id='line_1_29' title="bbox 220 2521 1795 2581; baseline -0.001 -14"><span class='ocrx_word' id='word_1_214' title='bbox 220 2523 533 2581; x_wconf 81' lang='grc' dir='ltr'><em>Δημοσθένην</em></span> <span class='ocrx_word' id='word_1_215' title='bbox 565 2524 656 2568; x_wconf 88' lang='lat' dir='ltr'><em>edd</em></span> <span class='ocrx_word' id='word_1_216' title='bbox 806 2529 859 2567; x_wconf 92' lang='grc'><em>10</em></span> <span class='ocrx_word' id='word_1_217' title='bbox 892 2523 1074 2573; x_wconf 80' lang='grc' dir='ltr'><em>οἰκέτας</em></span> <span class='ocrx_word' id='word_1_218' title='bbox 1105 2525 1150 2567; x_wconf 90' lang='grc' dir='ltr'><strong><em>Β</em></strong></span> <span class='ocrx_word' id='word_1_219' title='bbox 1182 2523 1263 2566; x_wconf 84' lang='lat' dir='ltr'><em>sed</em></span> <span class='ocrx_word' id='word_1_220' title='bbox 1296 2538 1340 2567; x_wconf 93' lang='grc' dir='ltr'><em>οι</em></span> <span class='ocrx_word' id='word_1_221' title='bbox 1372 2522 1419 2565; x_wconf 91' lang='lat' dir='ltr'><em>in</em></span> <span class='ocrx_word' id='word_1_222' title='bbox 1452 2535 1527 2565; x_wconf 83' lang='lat' dir='ltr'><em>ras</em></span> <span class='ocrx_word' id='word_1_223' title='bbox 1559 2527 1585 2565; x_wconf 92' lang='lat'>4</span> <span class='ocrx_word' id='word_1_224' title='bbox 1618 2521 1694 2565; x_wconf 78' lang='lat' dir='ltr'><em>litt</em></span> <span class='ocrx_word' id='word_1_225' title='bbox 1726 2522 1795 2565; x_wconf 68' lang='grc' dir='ltr'><em>ω’</em></span> 
     </span>
     <span class='ocr_line' id='line_1_30' title="bbox 164 2579 1855 2639; baseline 0.001 -15"><span class='ocrx_word' id='word_1_226' title='bbox 164 2586 219 2625; x_wconf 83' lang='grc'><em>14</em></span> <span class='ocrx_word' id='word_1_227' title='bbox 251 2581 296 2625; x_wconf 86' lang='grc' dir='ltr'><em>δ’</em></span> <span class='ocrx_word' id='word_1_228' title='bbox 332 2583 400 2628; x_wconf 87' lang='lat' dir='ltr'><em>Re</em></span> <span class='ocrx_word' id='word_1_229' title='bbox 583 2587 636 2626; x_wconf 84' lang='lat'><em>15</em></span> <span class='ocrx_word' id='word_1_230' title='bbox 670 2579 729 2626; x_wconf 79' lang='grc' dir='ltr'><em>αὖ</em></span> <span class='ocrx_word' id='word_1_231' title='bbox 761 2584 870 2632; x_wconf 84' lang='grc' dir='ltr'><em>τοὺς</em></span> <span class='ocrx_word' id='word_1_232' title='bbox 901 2582 1065 2639; x_wconf 80' lang='lat' dir='ltr'>scripsi</span> <span class='ocrx_word' id='word_1_233' title='bbox 1097 2596 1121 2625; x_wconf 92' lang='lat' dir='ltr'>e</span> <span class='ocrx_word' id='word_1_234' title='bbox 1155 2582 1273 2625; x_wconf 74' lang='lat' dir='ltr'><strong><em>PVa.</em></strong></span> <span class='ocrx_word' id='word_1_235' title='bbox 1307 2582 1372 2638; x_wconf 69' lang='lat' dir='ltr'><em>(et</em></span> <span class='ocrx_word' id='word_1_236' title='bbox 1394 2581 1501 2624; x_wconf 77' lang='lat' dir='ltr'><strong>vat.</strong></span> <span class='ocrx_word' id='word_1_237' title='bbox 1528 2583 1601 2637; x_wconf 84' lang='lat'><em>84)</em></span> <span class='ocrx_word' id='word_1_238' title='bbox 1685 2582 1855 2632; x_wconf 81' lang='grc' dir='ltr'><em>αὐτοὺς</em></span> 
     </span>
     <span class='ocr_line' id='line_1_31' title="bbox 161 2639 1794 2699; baseline 0 -15"><span class='ocrx_word' id='word_1_239' title='bbox 161 2641 331 2697; x_wconf 84' lang='lat' dir='ltr'>reliqui</span> <span class='ocrx_word' id='word_1_240' title='bbox 361 2642 471 2686; x_wconf 86' lang='lat' dir='ltr'>libri</span> <span class='ocrx_word' id='word_1_241' title='bbox 504 2642 586 2686; x_wconf 82' lang='lat' dir='ltr'><em>sed</em></span> <span class='ocrx_word' id='word_1_242' title='bbox 618 2659 671 2699; x_wconf 88' lang='grc' dir='ltr'><em>γρ</em></span> <span class='ocrx_word' id='word_1_243' title='bbox 706 2639 764 2685; x_wconf 85' lang='grc' dir='ltr'><em>αὖ</em></span> <span class='ocrx_word' id='word_1_244' title='bbox 797 2643 906 2693; x_wconf 84' lang='grc' dir='ltr'><em>τοὺς</em></span> <span class='ocrx_word' id='word_1_245' title='bbox 936 2642 985 2685; x_wconf 89' lang='lat' dir='ltr'><em>in</em></span> <span class='ocrx_word' id='word_1_246' title='bbox 1017 2656 1150 2696; x_wconf 78' lang='lat' dir='ltr'>marg</span> <span class='ocrx_word' id='word_1_247' title='bbox 1180 2642 1239 2693; x_wconf 82' lang='lat' dir='ltr'><em>A,</em></span> <span class='ocrx_word' id='word_1_248' title='bbox 1273 2641 1363 2684; x_wconf 90' lang='lat' dir='ltr'><em>edd</em></span> <span class='ocrx_word' id='word_1_249' title='bbox 1524 2644 1575 2683; x_wconf 88' lang='grc'><em>17</em></span> <span class='ocrx_word' id='word_1_250' title='bbox 1608 2647 1699 2683; x_wconf 84' lang='grc' dir='ltr'><em>τῶν</em></span> <span class='ocrx_word' id='word_1_251' title='bbox 1727 2640 1794 2684; x_wconf 85' lang='lat' dir='ltr'><em>Va</em></span> 
     </span>
     <span class='ocr_line' id='line_1_32' title="bbox 163 2698 1853 2754; baseline -0.001 -11"><span class='ocrx_word' id='word_1_252' title='bbox 163 2704 218 2743; x_wconf 90' lang='lat'><em>18</em></span> <span class='ocrx_word' id='word_1_253' title='bbox 249 2700 406 2744; x_wconf 83' lang='grc' dir='ltr'><em>πύκνα</em></span> <span class='ocrx_word' id='word_1_254' title='bbox 439 2700 583 2745; x_wconf 75' lang='lat' dir='ltr'>Cobet</span> <span class='ocrx_word' id='word_1_255' title='bbox 616 2700 728 2745; x_wconf 89' lang='lat' dir='ltr'>Coll.</span> <span class='ocrx_word' id='word_1_256' title='bbox 757 2705 840 2744; x_wconf 86' lang='lat'><em>134</em></span> <span class='ocrx_word' id='word_1_257' title='bbox 873 2703 922 2744; x_wconf 76' lang='lat' dir='ltr'><em>at</em></span> <span class='ocrx_word' id='word_1_258' title='bbox 954 2700 1011 2744; x_wconf 87' lang='lat' dir='ltr'><em>cf.</em></span> <span class='ocrx_word' id='word_1_259' title='bbox 1037 2703 1069 2744; x_wconf 78' lang='lat' dir='ltr'><em>t.</em></span> <span class='ocrx_word' id='word_1_260' title='bbox 1095 2700 1136 2743; x_wconf 89' lang='grc' dir='ltr'><em>ΙΙ</em></span> <span class='ocrx_word' id='word_1_261' title='bbox 1161 2703 1260 2751; x_wconf 82' lang='lat'>566,</span> <span class='ocrx_word' id='word_1_262' title='bbox 1281 2705 1350 2754; x_wconf 79' lang='lat'><em>13,</em></span> <span class='ocrx_word' id='word_1_263' title='bbox 1381 2698 1463 2742; x_wconf 91' lang='lat' dir='ltr'><em>ubi</em></span> <span class='ocrx_word' id='word_1_264' title='bbox 1494 2698 1853 2742; x_wconf 84' lang='lat' dir='ltr'>Herwerdenum</span> 
     </span>
     <span class='ocr_line' id='line_1_33' title="bbox 162 2758 1857 2817; baseline 0.001 -15"><span class='ocrx_word' id='word_1_265' title='bbox 162 2758 296 2815; x_wconf 84' lang='lat' dir='ltr'>(Mus.</span> <span class='ocrx_word' id='word_1_266' title='bbox 315 2759 460 2804; x_wconf 86' lang='lat' dir='ltr'>Rhen.</span> <span class='ocrx_word' id='word_1_267' title='bbox 479 2760 559 2803; x_wconf 91' lang='lat' dir='ltr'><em>LX</em></span> <span class='ocrx_word' id='word_1_268' title='bbox 578 2761 680 2817; x_wconf 89' lang='grc'>108)</span> <span class='ocrx_word' id='word_1_269' title='bbox 711 2760 854 2803; x_wconf 82' lang='grc' dir='ltr'><em>πυκνὶ</em></span> <span class='ocrx_word' id='word_1_270' title='bbox 879 2759 1158 2803; x_wconf 75' lang='lat' dir='ltr'>scribentem</span> <span class='ocrx_word' id='word_1_271' title='bbox 1183 2758 1390 2814; x_wconf 78' lang='lat' dir='ltr'>sequaris</span> <span class='ocrx_word' id='word_1_272' title='bbox 1415 2771 1575 2802; x_wconf 81' lang='lat' dir='ltr'>caveas</span> <span class='ocrx_word' id='word_1_273' title='bbox 1599 2758 1603 2797; x_wconf 68' lang='grc' dir='ltr'>Ι</span> <span class='ocrx_word' id='word_1_274' title='bbox 1624 2774 1680 2800; x_wconf 86' lang='grc' dir='ltr'><em>τα</em></span> <span class='ocrx_word' id='word_1_275' title='bbox 1705 2765 1790 2803; x_wconf 85' lang='grc' dir='ltr'><em>νῦν</em></span> <span class='ocrx_word' id='word_1_276' title='bbox 1811 2760 1857 2803; x_wconf 91' lang='grc' dir='ltr'><em>Ρ</em></span> 
     </span>
     <span class='ocr_line' id='line_1_34' title="bbox 220 2814 1853 2876; baseline 0 -15"><span class='ocrx_word' id='word_1_277' title='bbox 220 2825 367 2863; x_wconf 86' lang='grc' dir='ltr'><em>τανῦν</em></span> <span class='ocrx_word' id='word_1_278' title='bbox 398 2820 472 2863; x_wconf 94' lang='lat' dir='ltr'><em>IB</em></span> <span class='ocrx_word' id='word_1_279' title='bbox 504 2818 638 2876; x_wconf 88' lang='lat' dir='ltr'>Bong</span> <span class='ocrx_word' id='word_1_280' title='bbox 761 2823 813 2862; x_wconf 87' lang='grc'><em>19</em></span> <span class='ocrx_word' id='word_1_281' title='bbox 846 2815 915 2868; x_wconf 82' lang='grc' dir='ltr'><em>τίς</em></span> <span class='ocrx_word' id='word_1_282' title='bbox 945 2820 989 2862; x_wconf 86' lang='grc' dir='ltr'><strong><em>Α</em></strong></span> <span class='ocrx_word' id='word_1_283' title='bbox 1017 2822 1023 2874; x_wconf 80' lang='grc' dir='ltr'>Ι</span> <span class='ocrx_word' id='word_1_284' title='bbox 1052 2814 1136 2862; x_wconf 78' lang='grc' dir='ltr'><em>οὖν</em></span> <span class='ocrx_word' id='word_1_285' title='bbox 1169 2831 1245 2861; x_wconf 88' lang='lat' dir='ltr'><em>om</em></span> <span class='ocrx_word' id='word_1_286' title='bbox 1277 2818 1410 2874; x_wconf 88' lang='lat' dir='ltr'>Bong</span> <span class='ocrx_word' id='word_1_287' title='bbox 1542 2821 1597 2860; x_wconf 79' lang='lat'><em>20</em></span> <span class='ocrx_word' id='word_1_288' title='bbox 1628 2832 1853 2875; x_wconf 86' lang='grc' dir='ltr'><em>τετραγω-</em></span> 
     </span>
     <span class='ocr_line' id='line_1_35' title="bbox 163 2873 1851 2934; baseline 0 -15"><span class='ocrx_word' id='word_1_289' title='bbox 163 2873 268 2926; x_wconf 84' lang='grc' dir='ltr'><em>νίας</em></span> <span class='ocrx_word' id='word_1_290' title='bbox 300 2877 360 2920; x_wconf 89' lang='grc' dir='ltr'><strong>Μ</strong></span> <span class='ocrx_word' id='word_1_291' title='bbox 387 2878 522 2934; x_wconf 88' lang='lat' dir='ltr'>Bong</span> <span class='ocrx_word' id='word_1_292' title='bbox 611 2893 723 2920; x_wconf 91' lang='lat' dir='ltr'><em>num</em></span> <span class='ocrx_word' id='word_1_293' title='bbox 753 2875 991 2933; x_wconf 83' lang='grc' dir='ltr'><em>τριγονίας</em></span> <span class='ocrx_word' id='word_1_294' title='bbox 1020 2879 1074 2920; x_wconf 74' lang='lat' dir='ltr'><em>ut</em></span> <span class='ocrx_word' id='word_1_295' title='bbox 1106 2876 1234 2920; x_wconf 90' lang='lat' dir='ltr'>Dem.</span> <span class='ocrx_word' id='word_1_296' title='bbox 1260 2892 1305 2932; x_wconf 88' lang='lat' dir='ltr'><em>p.</em></span> <span class='ocrx_word' id='word_1_297' title='bbox 1327 2880 1491 2930; x_wconf 82' lang='lat'>1327,3</span> <span class='ocrx_word' id='word_1_298' title='bbox 1525 2878 1572 2919; x_wconf 79' lang='lat' dir='ltr'><em>et</em></span> <span class='ocrx_word' id='word_1_299' title='bbox 1603 2874 1851 2920; x_wconf 86' lang='lat' dir='ltr'>Herodian.</span> 
     </span>
     <span class='ocr_line' id='line_1_36' title="bbox 162 2933 1703 2993; baseline 0.001 -17"><span class='ocrx_word' id='word_1_300' title='bbox 162 2933 183 2976; x_wconf 95' lang='lat' dir='ltr'>I</span> <span class='ocrx_word' id='word_1_301' title='bbox 216 2940 255 2990; x_wconf 80' lang='lat'><em>7,</em></span> <span class='ocrx_word' id='word_1_302' title='bbox 274 2939 330 2979; x_wconf 81' lang='lat'><em>4?</em></span> <span class='ocrx_word' id='word_1_303' title='bbox 359 2939 364 2992; x_wconf 90' lang='grc' dir='ltr'>Ι</span> <span class='ocrx_word' id='word_1_304' title='bbox 392 2934 626 2991; x_wconf 87' lang='grc' dir='ltr'><em>ἀνωτέρωι</em></span> <span class='ocrx_word' id='word_1_305' title='bbox 658 2938 702 2980; x_wconf 89' lang='lat' dir='ltr'><strong><em>A</em></strong></span> <span class='ocrx_word' id='word_1_306' title='bbox 823 2941 876 2979; x_wconf 82' lang='lat'><em>21</em></span> <span class='ocrx_word' id='word_1_307' title='bbox 912 2936 990 2980; x_wconf 83' lang='grc' dir='ltr'><em>καὶ</em></span> <span class='ocrx_word' id='word_1_308' title='bbox 1022 2933 1431 2993; x_wconf 85' lang='grc' dir='ltr'><em>πεπρεσβευκότων</em></span> <span class='ocrx_word' id='word_1_309' title='bbox 1463 2950 1538 2979; x_wconf 90' lang='lat' dir='ltr'><em>om</em></span> <span class='ocrx_word' id='word_1_310' title='bbox 1571 2935 1703 2991; x_wconf 85' lang='lat' dir='ltr'>Bong</span> 
     </span>
    </p>
   </div>
   <div class='ocr_carea' id='block_1_9' title="bbox 1900 641 1919 674">
    <p class='ocr_par' dir='ltr' id='par_1_10' title="bbox 1900 641 1919 674">
     <span class='ocr_line' id='line_1_37' title="bbox 1900 641 1919 674; baseline 0 0"><span class='ocrx_word' id='word_1_311' title='bbox 1900 641 1919 674; x_wconf 80' lang='lat'><strong>5</strong></span> 
     </span>
    </p>
   </div>
   <div class='ocr_carea' id='block_1_10' title="bbox 1880 1085 1921 1118">
    <p class='ocr_par' dir='ltr' id='par_1_11' title="bbox 1880 1085 1921 1118">
     <span class='ocr_line' id='line_1_38' title="bbox 1880 1085 1921 1118; baseline -0.024 0"><span class='ocrx_word' id='word_1_312' title='bbox 1880 1085 1921 1118; x_wconf 85' lang='lat'><em>10</em></span> 
     </span>
    </p>
   </div>
   <div class='ocr_carea' id='block_1_11' title="bbox 1879 1527 1919 1560">
    <p class='ocr_par' dir='ltr' id='par_1_12' title="bbox 1879 1527 1919 1560">
     <span class='ocr_line' id='line_1_39' title="bbox 1879 1527 1919 1560; baseline 0 0"><span class='ocrx_word' id='word_1_313' title='bbox 1879 1527 1919 1560; x_wconf 82' lang='lat'><em>15</em></span> 
     </span>
    </p>
   </div>
   <div class='ocr_carea' id='block_1_12' title="bbox 1878 1971 1920 2003">
    <p class='ocr_par' dir='ltr' id='par_1_13' title="bbox 1878 1971 1920 2003">
     <span class='ocr_line' id='line_1_40' title="bbox 1878 1971 1920 2003; baseline 0.024 -1"><span class='ocrx_word' id='word_1_314' title='bbox 1878 1971 1920 2003; x_wconf 76' lang='lat'><em>20</em></span> 
     </span>
    </p>
   </div>
  </div>
 </body>
</html>
