1992 3094
450 107 678 152 LIBANH
709 106 933 152 ORATIO
967 108 1049 151 AD
1082 107 1406 153 POLYCLEM
1664 108 1769 159 241

81 245 388 313 φάσκοντες
427 243 599 296 αὐτὸν
637 242 729 296 καὶ
767 242 925 313 μέχρι
964 251 1060 312 τῆς
1090 248 1343 312 τελευτῆς
1380 242 1667 313 ἐνέχεσθαι
1707 251 1791 313 τῆ·

81 335 242 404 νόσῳ.
319 330 409 385 καὶ
467 332 612 385 οὕτω
661 332 729 400 δὴ
776 333 1128 401 κατεχώσθης
1177 332 1287 386 ὑπὸ
1342 340 1437 401 τῆς
1490 331 1771 401 ἀληθείας,

81 422 218 475 ὥστε
265 420 355 474 καὶ
403 421 570 483 αὐτὸς
617 421 916 490 ὡμολόγεις
962 422 1110 487 παρά
1156 441 1255 474 του
1303 430 1415 474 τῶν
1463 422 1772 490 παρηδρευ-

81 511 256 579 κότων
317 510 466 582 αὐτῷ
527 517 755 562 τοιαῦτα
808 509 1115 578 ἀκηκοέναι.
1191 511 1290 563 τὸν
1352 505 1456 563 οὖν
1516 517 1774 562 τοιοῦτον

80 599 277 665 ἄτιμόν
321 618 378 651 τε
430 591 571 651 εἶναι
618 600 762 666 ἔφην
806 607 1044 667 γυναῖκα
1099 597 1290 651 ἑκόντα
1337 599 1636 665 γενόμενον
1681 595 1772 650 καὶ
1819 617 1841 651 5

81 688 142 739 τὸ
183 688 461 740 δύνασθαι
501 695 681 750 κακῶς
720 686 902 755 λέγειν
941 686 1132 756 ἕτερον
1170 686 1493 758 ἀφῃρῆσθαι
1539 693 1614 759 τῷ
1653 689 1771 759 βίῳ.

81 774 231 828 ταῦτ’
262 769 431 829 εἷπον.
501 776 551 828 4.
592 777 661 828 σὺ
702 774 767 828 δέ
800 795 866 842 με
899 774 1137 843 ἐβούλου
1177 784 1303 846 σιγῇ
1345 775 1605 845 δέχεσθαι
1643 777 1773 838 τοὺς

81 865 215 916 κατὰ
254 872 349 931 τῆς
389 865 538 933 ἱερᾶς
576 868 817 932 κεφαλῆς
848 862 1059 933 ἐκείνης
1091 866 1290 933 λόγους
1320 865 1410 918 καὶ
1441 865 1771 934 προδιδόναι

80 953 249 1005 καλὸν
295 951 549 1021 κάγαθὸν
599 953 827 1020 βασιλέα
879 951 971 1006 καὶ
1021 955 1203 1022 φίλον.
1279 950 1349 1022 ἦν
1402 954 1505 1021 γὰρ
1558 954 1626 1021 δή
1679 973 1772 1019 μοι

81 1045 243 1108 φίλος
282 1042 370 1094 καὶ
411 1041 512 1095 οὐκ
553 1040 623 1094 ἄν
662 1041 982 1110 ἀρνηθείην.
1053 1041 1183 1095 ἀλλ’
1210 1042 1276 1094 οὐ
1316 1049 1487 1094 ταῦτα
1525 1050 1642 1103 τοῖς
1680 1043 1771 1110 φί·
1797 1061 1840 1094 ιο

82 1134 198 1192 λοις
237 1130 514 1199 ὀφείλεται
566 1131 713 1199 παρὰ
751 1139 865 1183 τῶν
904 1132 1101 1199 φίλων,
1151 1130 1289 1184 ἀλλά
1328 1132 1587 1199 βοήθεια,
1637 1148 1770 1198 προ-

79 1220 272 1286 θυμία,
315 1221 492 1287 λόγος,
533 1221 683 1289 ἔργα,
723 1219 856 1288 ἡμῖν
897 1219 958 1271 δὲ
997 1221 1165 1288 ἔργου
1204 1216 1306 1286 μὲν
1337 1220 1403 1272 οὐ
1435 1227 1618 1289 παρῆν
1655 1239 1772 1272 και-

81 1308 189 1376 ρός,
229 1309 400 1375 λόγου
442 1307 517 1361 δέ.
593 1306 786 1376 ἔλεγον
831 1311 1028 1361 τοίνυν
1074 1306 1164 1360 καὶ
1212 1307 1506 1376 ἀντέλεγον
1554 1307 1773 1375 ἀγαθὸν

78 1403 250 1449 κακοῦ
289 1406 466 1460 κακῶς
517 1398 893 1466 ἠγορευκότος.
970 1396 1019 1448 5.
1076 1397 1426 1465 ἠγανάκτουν
1480 1393 1541 1449 δὲ
1588 1397 1654 1449 οὐ
1701 1402 1776 1469 τῷ

79 1486 241 1553 φίλος
279 1479 423 1539 εἶναι
461 1487 652 1554 μόνον,
693 1485 829 1538 ἀλλὰ
868 1484 959 1538 καὶ
998 1493 1063 1555 τῇ
1108 1489 1469 1556 συκοφαντίᾳ.
1545 1487 1626 1548 τίς
1665 1485 1769 1554 γὰρ
1795 1504 1840 1538 ιε

71 1571 351 1642 Ἑλλήνων
391 1574 423 1643 ἢ
457 1576 753 1644 βαρβάρων
783 1575 1129 1627 πιστεύσειεν
1162 1575 1248 1641 ἄν,
1289 1574 1389 1642 οὐχ
1423 1574 1506 1627 ὅτι
1541 1576 1642 1643 τὴν
1675 1594 1770 1642 γυ·

79 1670 241 1715 ναῖκα
296 1663 458 1725 αὐτὸς
512 1664 614 1731 τὴν
668 1662 858 1730 αὑτοῦ,
925 1660 1042 1715 ἀλλ’
1083 1661 1222 1725 ὅλως
1274 1662 1400 1714 τινὰ
1453 1661 1771 1731 ἀνθρώπων

80 1749 279 1813 ἀδίκως
318 1751 662 1816 ἀπέκτεινεν;
704 1750 986 1803 ἀπέκτεινε
1026 1750 1189 1818 λέγω;
1229 1753 1353 1803 τίνα
1391 1750 1492 1818 μὲν
1532 1747 1636 1804 οὖν
1669 1770 1770 1804 πα-

78 1841 264 1907 τρίδος
310 1839 621 1907 ἐστέρησεν;
671 1837 704 1906 ἢ
744 1839 869 1891 τίνα
916 1857 979 1906 γε
1018 1838 1310 1907 χρημάτων
1364 1837 1663 1905 ἄνθρωπος
1710 1838 1772 1892 ἐν

79 1931 304 1990 θυσίαις
359 1932 366 1992 Ι
422 1947 480 1980 τε
522 1926 620 1980 ,καὶ
668 1927 850 1996 εὐχαῖς
897 1926 988 1978 καὶ
1035 1925 1272 1994 ὁμιλίαις
1319 1926 1600 1992 δαιμόνων
1651 1938 1860 1983 RII319.

79 2016 278 2078 νύκτας
330 2036 387 2068 τε
434 2016 523 2069 καὶ
576 2015 774 2085 ἡμέρας
826 2016 1036 2083 διάγων
1083 2015 1171 2067 καὶ
1220 2015 1312 2067 διὰ
1359 2024 1470 2067 τῶν
1519 2015 1770 2083 μάντεων
1794 2037 1836 2070 ιι

80 2103 264 2167 αὐτοῖς
304 2105 492 2158 συνὼν
537 2106 632 2167 τάς
671 2123 728 2157 τε
768 2111 867 2156 τοῦ
907 2111 1071 2156 νικᾶν
1118 2103 1179 2155 έν
1224 2111 1340 2166 τοῖς
1386 2102 1644 2170 πολέμοις
1686 2103 1769 2156 ἑλ-

196 2247 251 2285 20
284 2242 340 2285 cf.
367 2242 459 2285 t.11
485 2247 658 2297 210,12
677 2257 744 2297 sq.
779 2246 878 2295 290,
901 2246 920 2284 1
936 2255 1002 2297 sq.

201 2379 251 2417 17
285 2375 366 2419 τὸν
399 2375 449 2420 δὲ
483 2374 628 2433 μέγαν
661 2374 711 2419 ἐν
742 2373 967 2430 μάρτυσιν
1000 2372 1224 2430 Ἀρτέμιον
1254 2371 1344 2427 τίς,
1377 2374 1432 2417 οὐ
1492 2369 1647 2427 οὗτος,
1683 2375 1767 2419 Mo

77 2433 144 2488 (et
176 2432 349 2490 ottob.)
390 2434 446 2478 cf.
479 2434 541 2479 Io.
575 2434 725 2478 Rhod.
758 2434 837 2476 vit.
871 2433 1043 2477 Artem.
1078 2433 1148 2476 ed.
1183 2431 1395 2485 Batiffol,
1427 2390 1586 2477 ficem.
1621 2432 1767 2485 Quar-

77 2491 267 2536 talschr.
292 2493 355 2536 111
374 2497 472 2537 286.
529 2495 678 2536 Amm.
705 2492 832 2535 XXII
860 2498 927 2546 11,
946 2497 971 2535 2
987 2506 1053 2547 sq.

196 2622 221 2660 2
262 2618 532 2676 κατεχώσθη
565 2618 698 2675 Bong
879 2622 904 2660 6
948 2619 1098 2667 καλῶς
1130 2618 1214 2661 Mo
1396 2621 1419 2658 7
1459 2623 1606 2660 ταῦτα
1638 2616 1706 2660 Re

82 2678 136 2718 10
169 2675 429 2733 ἀρνηθείην
461 2677 626 2733 scripsi
655 2690 678 2720 e
705 2677 745 2719 V
751 2677 859 2732 (La)
893 2675 996 2719 coll.
1023 2675 1115 2718 t.11
1141 2680 1240 2730 364,
1259 2680 1283 2719 2
1302 2675 1344 2718 R
1404 2672 1664 2732 ἀρνηθείης
1695 2689 1766 2718 re-

77 2731 197 2790 liqui
234 2734 343 2779 libri
382 2735 472 2780 edd
655 2740 709 2778 14
749 2732 1057 2791 ἠγορευκότος
1091 2735 1133 2779 V
1165 2735 1247 2778 sed.
1279 2750 1329 2779 ευ
1362 2747 1418 2778 ex
1450 2751 1479 2776 α
1513 2747 1614 2777 corr
1636 2733 1707 2777 m¹

142 2797 195 2838 17
240 2792 406 2838 ἑαυτοῦ
441 2795 483 2839 V
569 2795 711 2838 αὐτοῦ
746 2794 830 2837 Mo
887 2795 892 2849 Ι
952 2791 1066 2843 ὅλως
1097 2793 1143 2836 Ρ
1171 2794 1252 2836 sed
1280 2791 1290 2807 ³
1330 2795 1377 2836 et
1407 2795 1431 2836 λ
1462 2793 1512 2836 in
1536 2806 1610 2836 ras
1635 2792 1707 2836 m'
1794 2831 1795 2835 ,

82 2854 136 2893 18
169 2850 435 2896 ἀπέκτεινεν
470 2855 553 2897 Mo
585 2853 666 2897 sed
699 2870 726 2897 ν
756 2855 819 2909 (2)
850 2865 952 2895 eras
981 2855 986 2908 Ι
1014 2850 1257 2897 ἀπέκτεινε
1289 2866 1364 2895 om
1391 2853 1475 2896 Mo
1630 2856 1680 2895 19
1714 2868 1765 2909 γε

80 2921 157 2952 om
183 2912 266 2954 Mo
388 2917 441 2955 21
475 2910 527 2955 δὲ
562 2913 644 2956 Mo
1803 2925 1806 2927 ·

168 2991 366 3025 Lamnus
389 2993 446 3025 ed.
470 2993 707 3026 Foerster.
745 2993 817 3025 111.
1444 2989 1496 3028 16
