1992 3094
144 590 163 622 5

121 1034 163 1066 10

193 78 259 130 18
711 77 939 121 LIBANH
971 75 1195 120 ORATIO
1226 76 1376 121 XXVI

189 234 281 266 ναι
319 212 410 267 καὶ
452 214 589 276 ὅλως
631 212 1006 283 ἀπειρηκέναι,
1045 210 1183 282 μηδὲ
1223 215 1326 283 γὰρ
1366 214 1432 266 τὰ
1472 213 1611 266 αὐτὰ
1652 211 1742 266 σοὶ
1784 215 1884 277 δύ-,
1967 202 1992 259 '2'

187 308 411 356 νασθαι.
472 301 623 355 ταῦτ’
655 299 760 356 οὗν
800 305 852 356 οἱ
892 300 994 370 μὲν
1032 304 1305 370 αἰτοῦσιν,
1345 301 1451 370 ἐγὼ
1487 299 1547 355 δὲ
1577 311 1884 372 παρασχεῖν

189 390 253 444 σε’
289 412 429 461 φημι
469 393 589 444 δεῖν
627 390 718 445 καὶ
763 393 836 461 μὴ
875 392 1197 461 θαυμάζειν,
1245 396 1301 444 εἴ
1332 411 1413 455 τις
1452 389 1538 460 ἐφ’
1573 384 1656 454 οἷς
1695 405 1756 444 σε
1797 394 1884 460 ζη-,

190 486 300 548 λοῖ,
354 487 524 533 ταῦτα
577 481 678 534 οὐκ
727 479 838 550 ἔχει
887 486 1192 550 μιμεῖσθαι.
1270 477 1402 533 οὐδὲ
1453 481 1557 549 γὰρ
1609 481 1674 533 τὰ
1715 477 1882 550 Ἡρα-

188 568 401 637 κλέους,
440 571 618 622 καίτοι
656 571 738 631 τίς
778 568 882 621 οὐκ
921 568 990 622 ἂν
1028 568 1223 638 ἡδέως;
1264 576 1372 622 νῦν
1413 566 1461 620 δ’
1494 566 1614 621 οὐδ’
1647 568 1813 631 αὐτὸς
1851 567 1880 621 ὁ

193 659 419 726 Θησεύς.
497 657 582 709 34.
641 656 729 711 σοὶ
767 654 870 727 μὲν
911 653 1016 711 οὖν
1053 656 1245 726 ἕστηκε
1283 658 1343 710 τὸ
1385 659 1530 726 ὄμμα
1568 655 1660 710 καὶ
1698 657 1759 710 τὸ
1801 677 1883 717 νι-

187 755 292 800 κᾶν
330 747 428 799 τὸν
465 747 649 800 ὕπνον
689 745 837 799 ἐστὶν
876 745 937 800 ἐν
977 748 1276 816 συνηθείᾳ,
1327 754 1443 809 τοῖς
1490 744 1535 798 δ’
1572 743 1705 799 οὐδὲ
1743 747 1883 814 σφό-Γ

189 837 294 905 δρα
338 835 700 903 βουλομένοις
754 834 901 888 τοῦτ’
933 838 1019 888 ἔνι
1066 838 1397 904 δυνηθῆναι.
1474 834 1726 904 τρέπεται
1773 837 1880 904 γὰρ

190 925 392 987 αὐτοὺς
430 926 564 993 μετὰ
602 926 815 993 πολλὴν
852 925 1032 993 μάχην
1069 925 1159 978 καὶ
1199 926 1391 992 πόνον,
1430 925 1521 977 καὶ
1551 926 1653 993 τὴν
1684 925 1882 977 Νύκτα

189 1013 495 1066 ἱκετεύουσι
541 1020 762 1080 κινῆσαι
816 1014 953 1081 πρὸς
1008 1011 1155 1085 ᾠδὴν
1202 1012 1581 1082 ἀλεκτρυόνας.
1658 1015 1763 1082 ἤδη
1819 1013 1886 1066 δέ

186 1122 268 1164 τις
317 1102 405 1154 καὶ
453 1102 678 1170 γνώμην
727 1098 878 1155 εἶπεν
925 1101 1266 1169 ἀλεκτρυόνα
1315 1105 1774 1165 κατακλείσαντας
1819 1104 1882 1155 ἔν

186 1210 297 1243 τινι
350 1200 463 1243 τῶν
517 1189 682 1258 ἐγγὺς
737 1191 1049 1260 οἰκημάτων
1099 1193 1177 1253 εἰς
1225 1190 1471 1259 ἀνάγκην
1517 1191 1687 1244 αὐτὸν
1741 1189 1883 1263 ᾠδῆς

188 1278 419 1349 ἀκαίρου
466 1279 799 1332 καθιστάναι
846 1280 936 1332 σοὶ
990 1276 1091 1348 μὲν
1147 1279 1359 1347 ἀπάτην
1406 1281 1710 1349 φερούσης,
1764 1287 1881 1342 τοῖς

98 1380 308 1423 R11109
351 1368 412 1420 δὲ
451 1367 717 1421 ἀπελθεῖν
752 1368 757 1421 Ι
794 1369 1070 1437 διδούσης.
1148 1368 1221 1430 ὡς
1265 1375 1373 1421 νῦν
1419 1388 1481 1436 γε
1529 1370 1778 1438 στερήσει
1823 1388 1883 1421 τε

121 1478 162 1510 15

120 1920 163 1952 20

187 1460 439 1527 λουτρῶν
492 1457 764 1526 κάμνουσι
817 1455 908 1509 καὶ
963 1456 1134 1524 μέσον
1183 1458 1378 1525 σφίσιν
1429 1454 1596 1509 οὐδὲν
1649 1458 1884 1510 δείπνου

187 1564 244 1597 τε
282 1543 373 1597 καὶ
412 1552 511 1598 τοῦ
558 1546 706 1615 παρὰ
753 1542 812 1598 σὲ
861 1547 1085 1615 δρόμου.
1162 1543 1253 1598 καὶ
1301 1546 1505 1613 δεινόν,
1553 1546 1600 1597 εἰ
1648 1547 1741 1598 διὰ
1779 1547 1885 1614 τὴν

188 1634 292 1702 σὴν
329 1634 455 1703 περὶ
493 1641 664 1686 ταῦτα
703 1633 903 1702 ἀρετὴν
942 1633 1229 1686 ἀπολεῖταί
1255 1654 1351 1696 τις.
1413 1632 1634 1701 βέλτιον
1673 1635 1777 1703 γὰρ
1819 1635 1881 1687 σὲ

187 1725 490 1791 βιασθῆναι
543 1723 679 1792 πρὸς
733 1722 912 1775 ὕπνον
966 1721 998 1790 ἢ
1054 1721 1301 1785 ἐκείνους
1357 1723 1496 1791 πρὸς
1551 1722 1883 1791 ἀγρυπνίαν.

188 1811 272 1863 35.
326 1809 526 1864 ἐκεῖνοι
572 1807 674 1879 μὲν
713 1807 816 1863 οὖν
857 1811 1031 1873 οὕτως
1069 1810 1139 1864 ἂν
1177 1812 1358 1879 μόνως
1404 1817 1786 1879 περισωθεῖεν,
1826 1813 1883 1865 οἱ

188 1896 248 1952 δὲ
288 1898 348 1952 ἐν
386 1907 567 1966 τιμαῖς
611 1918 670 1951 τε
712 1900 800 1952 καὶ
848 1898 1102 1968 κέρδεσιν
1142 1901 1296 1962 ὄντες
1339 1900 1597 1966 μεγάλοις
1646 1899 1732 1953 ε’πὶ
1777 1908 1881 1953 τοῦ

186 1988 293 2056 πρὸ
333 1995 435 2040 σοῦ
482 1989 646 2056 τήνδε
685 1989 785 2056 τὴν
839 1987 1012 2057 ἀρχὴν
1056 1987 1346 2057 ἐσχηκότος
1399 1989 1637 2057 πονηροί
1681 2008 1738 2042 τε
1786 1990 1881 2041 δο-

186 2077 455 2144 κούντων,
496 2081 647 2146 εἴπερ
696 2073 837 2143 ἦσαν
875 2082 1100 2149 πονηρῷ
1135 2078 1315 2145 φίλοι,
1355 2077 1445 2129 καὶ
1483 2078 1555 2144 μὴ
1595 2078 1728 2145 μετὰ
1767 2087 1881 2130 τῶν
1967 2139 1972 2151 Ι

306 2271 409 2321 4sq.
445 2265 501 2308 cf.
534 2265 656 2309 Plut.
684 2266 809 2321 apud
843 2266 967 2310 Stob.
994 2265 1089 2310 flor.
1118 2270 1188 2320 53,
1209 2270 1275 2308 14.
1333 2266 1543 2309 Proverb.
1580 2266 1713 2317 ἄλλος
1745 2262 1880 2316 οὗτος

184 2322 427 2380 ”Ηρακλῆς.
491 2324 707 2368 Εηεῢαὺὴ,
734 2325 792 2367 ad
824 2325 876 2369 Il.
903 2341 923 2370 ε
949 2329 1047 2369 638.
1081 2324 1201 2368 Plut.
1228 2324 1362 2368 Thes.
1391 2329 1460 2379 29,
1481 2330 1505 2367 3

308 2506 330 2544 1
365 2517 424 2556 μη
451 2500 502 2545 δὲ
526 2502 738 2545 PIMoV
853 2507 880 2544 4
911 2498 1044 2545 ταῦτ’
1075 2502 1119 2545 V
1233 2506 1259 2544 5
1293 2501 1342 2545 δὲ
1367 2501 1469 2544 Mor
1592 2506 1614 2544 7
1651 2502 1772 2547 ἐστὶν
1805 2502 1880 2560 ἐν]

189 2559 311 2603 ἐστὶν
346 2560 382 2604 G
419 2561 499 2602 sed.
531 2577 558 2604 ν
597 2560 646 2602 in
679 2574 750 2604 σοι
789 2574 889 2604 eon·
912 2575 934 2604 8
1024 2558 1120 2605 ἐστί
1153 2574 1225 2603 σοι
1258 2561 1343 2603 Mo
1374 2560 1475 2603 Mor
1525 2561 1606 2615 qui
1645 2560 1876 2616 συνήθεια

188 2619 260 2662 vel
293 2619 342 2663 ἐν
375 2615 606 2678 συνηθείᾳ
639 2619 742 2662 coni
874 2624 898 2662 9
933 2620 1103 2670 αὐτοὺς
1133 2621 1207 2663 Pa
1240 2619 1321 2662 sed.
1353 2636 1407 2674 γρ
1434 2617 1638 2669 ἐκείνους
1669 2621 1718 2662 in
1741 2633 1876 2676 marg

187 2677 257 2720 m²
319 2676 525 2727 ἐκείνους
556 2678 598 2720 V
746 2682 800 2721 10
832 2676 1117 2734 ἀλεκτρυόνα
1149 2678 1264 2731 Mor,
1298 2678 1379 2721 sed
1411 2694 1465 2734 γρ
1485 2677 1795 2734 ἀλεκτρυόνας
1825 2679 1874 2721 in

189 2778 322 2822 marg
467 2771 519 2809 18
549 2762 752 2817 ’κείνους
785 2768 829 2811 V
965 2771 1020 2810 20
1053 2764 1098 2810 δ’
1136 2766 1204 2810 Re
1232 2768 1237 2822 Ι
1266 2753 1483 2822 μεγάλάιις
1516 2767 1560 2811 V
1695 2771 1749 2810 21
1783 2767 1882 2822 πρὰ

190 2825 292 2882 σοῦ]
323 2825 572 2878 προσώπου
596 2826 631 2868 Ι
666 2827 671 2879 l
720 2825 984 2869 δοκούντων
1019 2827 1063 2870 V
1089 2826 1170 2869 sed
1201 2823 1484 2869 δοκείτωσαν
1515 2825 1566 2868 in
1589 2839 1723 2882 marg
1745 2824 1815 2869 m²

190 2888 245 2926 22
277 2891 494 2939 πονηρῶν
527 2884 611 2927 Mo
635 2883 736 2926 Mor
