1992 3094
660 857 894 911 XXXIV
934 857 1164 931 (XXXII
1189 858 1273 931 R).

327 977 558 1040 ΠΡΟΣ
606 977 774 1039 ΤΑΣ
821 979 995 1041 ΤΟΤ
1040 979 1601 1042 ΠΑΙΔΑΓΩΓΟΤ

648 1082 1259 1145 ΒΛΑΣΦΗΜΙΑΣ.

233 1228 277 1280 1.
325 1228 408 1282 Οὐ
449 1230 578 1292 τοὺς
616 1228 910 1299 ὑβρικότας
949 1250 1014 1299 με
1052 1234 1264 1299 μᾶλλον
1302 1228 1456 1294 ἄξιον
1495 1232 1646 1300 νομῖ-
1684 1214 1895 1290 RH266

119 1331 210 1371 σαι
248 1319 450 1381 κακοὺς
489 1316 522 1386 ἢ
561 1320 691 1382 τοὺς
732 1318 936 1389 ῥᾳδίως
973 1319 1115 1388 ὑμᾶς
1153 1320 1253 1387 τὴν
1289 1318 1457 1388 ὕβριν
1494 1321 1715 1389 ταύτην,
1762 1318 1804 1374 ὦ

118 1407 325 1474 παῖδες,
364 1405 707 1477 ἐνηνοχότας.
786 1408 844 1460 οί
885 1407 987 1476 μὲν
1033 1408 1136 1476 γὰρ
1176 1409 1279 1476 τὴν
1316 1415 1414 1460 τοῦ
1463 1408 1804 1477 δεδρακέναι,
1851 1431 1871 1464 ⁵

118 1495 219 1563 τὴν
257 1491 319 1548 δὲ
355 1502 455 1547 τοῦ
492 1496 565 1564 μὴ
604 1504 719 1558 τοῖς
757 1501 1090 1566 πραχθεῖσιν
1128 1494 1359 1564 ἀλγῆσαι
1406 1495 1612 1566 μέμψιν
1649 1497 1804 1564 ὑμεῖς

119 1581 282 1653 ἔχοιτ’
314 1584 396 1637 ἄν.
474 1582 565 1637 καὶ
614 1587 878 1653 γίγνεσθε
923 1594 1035 1637 τῶν
1083 1583 1458 1638 ἐπαινούντων
1504 1585 1704 1648 αὐτοὺς
1743 1584 1804 1639 ἐν

118 1677 192 1745 τῷ
223 1674 294 1741 μὴ
342 1674 532 1740 λαβεῖν
570 1675 853 1742 τιμωρίαν.
931 1678 1038 1726 εἴτε
1085 1674 1189 1743 γὰρ
1238 1673 1338 1726 οὐκ
1385 1672 1590 1727 εἰδέναι
1635 1682 1803 1727 ταῦτα

119 1762 334 1829 φήσετε,
373 1760 523 1814 τοῦτ’
555 1763 689 1816 αὐτὸ
728 1763 931 1831 δεινόν,
972 1763 1019 1814 εἰ
1050 1763 1116 1814 τὰ
1146 1769 1372 1815 τοιαῦτα
1404 1762 1506 1815 οὐκ
1539 1763 1670 1830 ἴστε,
1702 1761 1796 1816 εἴτ’

119 1849 329 1903 εἰδόσιν
367 1850 434 1903 οὐ
475 1851 630 1904 δεινὰ
671 1852 846 1919 δοκεῖ,
885 1861 1001 1914 πῶς
1039 1850 1109 1904 ἂν
1147 1851 1473 1919 διαφύγοιτε
1517 1852 1578 1904 τὸ
1619 1851 1804 1904 δοκεῖν
1828 1874 1871 1906 ιο

120 1933 260 1992 εἶναι
306 1942 536 2007 φαῦλοι;
591 1940 640 1992 2.
690 1941 738 1993 εἰ
784 1940 887 2009 μὲν
933 1935 1038 1993 οὖν
1082 1941 1632 2010 κατερρᾳθυμηκότος
1670 1938 1802 2008 ἐμοῦ

119 2034 341 2080 τοιαῦτα
379 2027 408 2082 ὁ
441 2031 660 2099 θρασὺς
699 2026 893 2082 οὑτοσὶ
932 2029 1281 2096 παιδαγωγὸς
1320 2028 1545 2097 εἰρηκὼς
1581 2026 1803 2096 ἐτύγχα-

240 2189 277 2233 0
341 2211 396 2225 =
431 2189 577 2233 codex
609 2188 855 2233 Chisianus

236 2250 280 2292 A
341 2270 396 2284 =
429 2248 723 2292 Monacensis
755 2263 821 2305 gr.
848 2252 935 2292 483
968 2248 1302 2306 (Augustanus)

238 2307 284 2349 P
340 2329 396 2343 =
427 2307 673 2352 Palaizinus
706 2323 773 2366 gr.
801 2311 885 2350 282

236 2367 271 2409 I
343 2388 398 2402 =
430 2366 696 2411 Marcianus
730 2367 930 2423 append.
956 2365 1055 2410 XCI
1073 2372 1098 2410 2

236 2426 310 2469 Pa
341 2447 395 2462 =
429 2426 640 2470 Paizmius

236 2483 321 2528 Mo
345 2506 400 2521 =
433 2484 728 2530 Monacensis
761 2500 827 2542 gr.
857 2489 938 2529 101

247 2542 291 2587 V
344 2565 400 2580 =
431 2543 809 2589 Vindobonensis
841 2543 954 2601 phil.
980 2557 1046 2600 gr.
1073 2542 1215 2587 XCIII

238 2709 260 2747 1
294 2695 349 2749 λδ
381 2707 489 2750 ante
514 2706 631 2761 πρὸς
654 2707 698 2750 Α
728 2708 734 2763 Ι
760 2706 879 2763 πρὸς
909 2703 1264 2773 τοὺς-μαθητὰς
1295 2702 1429 2748 ἕνεκα
1460 2710 1552 2747 τῶν
1584 2701 1800 2761 ὑβρισάν-

119 2790 210 2820 των
268 2777 402 2836 λόγος
434 2786 479 2823 Γε
503 2779 664 2824 Macar
687 2779 766 2825 fol.
786 2784 841 2823 90
963 2784 988 2822 2
1021 2782 1076 2824 λδ
1106 2779 1213 2834 post
1244 2774 1553 2835 βλασφημίας·
1591 2776 1638 2830 C',
1668 2775 1803 2832 λόγος

91 2883 94 2890 ,
122 2833 323 2889 εἰκοστὸς
351 2836 557 2895 πέμπτος
597 2839 783 2893 Vmbr,
815 2837 949 2896 λόγος
979 2837 1046 2905 λβ
1079 2839 1166 2890 Ρα,
1265 2835 1399 2894 λόγος
1430 2834 1485 2888 ιζ’
1516 2835 1564 2879 in
1588 2847 1689 2878 mar
1744 2834 1803 2877 1⁸

179 2899 207 2938 4
238 2891 430 2951 ᾆαὸίους
459 2897 562 2941 Mor
594 2898 676 2941 sed.
709 2895 882 2955 ῥαδίως
912 2911 1015 2941 com
1149 2900 1172 2939 7
1206 2893 1393 2952 γίνεσθε
1428 2895 1515 2940 CV
1639 2898 1664 2936 9
1719 2907 1801 2936 στα

123 2951 207 2996 Mo
268 2939 344 2998 ἴσα
375 2955 477 3000 Mor
598 2961 652 3000 10
686 2943 945 3014 ειὰφύγητε
978 2956 1128 3001 01Μο
1159 2954 1261 2998 Mor
