1992 3094
350 131 580 176 LIBANH
610 129 835 175 ORATIO
870 131 950 174 DE
981 99 1271 177 ANT1ocm
1302 131 1509 176 UXORE
1706 134 1774 187 75

85 270 224 339 δρὸν
262 266 501 337 γένηται,
555 267 645 320 καὶ
692 259 735 339 ᾧ
779 267 1043 330 πολλάκις
1092 266 1319 337 πατέρες
1371 265 1510 338 ὑπὲρ
1558 270 1775 322 παίδων

83 359 223 427 πρὸς
274 356 630 424 παιδαγωγὸν
683 354 999 424 ἐχρήσαντο.
1076 356 1137 408 τὸ
1191 353 1251 408 δὲ
1302 349 1435 425 αἷμα
1486 356 1662 410 ἐκεῖνο
1712 359 1773 411 τὸ

86 449 229 500 πολὺ
269 443 358 498 καὶ
397 446 459 498 τὸ
501 441 808 513 διατμηθὲν
847 443 1021 513 δέρμα
1059 443 1150 497 καὶ
1182 446 1243 497 αἱ
1274 454 1533 513 φανεῖσαι
1566 446 1775 515 σάρκες,

84 543 255 589 ταῦτα
290 533 295 604 Ι
329 530 400 602 ἦν
438 534 508 586 σὰ
546 533 635 586 καὶ
672 540 769 600 τῆς
808 540 904 601 σῆς
943 535 1147 595 κακίας.
1655 547 1696 590 Β,
1719 547 1863 590 11337

198 622 282 676 25.
323 625 505 690 Δηλοῖ
543 619 605 675 δὲ
644 621 810 684 αὐτὸς
850 621 879 675 ὁ
921 622 1106 691 ἄρχων
1145 615 1228 684 οἷς
1268 624 1344 684 εἰς
1383 622 1574 691 ἕτερον
1613 626 1774 692 ε”πρα-
1822 645 1841 676 5

84 713 179 778 ξεν
216 710 316 775 ἔξω
355 709 505 763 ταῦτ’
539 707 681 764 εἶναι
720 717 816 779 τῆς
855 711 1075 778 γνώμης
1117 719 1213 780 τῆς
1253 709 1467 764 ἑαυτοῦ.
1544 720 1640 780 τῆς
1679 712 1775 765 αὐ-

85 810 182 871 τῆς
218 801 322 870 γὰρ
362 801 537 862 αἰτίας
576 798 662 852 ἐπ’
695 800 865 853 ἄλλον
903 799 1144 868 ἡκούσης
1183 800 1369 867 λαβὼν
1400 800 1460 852 τὸ
1493 810 1648 869 σῶμα
1677 807 1776 854 τοῦ

85 887 582 957 κεκακουργηκέναι
631 889 932 950 δοκοῦντος
977 890 1108 950 τοὺς
1146 875 1524 958 ἡμερωτέρους
1563 899 1674 942 τῶν
1713 890 1778 941 τὰ

86 980 374 1048 γράμματα
413 979 791 1031 διδασκόντων
836 979 1210 1046 μιμησάμενος
1261 977 1437 1046 ἀφῆκε
1477 976 1658 1041 δείξας
1696 971 1779 1040 οἷς

86 1066 211 1138 περὶ
262 1067 452 1137 ἕτερον
497 1066 770 1135 ἐποίησεν,
817 1068 954 1136 ἅπερ
1003 1066 1074 1119 ἂν
1121 1066 1393 1135 ἐποίησεν,
1446 1069 1493 1120 εἰ
1543 1066 1633 1120 καὶ
1680 1068 1779 1120 τὸν
1803 1089 1845 1121 10

86 1159 356 1226 πρότερον
394 1153 466 1224 ἦν
503 1176 586 1219 τις
626 1156 856 1225 εἰσηχὼς
895 1155 1060 1228 αὐτῷ.

198 1245 282 1298 26.
325 1243 391 1298 Ὃ
437 1242 498 1298 δὲ
544 1248 729 1312 μεῖζον
777 1245 856 1307 εἰς
902 1246 1130 1314 ἔλεγχον
1176 1253 1270 1314 τῆς
1309 1246 1597 1298 Κανδίδου
1653 1248 1780 1314 σκή-

86 1343 255 1402 ψεως,
295 1334 373 1396 εἰς
410 1335 467 1386 τί
502 1333 632 1403 γάρ,
674 1331 796 1386 εἰπέ
830 1353 948 1402 μοι,
987 1332 1225 1401 βλέπων,
1274 1334 1351 1396 εἰς
1389 1343 1552 1387 ποῖον
1592 1336 1778 1402 λόγον,

89 1425 167 1486 εἰς
203 1431 366 1476 ποῖον
404 1422 573 1492 ῥῆμα,
614 1423 692 1485 εἰς
730 1424 897 1475 ποίαν
938 1424 1238 1491 συλλαβήν,
1285 1423 1365 1484 εἰς
1403 1432 1566 1476 ποῖον
1604 1431 1778 1491 νεῦμα

87 1513 154 1565 τὰ
191 1515 376 1581 πολλςό
426 1512 704 1581 βαρύτερα
748 1520 862 1564 τῶν
906 1514 1132 1579 πληγῶν
1177 1509 1360 1564 ἐκεῖνα
1406 1511 1777 1580 προσέθηκας;
1803 1531 1846 1564 15

91 1600 151 1654 ἐν
196 1594 279 1664 οἷς
328 1597 398 1669 ἧν
446 1602 650 1670 ἰατρῶν
703 1619 762 1653 τε
810 1599 1141 1670 ἐστερῆσθαι
1193 1600 1292 1653 τὸν
1339 1601 1644 1670 ἄνθρωπον
1689 1599 1780 1653 καὶ

87 1689 268 1757 θέαμα
315 1686 457 1743 εἶναι
507 1698 624 1752 τοῖς
668 1687 731 1742 ἐν
775 1696 841 1760 τῇ
887 1691 1045 1742 πόλει
1091 1696 1263 1741 πᾶσιν
1309 1687 1551 1743 ἐλεεινὸν
1596 1691 1779 1759 ὥσπερ

89 1799 143 1832 τι
202 1787 312 1831 τῶν
375 1778 736 1847 βοσκημάτων
800 1777 1186 1844 ἐλαυνόμενον.
1265 1778 1312 1830 εἰ
1364 1776 1413 1830 δ’
1453 1777 1514 1831 ἐν
1566 1786 1640 1851 τῷ
1687 1787 1782 1847 τῆς

87 1869 388 1930 νουθεσίας
426 1866 652 1935 ὀνόματι
691 1867 869 1920 πάντα
916 1873 1088 1919 ταῦτα
1135 1863 1277 1919 εἶναι
1324 1868 1456 1935 φής,
1511 1866 1601 1920 καὶ
1649 1867 1782 1921 άπο-

92 1957 432 2022 τυμπανίσας
485 1956 583 2008 τὸν
636 1957 942 2024 ἄνθρωπον
989 1956 1067 2017 εἰς
1115 1955 1283 2008 ταύτό
1337 1975 1430 2021 μοι
1485 1956 1665 2018 δοκεῖς
1711 1955 1782 2008 ἂν
1806 1974 1848 2006 20

90 2054 444 2113 καταφυγεῖν.
523 2043 641 2097 ἀλλ’
681 2045 808 2098 οὔτε
856 2046 978 2097 τότε
1025 2044 1209 2106 οὐδεὶς
1255 2042 1498 2113 ἠνέσχετ’
1538 2043 1608 2097 ἂν
1655 2045 1781 2097 οὔτε
1863 2087 1865 2089 ,

90 2141 212 2187 νῦν.
289 2134 354 2187 οὐ
417 2135 520 2204 γὰρ
580 2132 609 2186 ὁ
672 2133 857 2203 ἄρχων
919 2131 1040 2186 οὐδ’
1087 2133 1224 2202 ἅπερ
1288 2131 1497 2195 ἐκεῖνος
1557 2130 1780 2201 ἔφησεν,

91 2221 315 2276 ἀπώλλυ
361 2223 461 2276 τὸν
510 2221 803 2291 Ἀντίοχον,
858 2221 996 2275 ἀλλὰ
1041 2223 1102 2274 τό
1149 2241 1206 2274 τε
1256 2223 1501 2290 χρήματα
1548 2219 1629 2274 ἐπ’
1667 2219 1782 2274 Ἀν-

91 2313 256 2383 τιόχῳ
301 2313 448 2381 παρὰ
494 2321 605 2364 τῶν
653 2310 874 2380 ἐχθρῶν
920 2319 1031 2363 τῶν
1081 2309 1359 2378 Ἀντιόχου
1409 2310 1675 2363 δεδόσθαι
1721 2310 1781 2362 τό
1886 2376 1890 2380 ἱ

0 2403 1 2412 ’
91 2418 150 2452 τε
188 2401 288 2469 τὴν
327 2399 605 2469 Ἀντιόχου
644 2408 882 2468 γυναῖκα
913 2400 985 2467 μὴ
1021 2400 1335 2467 δυνηθῆναι
1367 2399 1473 2467 πρὸ
1507 2407 1618 2450 τῶν
1649 2401 1782 2466 πλη-
1806 2417 1848 2449 25

94 2497 210 2555 γῶν
248 2489 446 2542 δοῦναι
484 2489 661 2560 τούτῳ
701 2491 934 2558 χρυσίον
972 2486 1180 2540 ὁπόσον
1219 2485 1495 2555 ἐβούλετο,
1536 2485 1651 2539 ἐπεὶ
1690 2484 1781 2538 καὶ

91 2577 227 2644 μετὰ
262 2578 358 2639 τὰς
394 2578 604 2646 πληγὰς
644 2577 709 2630 οὐ
749 2584 1017 2629 τοσοῦτον
1055 2574 1174 2644 με’ν,
1215 2574 1383 2643 ἐδόθη
1425 2573 1473 2627 δ’
1508 2571 1623 2627 οὖν.

214 2769 240 2808 8
264 2767 371 2816 τοὺς
395 2793 451 2800 -
478 2771 503 2810 9
529 2766 846 2824 μιμησάμενος
869 2780 944 2810 om
961 2765 1094 2822 Bong
1215 2770 1240 2808 9
1274 2765 1458 2820 ἀφῆκεν
1475 2765 1518 2808 A
1645 2767 1698 2806 10
1730 2763 1782 2807 τὸ

97 2823 132 2866 Ι
245 2829 298 2868 11
330 2823 399 2876 τίς
432 2827 516 2871 Mo
558 2827 564 2884 Ι
606 2826 789 2885 ἠσηχὼς
822 2826 867 2871 U
998 2829 1051 2867 12
1084 2824 1161 2867 καὶ
1194 2831 1275 2880 τῆς
1307 2823 1521 2880 MBong
1643 2826 1696 2865 17
1729 2828 1782 2879 τῇ

95 2894 173 2924 om
199 2882 238 2928 G
366 2889 422 2927 22
456 2884 565 2930 οὐδὲ
596 2885 664 2928 Re
797 2889 853 2926 23
887 2881 1061 2928 ἀπόλλυ
1088 2884 1223 2927 VaM
1242 2882 1375 2939 Bong
1498 2886 1553 2924 24
1585 2888 1676 2925 τῶν
1701 2880 1782 2938 (2)]

94 2946 178 2984 τοῦ
211 2942 321 2987 ΒΜ
328 2943 372 2988 V
387 2943 521 3001 Bong
641 2949 697 2987 26
729 2943 877 3002 τούτῳ
908 2942 959 2987 τὸ
992 2939 1183 3000 χρυσίον
1216 2941 1348 2999 Bong
