1992 3094
152 85 214 128 VI
689 101 1028 146 PRAEFATIO
1061 101 1297 146 carrioA

154 261 249 306 quo
299 260 422 306 quae
471 243 644 307 gravia
692 244 790 290 sint
835 242 945 304 pari
993 242 1189 304 quidem
1237 242 1498 306 diligentia
1545 245 1598 290 at
1643 242 1840 290 brevius

152 319 391 366 dicantur.
477 317 597 364 Tale
638 317 835 378 quidem
871 316 1148 363 remedium
1194 333 1272 363 me
1318 317 1547 380 ignorare
1591 316 1841 378 profiteor,
1878 353 1884 358 .

155 393 335 454 quippe
384 393 469 454 qui
518 391 645 438 nihil
694 392 791 438 nisi
840 391 1118 439 necessaria
1166 390 1434 452 protulisse
1485 390 1606 437 mihi
1656 390 1840 438 videar.

155 466 282 512 Nam
321 466 441 525 iure,
482 466 678 526 opinor,
722 466 980 526 reposcent
1020 465 1107 525 qui
1145 465 1362 511 fatorum
1402 480 1603 526 operum
1642 463 1844 511 Libanii

155 541 297 602 gnari
335 539 443 586 fieri
482 539 657 586 volunt
701 540 758 585 ut
797 540 1096 601 cognoscant
1142 554 1240 585 non
1289 539 1446 585 solum
1495 538 1672 600 quibus
1713 538 1842 585 codi-

155 614 290 661 cibus
330 613 525 676 singula
566 628 715 673 opera
762 611 1129 671 contineantur,
1177 612 1260 659 sed
1310 613 1461 660 etiam
1508 628 1634 674 quae
1675 628 1866 671 eorum,

155 687 362 750 singulis
403 686 649 734 codicibus
690 686 1040 748 comprehensa
1079 686 1192 733 sint.

265 762 434 808 Etiam
474 760 838 808 scholiorum
876 775 1155 819 numerum,
1203 775 1311 806 cum
1352 761 1529 807 inutile
1569 760 1635 807 sit
1678 761 1844 807 omnia

156 834 355 882 reddere
395 850 520 896 quae
552 834 820 895 Byzantini
849 834 1119 896 magistelli
1150 833 1455 896 marginibus
1488 834 1844 895 exemplarium

155 924 352 956 suorum
407 908 726 956 adscribenda
784 907 1101 967 crediderint,
1162 907 1318 954 minui
1371 923 1515 968 posse
1575 907 1707 955 idem
1768 907 1845 954 vir

154 982 327 1030 doctus
381 981 645 1030 contendit.
723 981 792 1029 At
844 980 1045 1028 minime
1095 981 1262 1029 omnia
1313 982 1525 1043 protuli,
1579 981 1663 1030 sed
1718 981 1841 1045 elegi

157 1071 282 1117 quae
328 1056 406 1103 vel
461 1056 523 1102 ad
571 1056 878 1103 intellectum
922 1055 1142 1102 locorum
1188 1055 1336 1102 utilia
1381 1056 1462 1103 vel
1512 1055 1574 1103 ad
1627 1055 1844 1103 indolem

156 1130 533 1177 scholiastarum
571 1129 939 1176 describendam
975 1129 1155 1176 idonea
1185 1129 1481 1176 viderentur.
1554 1128 1694 1184 Quod
1725 1144 1842 1177 vero

156 1203 342 1251 scholia
397 1205 571 1267 gravia
626 1203 770 1263 quale
826 1202 954 1250 illud
1008 1203 1139 1264 quod
1193 1203 1245 1250 in
1306 1203 1522 1251 editione
1576 1203 1845 1250 Reiskiana

154 1277 233 1324 t.I
256 1278 382 1338 p.81
425 1278 610 1341 legitur
644 1280 707 1344 τῷ
734 1274 943 1344 εὐαγρίῳ
977 1272 1001 1323 ὅ
1033 1274 1365 1340 καταχωσθεὶς
1397 1275 1449 1325 ἐν
1488 1277 1552 1344 τῷ
1587 1281 1775 1344 σεισμῷ,
1815 1292 1844 1323 a

156 1367 232 1397 me
263 1343 562 1417 (t.1p.140)
596 1350 776 1398 omissa
807 1365 910 1398 esse
943 1350 1078 1410 dicit,
1111 1351 1438 1399 examinasset
1468 1351 1647 1399 vellem
1677 1352 1845 1413 potius

157 1440 306 1486 quam
345 1426 687 1486 vituperasset.
768 1423 1020 1472 Scholium
1065 1424 1201 1472 istud
1247 1425 1445 1472 omnino
1486 1441 1585 1473 non
1622 1426 1676 1472 in
1715 1424 1845 1472 codi-

158 1498 293 1545 cibus
324 1498 521 1561 legitur,
560 1499 643 1546 sed
674 1497 935 1546 Morellum
972 1498 1124 1545 habet
1162 1501 1427 1546 auctorem.
1497 1499 1669 1560 Neque
1702 1497 1844 1547 Croe-

156 1574 296 1619 nerto
349 1587 458 1619 cum
504 1572 685 1632 „dieses
729 1571 1002 1631 Scholioffl,
1051 1571 1239 1633 inquit,
1290 1573 1499 1632 „erklc'irt
1543 1574 1650 1621 dem
1695 1573 1847 1621 Leser

157 1647 357 1705 soyleich
403 1646 495 1694 den
541 1644 1016 1706 Zusammenhanffl,
1068 1645 1121 1693 in
1174 1647 1431 1693 intellectu
1483 1647 1580 1696 loci
1633 1646 1845 1695 invideo.

158 1718 368 1783 Egregie
408 1735 510 1767 sese
549 1719 709 1782 decipi
746 1735 919 1781 passus
960 1722 1034 1767 est
1072 1735 1234 1767 errore
1271 1736 1300 1767 a
1332 1720 1532 1768 Reiskio
1573 1722 1846 1780 commisso,

159 1794 246 1853 qui
283 1791 491 1861 εὐαγρίῳ
538 1810 627 1855 pro
669 1791 871 1862 εὐσεβίῳ
913 1790 1056 1856 (Mor.
1088 1810 1135 1855 p.
1163 1787 1258 1858 40)
1298 1794 1447 1841 dedit.
1525 1794 1654 1851 Quin
1693 1794 1846 1841 Euse-

158 1865 269 1913 bius
322 1867 679 1930 intellegendus
735 1868 800 1914 sit
853 1867 1071 1915 dubitari
1123 1883 1221 1914 non
1271 1871 1447 1929 potest.
1525 1869 1655 1916 Nam
1699 1868 1846 1916 modo

160 1955 270 1986 eum
309 1939 545 1987 Libanius
583 1941 872 1989 nominavit.
959 1940 1080 1997 Quis
1119 1957 1235 1989 vero
1280 1942 1407 1989 alter
1444 1942 1621 1990 fuisset
1661 1943 1846 1990 amicus

162 2010 312 2077 (κακὰ
344 2011 395 2062 δὲ
428 2012 757 2078 προστεθέντα
788 2018 975 2078 κακοῖς,
1014 2021 1164 2062 ταῦτα
1196 2013 1416 2075 ἐκείνοις,
1456 2016 1583 2084 φίλῳ
1623 2033 1670 2064 τε
1703 2015 1847 2078 φίλος

160 2084 241 2134 καὶ
279 2086 415 2135 πόλει
455 2088 574 2155 φίλῃ
615 2087 773 2152 μήτηρ
812 2106 859 2135 τε
898 2086 980 2136 καὶ
1019 2085 1044 2136 ὅ
1084 2087 1263 2152 ταύτης
1300 2083 1561 2156 ἀδελφός),
1601 2090 1845 2152 explican-

160 2159 279 2206 dum
319 2164 438 2209 erat.
516 2161 690 2223 Itaque
734 2163 954 2210 scholion
992 2161 1211 2210 Palatini
1257 2161 1342 2212 τὸν
1376 2158 1728 2228 Ἀρισταίνετον
1768 2181 1845 2210 ex-

161 2233 300 2280 hibui
339 2237 389 2282 et
426 2235 588 2283 locum
627 2236 880 2283 Ammiani
910 2236 1055 2283 XVII
1089 2237 1175 2296 7,6
1219 2237 1470 2298 adscripsi.

274 2305 522 2369 Ceterum,
570 2312 625 2356 ut
663 2311 786 2370 fere,
831 2311 904 2356 ita
944 2311 1095 2357 etiam
1135 2310 1265 2372 apud
1305 2309 1568 2358 Libanium
1615 2326 1845 2358 numerus

162 2379 455 2428 scholiorum
498 2382 548 2429 in
580 2384 741 2444 prima
777 2384 999 2431 oratione
1030 2385 1272 2432 maximus
1311 2386 1400 2445 est,
1438 2386 1490 2432 in
1530 2384 1845 2446 sequentibus

162 2454 405 2513 paulatim
445 2456 694 2517 decrescit,
735 2459 853 2518 quin
890 2458 1040 2505 etiam
1070 2459 1123 2504 in
1154 2457 1215 2504 iis
1248 2474 1374 2519 quae
1406 2459 1554 2506 tertio
1588 2462 1637 2506 et
1668 2460 1845 2520 quarto

162 2527 411 2576 volumine
450 2531 763 2578 continentur
801 2534 875 2578 est
914 2547 999 2578 cur
1045 2531 1104 2579 de
1150 2532 1320 2592 inopia
1366 2532 1566 2579 illorum
1609 2533 1845 2594 queraris

275 2601 489 2650 Transeo
538 2604 598 2651 ad
645 2604 778 2652 locos
825 2605 1101 2666 explicandi
1147 2620 1295 2652 causa
1345 2621 1374 2652 a
1424 2622 1501 2654 me
1556 2606 1845 2667 adscriptos,

165 2689 373 2733 quorum
434 2693 689 2724 numerum
747 2678 988 2726 Rudolfus
1041 2671 1304 2744 Asmusl)
1366 2679 1613 2740 laudavit,
1674 2679 1846 2742 augeri

164 2900 238 2943 cl
278 2845 748 2946 &gowocmnoehrist
798 2847 872 2890 fiir
921 2847 1176 2892 klassische
1224 2848 1485 2905 Philologie
1534 2853 1646 2891 1904
1698 2848 1753 2891 Ν.
1789 2853 1844 2891 23

192 2915 250 2945 ο.
368 2939 375 2945 .
