1992 3094
507 120 733 165 LIBANII
765 120 989 166 ORATIO
1021 122 1105 166 AD
1137 121 1391 166 ICARIUM
1759 126 1793 178 5

218 258 267 310 2.
324 251 491 326 Οἶμαι
539 257 607 325 δὴ
648 258 767 310 δεῖν
806 266 1027 327 πρῶτον
1072 254 1176 326 μὲν
1225 258 1298 321 ὡς
1343 266 1451 312 νῦν
1490 260 1628 328 ἔχεις
1666 259 1796 329 ἡμῖν

106 347 241 417 πρὸς
278 346 378 415 τὴν
416 347 600 414 πόλιν,
640 347 906 415 διελθεῖν,
946 345 1124 399 ἔπειθ’
1157 347 1228 409 ὡς
1266 344 1412 416 ἔχοις
1451 345 1521 400 ἂν
1556 349 1795 417 εἰκότως,

106 436 296 488 εἰπεῖν.

219 527 340 578 Οἴει
379 524 480 592 τὴν
517 525 683 578 πόλιν
722 524 940 577 ἅπασαν
979 524 1144 593 τήνδε
1190 526 1291 593 τὴν
1328 523 1606 595 Ἀντιόχου
1648 528 1796 596 Πρό-

105 618 239 666 κλου
278 632 336 666 τε
375 611 509 682 ἐρᾶν
546 610 638 665 καὶ
677 613 815 682 πρὸς
854 611 1070 666 ἐκεῖνον
1107 612 1332 681 βλέπειν
1362 614 1452 667 καὶ
1492 615 1557 667 τὰ
1593 613 1795 667 ’κείνου
1843 635 1862 667 5

102 707 306 755 ποθεῖν
343 700 434 754 καὶ
481 710 598 764 τοῖς
636 710 756 764 σοῖς
795 703 1075 771 ἄχθεσθαι
1112 700 1204 754 καὶ
1245 702 1631 773 δυσχεραίνειν
1668 723 1796 756 ταυ-

102 791 223 859 τηνὶ
271 791 372 859 τὴν
420 791 732 859 μεταβολὴν
785 791 876 843 καὶ
922 791 1101 844 πάντα
1146 788 1248 858 μὲν
1295 793 1484 860 λόγον,
1537 792 1683 844 ἅπαν
1735 788 1796 844 δὲ

102 881 270 949 ἔργον
315 879 418 932 δύο
465 886 636 932 ταῦτα
690 880 1026 948 βούλεσθαι,
1080 880 1146 932 τὰ
1197 878 1398 933 ’κείνου
1452 880 1555 947 μὲν
1600 885 1796 950 αἴρειν,

102 970 167 1021 τὰ
214 969 283 1021 σὰ
337 964 397 1021 δὲ
451 968 829 1036 καταβάλλειν.
908 969 956 1021 3.
1011 976 1183 1022 ταῦτα
1236 970 1433 1022 τοίνυν
1484 969 1618 1022 ὅταν
1671 969 1795 1040 περὶ

102 1056 311 1126 ἁπάσης
358 1057 583 1128 δοξάζῃς
627 1065 723 1126 τῆς
767 1059 1002 1127 πόλεως,
1056 1065 1156 1110 τοῦ
1203 1060 1581 1128 προσήκοντος
1627 1057 1795 1129 ἆμαρ·
1819 1078 1862 1111 ιο

101 1147 294 1210 τάνεις.
370 1149 480 1216 ἔχει
519 1147 623 1216 γὰρ
666 1147 767 1215 οὐχ
816 1147 960 1200 οὕτω
1008 1146 1269 1216 τάληθές,
1317 1144 1432 1199 ἀλλ’
1463 1143 1579 1200 ἔστι
1625 1153 1796 1199 ταῦτα

103 1235 306 1304 ὀλίγων
343 1245 455 1289 τῶν
494 1235 553 1288 ἐκ
591 1244 687 1304 τῆς
726 1234 894 1306 ἀρχῆς
933 1243 1029 1303 τῆς
1067 1234 1284 1289 ἐκείνου
1323 1237 1796 1304 πεπλουτηκότων,

101 1333 212 1378 τῶν
271 1325 366 1387 τὰς
427 1323 653 1387 ἀδίκους
714 1325 805 1377 καὶ
873 1325 1110 1393 μεγάλας
1180 1324 1489 1392 εἰληφότων
1556 1323 1794 1393 χάριτας.

102 1414 301 1480 ἔλαβον
338 1409 439 1480 μὲν
478 1413 582 1483 γὰρ
622 1413 821 1466 πολλοὶ
866 1411 958 1465 καὶ
1003 1413 1172 1481 μεστὴ
1211 1413 1427 1465 τούτων
1464 1413 1498 1481 ἡ
1536 1420 1630 1481 γῆ,
1680 1420 1796 1475 τοῖς

102 1502 163 1556 δὲ
208 1503 274 1555 τὰ
321 1500 523 1555 ἐλάττω
575 1503 810 1569 λαβοῦσι
866 1503 1085 1572 φθόνος
1139 1503 1316 1554 ἔνεστι
1366 1502 1505 1571 πρὸς
1549 1502 1679 1563 τοὺς
1728 1501 1794 1553 τὰ
1819 1520 1860 1554 15

100 1592 259 1659 μείζω
306 1591 396 1644 καὶ
436 1590 538 1643 οὐκ
578 1590 900 1658 ἀμείβονται
946 1590 1305 1658 τηλικούτοις.
1380 1590 1429 1642 4.
1465 1587 1474 1662 Ι
1509 1590 1563 1642 οἱ
1603 1586 1664 1642 δὲ
1703 1602 1746 1645 R.
1768 1601 1882 1645 H93

100 1679 276 1733 πάντα
328 1687 621 1742 ποιοῦντες
674 1678 766 1733 καὶ
818 1672 901 1742 οἷς
947 1678 1062 1732 ἐστι
1115 1677 1206 1732 καὶ
1255 1679 1362 1750 πρὸ
1408 1687 1521 1731 τῶν
1565 1683 1718 1731 θεῶν
1764 1677 1793 1730 ὁ

105 1770 372 1838 Πρόκλος,
412 1768 554 1822 ὀκτώ
594 1767 739 1832 τινές
779 1769 943 1822 εἰσιν·
995 1767 1110 1836 οὕς,
1150 1769 1198 1820 εἰ
1238 1769 1443 1837 βούλει,
1480 1769 1796 1835 ποιήσωμεν

103 1862 274 1911 εἴκοσι
312 1858 404 1911 καὶ
442 1859 574 1921 τούς
612 1877 675 1927 γε
714 1858 748 1927 ἢ
787 1859 943 1930 φόβῳ
983 1858 1200 1919 τούτοις
1248 1855 1550 1925 ἑπομένους
1595 1854 1628 1924 ἢ
1667 1858 1795 1926 χρή-

102 1960 286 2016 μασιν,
325 1948 374 2000 εἰ
413 1947 582 2015 δοκεῖ,
621 1947 924 2010 τοσούτους
963 1942 1106 2000 εἶναι
1152 1945 1321 1998 πάλιν
1366 1950 1625 2012 τιθῶμεν.
1701 1941 1792 1997 καὶ
1818 1965 1862 1997 20

102 2037 276 2091 πόσον
314 2035 384 2089 ἂν
424 2041 506 2105 εἴη
546 2043 710 2090 τοῦτο
760 2036 900 2106 πρὸς
936 2035 1206 2098 τοσαύτας
1244 2034 1517 2103 μυριάδας
1562 2033 1657 2096 τὰς
1694 2029 1796 2100 μὲν

103 2123 342 2194 ἀνδρῶν,
380 2126 475 2188 τὰς
514 2122 575 2178 δὲ
614 2134 923 2194 γυναικῶν;
970 2119 1050 2177 ὧν
1089 2121 1151 2176 ἐν
1191 2121 1468 2193 ἑκατέραις
1507 2121 1795 2190 ἀμύθητόν

103 2232 155 2264 τι
194 2215 430 2282 φίλτρον
475 2221 570 2282 τῆς
618 2221 715 2283 σῆς
754 2217 996 2282 κεφαλῆς
1043 2210 1326 2282 ἐνίδρυται
1381 2209 1472 2263 καὶ
1517 2208 1656 2278 μέγα
1693 2209 1795 2278 μὲν

221 2378 248 2416 4
281 2373 337 2417 cf.
363 2373 436 2419 t.1
465 2389 511 2431 p.
532 2378 632 2430 177,
652 2379 707 2418 14
721 2388 787 2429 sq.
824 2376 922 2426 180,
944 2377 996 2415 19
1013 2386 1079 2428 sq.

222 2525 247 2562 2
283 2522 390 2577 περὶ
420 2523 495 2567 Ρα
527 2522 608 2566 sed
639 2522 758 2577 πρὸς
789 2534 1005 2578 suprascr
1027 2519 1098 2563 m'
1240 2524 1268 2562 4
1300 2515 1501 2562 πλόκλου
1536 2517 1579 2562 V
1602 2518 1656 2559 ut
1687 2528 1795 2559 con—

104 2581 282 2623 nssanter
311 2580 362 2624 in
383 2580 473 2625 hac
504 2581 729 2636 oratione,
761 2580 811 2624 id
836 2580 961 2637 quod
987 2578 1130 2623 semel
1162 2578 1411 2621 adnotasse
1444 2575 1558 2620 satis
1582 2574 1734 2618 habeo

104 2642 131 2682 ὅ
162 2635 206 2682 τ’
235 2639 281 2684 Ρ
319 2642 326 2695 Ι
367 2637 586 2685 τάκείνου
611 2642 697 2685 Mo
721 2639 824 2683 Mor
865 2641 872 2696 1
910 2635 1089 2682 ’κείνου
1120 2638 1167 2682 Ρ
1195 2637 1278 2680 sed.
1303 2633 1317 2650 ’
1355 2649 1457 2680 eras
1600 2637 1625 2677 6
1659 2634 1794 2692 ἔχθε-

106 2699 220 2741 σθαι
252 2699 337 2743 Mo
358 2697 463 2743 Mor
600 2703 623 2742 7
657 2698 805 2755 ἅπαν]
840 2697 1029 2742 ἅπαντα
1054 2698 1139 2741 Mo
1287 2699 1313 2738 8
1344 2693 1402 2738 τὰ
1426 2691 1605 2738 ’κείνου
1637 2694 1684 2737 Ρ
1711 2691 1793 2735 sed

105 2770 147 2799 ει
176 2756 226 2799 in
247 2769 324 2801 ras
351 2757 422 2801 m⁵
481 2756 700 2803 τάκείνου
727 2758 813 2802 Μο
835 2757 938 2801 Mor
964 2756 970 2814 1
999 2755 1121 2810 ἔρειν
1153 2755 1238 2799 Mo
1271 2755 1318 2797 et
1349 2771 1404 2810 γρ
1436 2752 1538 2795 Mor
1599 2749 1794 2806 ἐρείδειν

103 2812 206 2873 Mor
355 2819 411 2860 13
449 2823 542 2861 τῶν
574 2831 650 2861 om
674 2816 777 2860 Mor
922 2819 976 2859 14
1008 2814 1096 2872 γὰρ
1129 2827 1204 2857 om
1231 2814 1316 2858 Mo
1339 2812 1442 2856 Mor
1585 2815 1639 2854 16
1670 2811 1792 2877 τηλιῖ

106 2873 273 2919 nohum
307 2875 392 2919 Mo
415 2874 518 2919 Mor
654 2880 710 2920 18
741 2874 995 2931 ποιήσομεν
1028 2872 1114 2917 Μο
1254 2875 1308 2914 19
1341 2867 1596 2927 ἑπομένους
1628 2882 1795 2925 scnpm

107 2943 134 2975 e
158 2931 202 2976 V
227 2935 416 2978 auctore
438 2933 506 2979 Re
569 2932 945 2991 ἐπιπεμπομένους
974 2931 1144 2987 reliqui
1174 2930 1285 2974 libri
1316 2929 1406 2974 edd
