1992 3094
218 115 324 167 288
749 114 977 158 LIBANII
1009 113 1233 158 ORATIO
1266 114 1343 158 XL

132 263 168 306 R
191 263 335 306 11373
376 249 732 319 ἐκινήθησαν,
774 248 1037 313 ἐπιδεῖξαι
1087 251 1093 318 Ι
1145 249 1356 320 ῥᾴδιον.
1433 249 1659 319 ἡμέραις
1693 251 1796 319 γὰρ
1838 251 1905 304 οὐ

215 344 445 402 πολλαῖς
497 339 732 408 ὕστερον
787 338 972 392 ἐλθὼν
1027 337 1257 408 ἑσπέρας
1310 339 1382 402 ὡς
1443 336 1536 408 ἐμὲ
1598 339 1910 407 βούλεσθαί

215 448 339 481 τινα
378 429 611 496 ποιητὴν
657 425 838 495 ἔλεγες
879 426 940 480 ἐν
978 428 1197 499 θεάτρςο
1244 428 1342 480 τὸν
1390 428 1491 481 σὸν
1531 427 1776 496 ἀδελφὸν
1817 432 1909 481 λα-

215 519 337 584 βεῖν
381 516 701 584 προσθέντα
754 517 931 588 τούτῳ
978 517 1039 569 τὸ
1085 514 1197 584 μετ’
1230 515 1345 585 ἐμέ,
1401 517 1499 569 τὸν
1546 514 1594 570 δ’
1627 515 1909 570 ἐπαινέσαι

173 627 192 659 5
217 606 317 673 τὴν
354 608 698 675 προσθήκην.
762 605 823 658 ἐν
859 605 1036 677 τούτῳ
1078 602 1139 657 δὲ
1180 606 1285 672 ἄρα
1323 600 1394 673 ἦν
1431 606 1492 658 τὸ
1531 606 1603 673 μὴ
1642 607 1738 668 τὰς
1778 619 1909 658 συν-

215 697 393 760 θήκας
423 693 628 762 μένειν,
669 693 730 747 ἐν
762 687 847 757 αἶς
878 690 949 762 ἦν
988 695 1050 747 τὸ
1090 692 1201 763 μετ’
1236 691 1326 761 ἐμὲ
1365 693 1599 762 μηδένα,
1638 696 1910 764 πρότερον

217 779 277 835 δὲ
333 783 433 836 οὐκ
487 782 748 836 ἐκώλυον.
824 784 1037 836 τούτων
1090 782 1394 852 εἰρημένων
1450 783 1615 845 αὐτὸς
1667 780 1770 849 μὲν
1819 781 1908 836 ἐπὶ

214 871 519 940 προφάσεις
558 870 938 938 πεπλασμένας
976 871 1341 939 καταφεύγων
1379 869 1598 940 ἐσίγων,
1637 869 1908 941 ἔπραττον

217 957 277 1013 δὲ
315 961 377 1013 τὸ
417 961 517 1013 τὸν
563 961 795 1029 ποιητὴν
843 961 1035 1029 εἰπεῖν,
1081 960 1172 1013 καὶ
1219 954 1350 1013 εἷπε.
1428 959 1514 1012 20.
1571 962 1625 1013 τί
1671 955 1775 1012 οὖν
1821 958 1908 1013 ἐν-

149 1071 192 1103 10
215 1054 398 1102 ταῦθα
437 1049 666 1113 ἀδικεῖς;
717 1049 778 1102 τὸ
819 1050 915 1111 τὰς
954 1050 1239 1117 συνθήκας
1277 1049 1509 1102 ἀνελεῖν.
1587 1046 1807 1120 ἀνῄρεις
1848 1049 1908 1101 δὲ

215 1138 281 1190 οὐ
322 1140 669 1207 μεμφόμενος
718 1139 817 1191 τὸν
865 1138 1112 1207 ἀδελφὸν
1159 1135 1290 1191 οὐδὲ
1336 1137 1580 1207 κατέχων
1626 1134 1758 1190 οὐδὲ
1804 1158 1908 1190 κω-

215 1228 379 1280 λύων.
443 1228 490 1280 εῑ
528 1224 630 1295 μὲν
670 1228 774 1296 γὰρ
814 1227 1003 1295 ἠγνόει
1035 1228 1131 1290 τὰς
1163 1227 1474 1295 ὁμολογίας,
1514 1226 1543 1279 ὁ
1577 1227 1648 1295 μὴ
1682 1225 1908 1290 διδάξας

216 1321 412 1384 αἴτιος,
468 1316 530 1368 σὲ
585 1315 634 1367 δ’
665 1310 808 1369 εἶναι
862 1317 959 1368 τὸν
1015 1317 1350 1369 διδάσκοντα
1398 1317 1532 1368 ἔδει·
1609 1317 1657 1368 εἰ
1705 1313 1754 1368 δ’
1785 1315 1907 1383 ἠπί-

124 1417 334 1461 R11374
374 1419 554 1474 στατο,
597 1407 782 1467 δείσας
819 1406 914 1468 τὰς
954 1406 1051 1468 σὰς
1089 1406 1224 1472 βοὰς
1261 1407 1358 1467 τὰς
1400 1405 1406 1473 Ι
1447 1401 1586 1474 ὑπὲρ
1626 1414 1737 1458 τῶν
1776 1419 1907 1457 συν-

149 1515 190 1547 15
215 1499 408 1561 θηκῶν
447 1487 589 1546 εἶναι
629 1495 840 1556 δίκαιος
877 1490 949 1562 ἦν
987 1492 1049 1546 ἐν
1096 1487 1179 1556 οἷς
1219 1494 1390 1547 αὐτὸν
1429 1487 1571 1547 εἶναι
1618 1501 1774 1563 χρῆν,
1822 1493 1905 1546 ὅτι

213 1583 458 1645 πάντας
513 1581 607 1651 ἐφ’
646 1582 807 1651 ἡμᾶς
861 1583 1100 1646 αὐτοὺς
1155 1582 1574 1651 ἀνθρώπους,
1638 1581 1905 1651 ἀδελφέ,

214 1672 568 1739 κινήσομεν
611 1671 691 1734 ὡς
731 1672 847 1724 οὐκ
887 1673 1134 1734 εἰδότες
1173 1673 1513 1725 αἰδεῖσθαι
1554 1674 1904 1740 συνθήκας.

214 1760 429 1812 τούτων
469 1757 637 1813 οὐδὲν
660 1761 981 1829 Εὐμόλπιος
1021 1760 1049 1814 ὁ
1081 1761 1246 1823 καλὸς
1285 1754 1400 1812 εἶπε
1439 1761 1577 1828 πρὸς
1615 1761 1712 1813 τὸν
1748 1759 1905 1812 ἀδελ-

215 1850 342 1916 φόν,
381 1849 519 1918 πρὸς
557 1850 695 1918 ἡμᾶς
733 1848 920 1918 μέντοι
960 1850 1025 1901 τὰ
1065 1849 1203 1919 πρὸς
1241 1850 1340 1903 τὸν
1379 1850 1612 1918 ποιητὴν
1647 1847 1904 1918 εἰρημένα

148 1959 190 1990 20
213 1937 467 2009 τάδελφῷ
524 1939 612 1990 καὶ
668 1941 855 2006 ἔλεγεν
912 1938 978 1991 οὐ
1036 1938 1554 2006 συγκαλυψάμενος,
1617 1936 1735 1990 ἀλλ’
1774 1936 1902 1989 ἀνα-

211 2026 576 2092 πεπταμένοις
612 2037 728 2089 τοῑς
774 2028 978 2096 ὄμμασι
1025 2025 1116 2079 καὶ
1163 2026 1266 2079 οὐκ
1305 2026 1561 2095 ἐνόμισεν
1601 2026 1764 2088 αὐτὸς
1809 2027 1904 2088 τὰς

214 2117 497 2183 συνθήκας
558 2114 739 2168 ἕλκειν
799 2125 910 2168 τῶν
973 2117 1202 2184 ἱματίων
1262 2114 1569 2183 λαβομένας
1622 2113 1740 2167 οὐδ’
1782 2107 1904 2167 οἷον

214 2202 543 2273 ἐμφράττειν
589 2205 650 2256 τὸ
707 2207 895 2274 στόμα.
973 2205 1058 2257 21.
1114 2200 1238 2257 εἶεν.
1309 2202 1498 2266 ἔξοδος
1548 2201 1638 2256 ἐπὶ
1687 2204 1903 2265 τούτοις

212 2299 312 2343 τοῦ
360 2301 470 2344 τῶν
518 2291 664 2345 ἐπῶν
711 2293 1010 2360 ἀκηκοότος
1054 2291 1145 2346 καὶ
1202 2293 1454 2361 διατριβὴ
1509 2290 1636 2345 καθ’
1669 2291 1902 2359 ἑκάστην

146 2402 188 2433 25
212 2382 378 2432 πόλιν
415 2381 503 2432 καὶ
543 2382 850 2450 προσδοκία
888 2381 1016 2434 καθ’
1049 2380 1282 2449 ἑκάστην
1319 2380 1527 2449 ἡμέραν
1565 2380 1720 2442 τέλος
1759 2379 1901 2443 ἕξειν

332 2515 386 2554 23
418 2510 548 2554 Dem.
575 2527 617 2567 p.
644 2517 796 2567 406‚5.
846 2511 902 2555 of.
930 2513 990 2556 ad
1022 2528 1065 2568 p.
1093 2517 1258 2567 275‚14

330 2635 357 2672 4
389 2628 629 2684 προθέντα
657 2630 791 2687 Bong
818 2631 823 2688 Ι
851 2631 931 2674 τόν
956 2632 1001 2674 Ρ
1023 2630 1105 2674 sed
1131 2629 1142 2643 '
1166 2630 1214 2672 in
1238 2644 1326 2683 ras,
1351 2630 1386 2672 I
1501 2634 1527 2672 5
1560 2631 1607 2673 et
1640 2633 1663 2671 7
1698 2625 1743 2672 δ’
1771 2628 1839 2671 Re

215 2692 236 2730 7
271 2702 382 2730 num
412 2688 586 2732 τούτων
619 2689 773 2748 <δὲ>ῗ
925 2694 949 2732 9
983 2685 1112 2733 εἶπεν
1145 2690 1190 2733 A
1337 2693 1391 2731 10
1423 2689 1617 2742 ἀδικεῖς,
1651 2688 1905 2732 GPaAPV

211 2746 343 2802 Bong
393 2749 397 2803 Ι
447 2747 499 2790 τὸ
527 2749 571 2792 V
596 2748 677 2790 sed
709 2749 733 2792 ὸ
767 2761 823 2792 ex
853 2755 888 2792 ῶ
921 2762 1022 2792 corr
1051 2747 1120 2791 m²
1188 2750 1251 2802 τῷ
1280 2748 1414 2804 Bong
1567 2751 1619 2789 13
1653 2747 1703 2791 δὲ
1737 2747 1797 2802 (1)
1831 2745 1897 2788 Re

303 2811 356 2848 15
390 2801 511 2850 εἶναι
543 2810 604 2863 (2)
637 2821 711 2850 om
744 2809 818 2851 Pa
1006 2811 1060 2850 16
1094 2807 1229 2850 αὐτοὶ
1259 2806 1326 2850 Re
1517 2811 1570 2848 18
1604 2801 1732 2849 εἶπεν
1763 2805 1808 2848 A

213 2869 265 2906 21
302 2863 500 2919 ὄμμασιν
532 2867 577 2909 A
635 2868 640 2922 Ι
698 2866 838 2915 αὐτὸς
870 2865 1033 2922 scripsi
1067 2879 1092 2908 e
1126 2866 1169 2910 V
1289 2865 1432 2908 αὐτὸν
1464 2864 1635 2919 reliqui
1666 2863 1774 2906 libri
1806 2863 1896 2906 edd

272 2927 325 2965 22
358 2922 611 2980 λαβόμενος
641 2925 690 2967 in
721 2924 980 2982 λαβομένας
1010 2939 1111 2968 corr
1142 2926 1214 2968 Pa
1336 2928 1390 2967 ⁶23
1424 2920 1469 2968 εἶ
1497 2922 1547 2968 ἔν
1578 2924 1623 2967 A
