1992 3094
184 73 256 126 34
682 72 910 116 LIBANII
943 70 1166 116 ORATIO
1198 71 1369 116 XXVII

184 209 395 278 ἀγαθὸς
444 207 677 276 ἐκεῖνος,
733 208 906 270 εὐθὺς
961 207 1283 270 ἐπίστευσας
1337 208 1579 278 ὑπερβὰς
1631 209 1881 278 βάσανον

184 298 375 366 δεινὴν
407 297 612 367 ἀνδρὸς
649 295 914 360 ἐπιδεῖξαι
946 297 1136 365 φύσιν.
1197 298 1322 350 τίνα
1353 297 1581 365 ταύτην;
1620 299 1722 367 τὴν
1751 299 1886 367 περὶ,

181 387 248 439 τὰ
295 386 465 439 αὑτοῦ
513 388 799 455 πρόνοιαν.
876 386 965 438 καὶ
1014 385 1117 438 οὐκ
1170 385 1453 455 ἠρώτησας
1514 385 1641 455 παρ’
1682 382 1762 439 ὧν
1807 385 1882 440 ἂν

179 471 415 543 τάληθὲς
454 472 677 544 ἔμαθες·
729 473 757 527 ὁ
799 472 866 527 δὲ
905 475 1260 544 ἄνθρωπος
1300 469 1516 543 οὗτος,
1557 477 1613 528 εἰ
1652 474 1757 528 καὶ
1796 477 1879 545 μὴ

136 562 551 632 ὅπροσέθηκε
607 572 746 626 τοῖς
804 561 1135 635 πατρῴοις
1191 563 1537 632 χρήμασιν,
1593 563 1754 617 αὐτά
1806 584 1887 633 γε,

180 651 399 705 ε’κεῖνα
460 653 493 704 δ
505 651 800 717 ιέσωσεν;
870 653 1109 720 ἤκουσας
1171 650 1240 704 ἂν
1300 652 1478 704 πάντα
1539 652 1880 721 πεπραμένα,

183 741 362 794 πάντα
409 739 756 809 ἀνηλωμένα,
811 741 990 793 πάντα
1030 738 1098 793 δι’
1134 741 1365 793 αἰδοίων
1409 759 1466 793 τε
1513 741 1602 793 καὶ
1642 742 1885 811 γαστρὸςΙ

180 814 453 899 οἰχόμενα.
530 830 602 898 μὴ
657 817 760 898 γὰρ
817 830 885 897 δὴ
938 838 1050 882 τῶν
1104 829 1176 891 ὡς
1236 830 1723 898 κατελειτούργησε
1775 831 1887 898 τὴν.

180 918 380 971 οὐσίαν
429 920 707 986 λεγόντων
758 917 973 987 ἀνέχου.
1052 913 1214 980 οὗτος
1261 918 1364 988 γάρ
1413 918 1564 971 ἐστιν
1603 917 1631 971 ὁ
1682 919 1774 971 καὶ
1811 927 1879 989 τῇ

114 1029 156 1060 10
180 1014 280 1060 τοῦ
321 1006 591 1074 βασιλέως
631 1008 1028 1077 φιλανθρωπίᾳ
1067 1016 1243 1069 κακῶς
1275 1007 1615 1077 χρησάμενος
1653 1005 1743 1060 ἐπὶ
1782 1016 1882 1076 τῆς

179 1096 346 1164 αὐτῆς
406 1094 609 1165 ἡμέρας
661 1095 1029 1164 κομισάμενός
1082 1115 1139 1148 τε
1193 1093 1283 1148 καὶ
1339 1095 1683 1162 ἀποδόμενος
1744 1098 1880 1159 τοὺς

178 1183 383 1254 ἀγροὺς
414 1182 505 1236 καὶ
537 1191 738 1254 μικροῦ
770 1184 871 1252 τὴν
895 1185 1059 1252 τιμὴν
1083 1185 1302 1236 ἅπασαν
1327 1183 1498 1237 αὐτοῦ
1523 1186 1875 1254 καταφαγών.

87 1285 128 1328 R
151 1285 295 1329 [1122
336 1271 368 1340 ἢ
402 1273 492 1325 καὶ
531 1275 652 1325 τότε
691 1270 1028 1342 ἐλειτούργει
1066 1280 1130 1343 τῇ
1170 1274 1349 1337 πόλεις
1387 1271 1479 1325 καὶ
1514 1275 1615 1342 τὴν
1650 1274 1656 1342 Ι
1691 1274 1885 1334 Λαΐδα,

181 1361 302 1414 ἀντὶ
340 1369 441 1414 τοῦ
482 1362 620 1423 Διὸς
658 1364 963 1429 λογιεῖσθε;
1018 1360 1103 1414 25.
1159 1362 1257 1417 τὸν
1305 1357 1409 1414 οὖν
1448 1361 1619 1414 αὑτὸν
1657 1363 1876 1430 γυμνώ-

112 1471 152 1503 15
181 1465 352 1503 σαντα
402 1445 482 1503 ὧν
527 1453 856 1519 παρειλήφει
910 1450 998 1503 καὶ
1045 1452 1221 1503 πολλὰ
1275 1447 1377 1518 μὲν
1428 1450 1877 1519 δεδανεισμένον,

176 1540 344 1608 μικρὰ
376 1539 437 1592 δὲ
469 1538 874 1606 ἀποδεδωκότα,
906 1548 1017 1591 τῶν
1049 1537 1097 1591 δ’
1123 1538 1403 1609 ἀγοραίων
1433 1543 1659 1602 πολλοῖς
1691 1544 1877 1592 αἴτιον

176 1628 427 1684 θανάτου
477 1629 778 1696 γενόμενον
823 1628 918 1690 τὰς
966 1628 1125 1696 τιμὰς
1177 1623 1255 1680 ὧν
1300 1629 1465 1696 ἤσθιε
1517 1629 1721 1682 δώσειν
1769 1625 1877 1697 μὲν

178 1716 364 1778 αὐτοῖς
409 1715 870 1785 ὑπισχνούμενον,
922 1717 1093 1770 δόντα
1140 1716 1201 1769 δὲ
1248 1716 1538 1784 οὐδέποτε,
1594 1716 1623 1769 ὃ
1672 1717 1739 1784 δὴ
1779 1715 1872 1770 καὶ

176 1808 429 1873 τελευτῆς
488 1802 828 1873 ἐπιθυμῆσαι
889 1806 1019 1867 τοὺς
1080 1803 1415 1874 ἀνθρώπους
1475 1805 1876 1874 κατηνάγκασε,

109 1914 153 1946 20
176 1881 376 1946 τούτον
431 1889 534 1946 οὖν
587 1893 785 1962 κύριον
845 1902 1021 1955 ποιεῖς
1078 1894 1359 1946 τοσούτων
1414 1892 1600 1946 ἐθνῶν
1653 1892 1744 1946 καὶ
1799 1894 1873 1946 οὐ

178 1981 430 2044 δέδοικας
483 1982 555 2050 μὴ
602 1989 766 2034 τοῦτο
815 1983 1061 2049 πύθηται
1115 1981 1398 2050 βασιλεύς,
1455 1982 1538 2034 ὅτι
1585 1980 1673 2035 ε’πὶ
1722 1985 1874 2035 Καλ-

293 2146 319 2185 8
352 2142 480 2186 Dem.
506 2155 590 2198 pro
615 2141 797 2185 Phorm.
831 2157 875 2198 p.
904 2146 1004 2196 956,
1023 2146 1079 2185 20

295 2293 319 2331 1
354 2288 559 2346 βάσανον
592 2315 647 2321 —
681 2294 705 2331 2
740 2289 883 2345 φύσιν
917 2290 977 2332 ad
1009 2303 1190 2332 versum
1223 2288 1492 2333 comoediae
1515 2289 1703 2333 Atticae
1736 2288 1873 2344 δεινή

173 2344 265 2390 ’στι
326 2346 499 2398 ἀσανος
530 2347 703 2403 ἀνδρὸς
734 2348 961 2401 ἐπιδεῖξαι
987 2349 1129 2404 φύσιν
1160 2347 1393 2392 revocavit
1416 2347 1622 2392 Koekius
1649 2349 1720 2391 Fr.
1740 2347 1866 2392 Com.

173 2406 269 2449 Att.
331 2405 351 2448 Ι
373 2420 418 2462 p.
438 2410 522 2450 501
547 2421 591 2449 n.
608 2411 691 2450 501
720 2408 881 2460 „aliud
899 2413 1080 2463 poetam
1101 2407 1392 2465 significasse,
1426 2408 1584 2451 vinum
1607 2408 1675 2452 vel
1698 2422 1867 2452 aurum

173 2467 242 2509 vel
272 2479 405 2509 casus
436 2465 675 2509 adversos“
708 2466 927 2522 opinatus
1049 2471 1074 2510 3
1108 2467 1252 2509 αὑτοῦ
1285 2466 1449 2522 scripsi
1482 2480 1537 2509 ex
1561 2468 1697 2511 APB
1710 2466 1874 2510 VaMo

173 2523 223 2566 in
263 2538 354 2580 quo
391 2522 400 2538 ³
441 2537 496 2567 ex
523 2521 535 2538 '
574 2539 675 2567 corr
766 2526 910 2569 αὐτοῦ
948 2525 1119 2580 reliqui
1158 2525 1269 2568 libri
1308 2525 1400 2568 edd.
1579 2531 1606 2568 4
1654 2522 1702 2568 δ’
1737 2525 1807 2568 Re

174 2587 199 2625 5
231 2582 463 2637 πατρώοις
493 2584 657 2628 ΙΒΜο
684 2585 690 2638 Ι
719 2583 838 2627 αὐτὰ
871 2583 922 2629 δέ
953 2601 1003 2642 γε
1037 2585 1081 2629 V
1225 2588 1249 2626 6
1288 2582 1592 2640 πεπραγμένα
1624 2585 1751 2628 BVa
1783 2583 1872 2626 sedi

174 2641 223 2683 in
254 2641 342 2685 hoc
373 2659 399 2699 y
431 2655 553 2696 eras,
593 2641 695 2686 Mor
734 2643 816 2698 qui
847 2642 1121 2700 πεπραμένα
1160 2642 1265 2686 coni
1447 2648 1469 2685 7
1517 2658 1565 2686 τε
1605 2656 1681 2685 om
1703 2643 1806 2686 Mor

174 2705 200 2743 8
249 2702 356 2756 post
388 2700 448 2757 μὴ
479 2714 554 2744 ras
587 2705 701 2743 2—3
733 2700 813 2744 litt
837 2704 868 2745 Ι
995 2707 1048 2746 12
1081 2703 1225 2746 αὐτοῦ
1259 2701 1335 2746 del
1368 2699 1567 2745 Cobetus
1601 2700 1819 2745 Con.125
1857 2701 1861 2759 Ι

175 2760 466 2815 καταφαγών
499 2758 665 2816 scripsi
698 2762 886 2805 auctore
916 2759 1089 2806 Cobeto
1151 2761 1317 2818 φαγών
1347 2759 1458 2803 libri
1483 2760 1573 2804 edd
1696 2765 1751 2804 14
1784 2760 1874 2803 αὐ-

173 2817 254 2861 τὸν
281 2819 367 2862 Mo
394 2817 495 2861 Mor
618 2824 671 2862 16
703 2819 784 2862 τὸν
809 2821 844 2863 Ι
959 2825 1012 2863 17
1046 2820 1183 2863 δώσει
1215 2820 1299 2864 Mo
1421 2823 1477 2862 20
1508 2826 1730 2862 τοσοῦτον
1761 2820 1808 2863 Β

175 2881 227 2919 21
264 2877 445 2934 βασιλεῖ
465 2876 567 2920 Mor
594 2878 599 2933 Ι
630 2874 697 2920 ὅτι
721 2877 789 2921 Re
853 2875 919 2921 ὅτ’
948 2878 1057 2922 libri
1081 2879 1184 2922 Mor
1210 2880 1216 2933 Ι
1244 2875 1456 2922 καλίππω
1479 2879 1516 2921 Ι
1570 2875 1774 2921 καλλίπω
1797 2877 1876 2933 17αέ
