<?xml version="1.0" encoding="UTF-8"?>
<!DOCTYPE html PUBLIC "-//W3C//DTD XHTML 1.0 Transitional//EN"
    "http://www.w3.org/TR/xhtml1/DTD/xhtml1-transitional.dtd">
<html xmlns="http://www.w3.org/1999/xhtml" xml:lang="en" lang="en">
 <head>
  <title>
</title>
<meta http-equiv="Content-Type" content="text/html;charset=utf-8" />
  <meta name='ocr-system' content='tesseract 3.04.00' />
  <meta name='ocr-capabilities' content='ocr_page ocr_carea ocr_par ocr_line ocrx_word'/>
</head>
<body>
  <div class='ocr_page' id='page_1' title='image "./operarecensuitri03libauoft_0299.png"; bbox 0 0 1992 3094; ppageno 0'>
   <div class='ocr_carea' id='block_1_1' title="bbox 460 130 1792 185">
    <p class='ocr_par' dir='ltr' id='par_1_1' title="bbox 460 130 1792 185">
     <span class='ocr_line' id='line_1_1' title="bbox 460 130 1792 185; baseline 0.009 -12"><span class='ocrx_word' id='word_1_1' title='bbox 460 131 687 175; x_wconf 89' lang='lat' dir='ltr'>LIBANII</span> <span class='ocrx_word' id='word_1_2' title='bbox 719 130 944 175; x_wconf 86' lang='lat' dir='ltr'><strong>ORATIO</strong></span> <span class='ocrx_word' id='word_1_3' title='bbox 977 130 1057 174; x_wconf 88' lang='lat' dir='ltr'><em>DE</em></span> <span class='ocrx_word' id='word_1_4' title='bbox 1089 130 1425 176; x_wconf 87' lang='lat' dir='ltr'>VENEFICIIS</span> <span class='ocrx_word' id='word_1_5' title='bbox 1684 132 1792 185; x_wconf 79' lang='grc'><em>229</em></span> 
     </span>
    </p>
   </div>
   <div class='ocr_carea' id='block_1_2' title="bbox 100 253 1885 2287">
    <p class='ocr_par' dir='ltr' id='par_1_2' title="bbox 100 253 1885 2287">
     <span class='ocr_line' id='line_1_2' title="bbox 106 253 1784 337; baseline -0.001 -15"><span class='ocrx_word' id='word_1_6' title='bbox 106 271 236 331; x_wconf 80' lang='grc' dir='ltr'><em>δων,</em></span> <span class='ocrx_word' id='word_1_7' title='bbox 275 277 391 330; x_wconf 91' lang='grc' dir='ltr'><em>τοῖς</em></span> <span class='ocrx_word' id='word_1_8' title='bbox 429 267 491 319; x_wconf 80' lang='grc' dir='ltr'><em>δὲ</em></span> <span class='ocrx_word' id='word_1_9' title='bbox 529 266 790 335; x_wconf 77' lang='grc' dir='ltr'><em>ἀδελφῶν</em></span> <span class='ocrx_word' id='word_1_10' title='bbox 829 266 1122 335; x_wconf 75' lang='grc' dir='ltr'><em>γεγένημαι</em></span> <span class='ocrx_word' id='word_1_11' title='bbox 1154 268 1447 337; x_wconf 81' lang='grc' dir='ltr'><em>ἡμερότητί</em></span> <span class='ocrx_word' id='word_1_12' title='bbox 1474 253 1530 320; x_wconf 84' lang='grc' dir='ltr'><em>τε</em></span> <span class='ocrx_word' id='word_1_13' title='bbox 1562 275 1626 337; x_wconf 82' lang='grc' dir='ltr'><em>τῇ</em></span> <span class='ocrx_word' id='word_1_14' title='bbox 1658 266 1784 320; x_wconf 88' lang='grc' dir='ltr'><em>καθ’</em></span> 
     </span>
     <span class='ocr_line' id='line_1_3' title="bbox 105 354 1795 424; baseline -0.001 -14"><span class='ocrx_word' id='word_1_15' title='bbox 105 357 337 424; x_wconf 83' lang='grc' dir='ltr'><em>ἑκάστην</em></span> <span class='ocrx_word' id='word_1_16' title='bbox 384 355 590 424; x_wconf 78' lang='grc' dir='ltr'><em>ἡμέραν</em></span> <span class='ocrx_word' id='word_1_17' title='bbox 642 354 733 408; x_wconf 87' lang='grc' dir='ltr'><em>καὶ</em></span> <span class='ocrx_word' id='word_1_18' title='bbox 787 358 1076 424; x_wconf 80' lang='grc' dir='ltr'><em>βοηθείαις</em></span> <span class='ocrx_word' id='word_1_19' title='bbox 1131 359 1359 418; x_wconf 88' lang='grc' dir='ltr'><em>πολλαῖς</em></span> <span class='ocrx_word' id='word_1_20' title='bbox 1414 358 1470 409; x_wconf 83' lang='grc' dir='ltr'><em>αἲ</em></span> <span class='ocrx_word' id='word_1_21' title='bbox 1523 356 1795 423; x_wconf 81' lang='grc' dir='ltr'><em>μεγάλους</em></span> 
     </span>
     <span class='ocr_line' id='line_1_4' title="bbox 100 440 1795 513; baseline -0.001 -15"><span class='ocrx_word' id='word_1_22' title='bbox 100 446 289 507; x_wconf 82' lang='grc' dir='ltr'><em>αὐτοῖς</em></span> <span class='ocrx_word' id='word_1_23' title='bbox 327 444 626 506; x_wconf 78' lang='grc' dir='ltr'><em>κινδύνους</em></span> <span class='ocrx_word' id='word_1_24' title='bbox 665 444 974 497; x_wconf 81' lang='grc' dir='ltr'><em>λελύκασιν.</em></span> <span class='ocrx_word' id='word_1_25' title='bbox 1053 444 1190 497; x_wconf 80' lang='grc' dir='ltr'><em>ὅσον</em></span> <span class='ocrx_word' id='word_1_26' title='bbox 1228 464 1285 497; x_wconf 84' lang='grc' dir='ltr'><em>τε</em></span> <span class='ocrx_word' id='word_1_27' title='bbox 1324 440 1395 513; x_wconf 81' lang='grc' dir='ltr'><em>ἧν</em></span> <span class='ocrx_word' id='word_1_28' title='bbox 1434 443 1496 498; x_wconf 82' lang='grc' dir='ltr'><em>ἐν</em></span> <span class='ocrx_word' id='word_1_29' title='bbox 1541 454 1659 507; x_wconf 89' lang='grc' dir='ltr'><em>ταῖς</em></span> <span class='ocrx_word' id='word_1_30' title='bbox 1698 448 1795 513; x_wconf 91' lang='grc' dir='ltr'><em>βα-</em></span> 
     </span>
     <span class='ocr_line' id='line_1_5' title="bbox 105 532 1794 603; baseline 0 -17"><span class='ocrx_word' id='word_1_31' title='bbox 105 537 275 603; x_wconf 80' lang='grc' dir='ltr'><em>ρείαις</em></span> <span class='ocrx_word' id='word_1_32' title='bbox 334 533 557 595; x_wconf 81' lang='grc' dir='ltr'><em>ταύταις</em></span> <span class='ocrx_word' id='word_1_33' title='bbox 618 532 929 601; x_wconf 79' lang='grc' dir='ltr'><em>εἰσπράξεσι</em></span> <span class='ocrx_word' id='word_1_34' title='bbox 990 535 1094 603; x_wconf 81' lang='grc' dir='ltr'><em>βοῇ</em></span> <span class='ocrx_word' id='word_1_35' title='bbox 1157 553 1215 586; x_wconf 91' lang='grc' dir='ltr'><em>τε</em></span> <span class='ocrx_word' id='word_1_36' title='bbox 1277 534 1367 586; x_wconf 87' lang='grc' dir='ltr'><em>καὶ</em></span> <span class='ocrx_word' id='word_1_37' title='bbox 1430 533 1794 602; x_wconf 83' lang='grc' dir='ltr'><em>ἀγανακτήσει</em></span> 
     </span>
     <span class='ocr_line' id='line_1_6' title="bbox 103 619 1861 691; baseline 0.001 -18"><span class='ocrx_word' id='word_1_38' title='bbox 103 621 381 690; x_wconf 76' lang='grc' dir='ltr'><em>γενέσθαι,</em></span> <span class='ocrx_word' id='word_1_39' title='bbox 419 619 545 690; x_wconf 84' lang='grc' dir='ltr'><em>παρ’</em></span> <span class='ocrx_word' id='word_1_40' title='bbox 570 619 713 690; x_wconf 73' lang='grc' dir='ltr'><em>ἐ’μοῦ</em></span> <span class='ocrx_word' id='word_1_41' title='bbox 754 621 1039 690; x_wconf 90' lang='grc' dir='ltr'><em>γεγένηται</em></span> <span class='ocrx_word' id='word_1_42' title='bbox 1077 625 1286 690; x_wconf 86' lang='grc' dir='ltr'><em>πληγαί</em></span> <span class='ocrx_word' id='word_1_43' title='bbox 1319 642 1377 675; x_wconf 91' lang='grc' dir='ltr'><em>τε</em></span> <span class='ocrx_word' id='word_1_44' title='bbox 1419 622 1791 691; x_wconf 82' lang='grc' dir='ltr'><em>ἰσχυροτέρων</em></span> <span class='ocrx_word' id='word_1_45' title='bbox 1840 645 1861 676; x_wconf 79' lang='lat'>5</span> 
     </span>
     <span class='ocr_line' id='line_1_7' title="bbox 104 709 1794 780; baseline 0.001 -18"><span class='ocrx_word' id='word_1_46' title='bbox 104 713 180 772; x_wconf 81' lang='grc' dir='ltr'><em>εἰς</em></span> <span class='ocrx_word' id='word_1_47' title='bbox 219 709 652 777; x_wconf 78' lang='grc' dir='ltr'><em>ἀσθενεστέρους</em></span> <span class='ocrx_word' id='word_1_48' title='bbox 687 711 1023 763; x_wconf 84' lang='grc' dir='ltr'><em>κεκώλυνται</em></span> <span class='ocrx_word' id='word_1_49' title='bbox 1054 710 1498 780; x_wconf 79' lang='grc' dir='ltr'><em>μισθωσαμένων</em></span> <span class='ocrx_word' id='word_1_50' title='bbox 1527 731 1585 764; x_wconf 89' lang='grc' dir='ltr'><em>τε</em></span> <span class='ocrx_word' id='word_1_51' title='bbox 1618 710 1794 779; x_wconf 91' lang='grc' dir='ltr'><em>ἀγνω-</em></span> 
     </span>
     <span class='ocr_line' id='line_1_8' title="bbox 102 797 1798 872; baseline 0.002 -22"><span class='ocrx_word' id='word_1_52' title='bbox 102 799 337 867; x_wconf 91' lang='grc' dir='ltr'><em>μοσύναι</em></span> <span class='ocrx_word' id='word_1_53' title='bbox 385 800 520 851; x_wconf 80' lang='grc' dir='ltr'><em>κατὰ</em></span> <span class='ocrx_word' id='word_1_54' title='bbox 566 808 679 852; x_wconf 86' lang='grc' dir='ltr'><em>τῶν</em></span> <span class='ocrx_word' id='word_1_55' title='bbox 725 799 929 862; x_wconf 80' lang='grc' dir='ltr'><em>αὑτοὺς</em></span> <span class='ocrx_word' id='word_1_56' title='bbox 974 801 1424 868; x_wconf 75' lang='grc' dir='ltr'><em>μεμισθωκότων,</em></span> <span class='ocrx_word' id='word_1_57' title='bbox 1473 797 1598 853; x_wconf 80' lang='grc' dir='ltr'><em>ὥστ’</em></span> <span class='ocrx_word' id='word_1_58' title='bbox 1632 805 1687 853; x_wconf 75' lang='grc' dir='ltr'><em>εἴ</em></span> <span class='ocrx_word' id='word_1_59' title='bbox 1719 820 1798 872; x_wconf 78' lang='grc' dir='ltr'><em>τῳ</em></span> 
     </span>
     <span class='ocr_line' id='line_1_9' title="bbox 103 887 1798 957; baseline 0.001 -18"><span class='ocrx_word' id='word_1_60' title='bbox 103 887 314 940; x_wconf 90' lang='grc' dir='ltr'><em>τούτων</em></span> <span class='ocrx_word' id='word_1_61' title='bbox 345 907 396 939; x_wconf 87' lang='grc' dir='ltr'><em>τι</em></span> <span class='ocrx_word' id='word_1_62' title='bbox 427 895 687 941; x_wconf 89' lang='grc' dir='ltr'><em>τοιοῦτον</em></span> <span class='ocrx_word' id='word_1_63' title='bbox 717 890 1037 956; x_wconf 81' lang='grc' dir='ltr'><em>τετόλμηται</em></span> <span class='ocrx_word' id='word_1_64' title='bbox 1072 889 1209 940; x_wconf 81' lang='grc' dir='ltr'><em>κατὰ</em></span> <span class='ocrx_word' id='word_1_65' title='bbox 1240 896 1336 956; x_wconf 79' lang='grc' dir='ltr'><em>τῆς</em></span> <span class='ocrx_word' id='word_1_66' title='bbox 1375 888 1504 957; x_wconf 82' lang='grc' dir='ltr'><em>ἐμῆς</em></span> <span class='ocrx_word' id='word_1_67' title='bbox 1534 892 1798 957; x_wconf 73' lang='grc' dir='ltr'><em>κεφαλῆς,</em></span> 
     </span>
     <span class='ocr_line' id='line_1_10' title="bbox 103 973 1794 1049; baseline 0.001 -22"><span class='ocrx_word' id='word_1_68' title='bbox 103 976 376 1044; x_wconf 81' lang='grc' dir='ltr'><em>ἠδίκημαι.</em></span> <span class='ocrx_word' id='word_1_69' title='bbox 453 975 501 1028; x_wconf 79' lang='lat'><em>5.</em></span> <span class='ocrx_word' id='word_1_70' title='bbox 556 977 818 1045; x_wconf 82' lang='grc' dir='ltr'><em>ἠδίκημαι</em></span> <span class='ocrx_word' id='word_1_71' title='bbox 859 973 919 1029; x_wconf 75' lang='grc' dir='ltr'><em>δὲ</em></span> <span class='ocrx_word' id='word_1_72' title='bbox 958 977 1047 1029; x_wconf 82' lang='grc' dir='ltr'><em>καὶ</em></span> <span class='ocrx_word' id='word_1_73' title='bbox 1089 978 1135 1028; x_wconf 88' lang='grc' dir='ltr'><em>εἰ</em></span> <span class='ocrx_word' id='word_1_74' title='bbox 1175 986 1287 1030; x_wconf 85' lang='grc' dir='ltr'><em>τῶν</em></span> <span class='ocrx_word' id='word_1_75' title='bbox 1333 997 1416 1039; x_wconf 86' lang='grc' dir='ltr'><em>τις</em></span> <span class='ocrx_word' id='word_1_76' title='bbox 1456 976 1517 1030; x_wconf 85' lang='grc' dir='ltr'><em>ἐν</em></span> <span class='ocrx_word' id='word_1_77' title='bbox 1554 983 1630 1049; x_wconf 78' lang='grc' dir='ltr'><em>τῷ</em></span> <span class='ocrx_word' id='word_1_78' title='bbox 1664 979 1794 1045; x_wconf 81' lang='grc' dir='ltr'><em>βου-</em></span> 
     </span>
     <span class='ocr_line' id='line_1_11' title="bbox 103 1062 1863 1135; baseline 0.001 -18"><span class='ocrx_word' id='word_1_79' title='bbox 103 1065 286 1117; x_wconf 90' lang='grc' dir='ltr'><em>λεύειν</em></span> <span class='ocrx_word' id='word_1_80' title='bbox 323 1066 502 1117; x_wconf 81' lang='grc' dir='ltr'><em>ὄντων</em></span> <span class='ocrx_word' id='word_1_81' title='bbox 540 1062 838 1135; x_wconf 73' lang='grc' dir='ltr'><em>ἐπὶτοῦτο</em></span> <span class='ocrx_word' id='word_1_82' title='bbox 885 1062 996 1134; x_wconf 83' lang='grc' dir='ltr'><em>ἧκε.</em></span> <span class='ocrx_word' id='word_1_83' title='bbox 1071 1067 1154 1128; x_wconf 90' lang='grc' dir='ltr'><em>τίς</em></span> <span class='ocrx_word' id='word_1_84' title='bbox 1208 1066 1311 1134; x_wconf 83' lang='grc' dir='ltr'><em>γὰρ</em></span> <span class='ocrx_word' id='word_1_85' title='bbox 1367 1075 1480 1118; x_wconf 84' lang='grc' dir='ltr'><em>τῶν</em></span> <span class='ocrx_word' id='word_1_86' title='bbox 1533 1066 1792 1119; x_wconf 83' lang='grc' dir='ltr'><em>ἁπάντων</em></span> <span class='ocrx_word' id='word_1_87' title='bbox 1820 1089 1863 1120; x_wconf 69' lang='grc' dir='ltr'><em>ιο</em></span> 
     </span>
     <span class='ocr_line' id='line_1_12' title="bbox 104 1146 1795 1223; baseline 0.002 -19"><span class='ocrx_word' id='word_1_88' title='bbox 104 1153 203 1206; x_wconf 88' lang='grc' dir='ltr'><em>οὐκ</em></span> <span class='ocrx_word' id='word_1_89' title='bbox 236 1147 405 1221; x_wconf 76' lang='grc' dir='ltr'><em>οἶδεν,</em></span> <span class='ocrx_word' id='word_1_90' title='bbox 446 1146 536 1206; x_wconf 82' lang='grc' dir='ltr'><em>οἶά</em></span> <span class='ocrx_word' id='word_1_91' title='bbox 566 1174 660 1222; x_wconf 92' lang='grc' dir='ltr'><em>μοι</em></span> <span class='ocrx_word' id='word_1_92' title='bbox 691 1155 838 1222; x_wconf 80' lang='grc' dir='ltr'><em>παρὰ</em></span> <span class='ocrx_word' id='word_1_93' title='bbox 868 1154 1046 1207; x_wconf 88' lang='grc' dir='ltr'><em>πάντα</em></span> <span class='ocrx_word' id='word_1_94' title='bbox 1077 1155 1176 1207; x_wconf 89' lang='grc' dir='ltr'><em>τὸν</em></span> <span class='ocrx_word' id='word_1_95' title='bbox 1207 1156 1414 1223; x_wconf 88' lang='grc' dir='ltr'><em>χρόνον</em></span> <span class='ocrx_word' id='word_1_96' title='bbox 1451 1151 1591 1223; x_wconf 75' lang='grc' dir='ltr'><em>ὑπὲρ</em></span> <span class='ocrx_word' id='word_1_97' title='bbox 1627 1156 1795 1223; x_wconf 79' lang='grc' dir='ltr'><em>τῆσδε</em></span> 
     </span>
     <span class='ocr_line' id='line_1_13' title="bbox 103 1240 1796 1314; baseline 0.001 -20"><span class='ocrx_word' id='word_1_98' title='bbox 103 1250 197 1310; x_wconf 83' lang='grc' dir='ltr'><em>τῆς</em></span> <span class='ocrx_word' id='word_1_99' title='bbox 250 1245 455 1311; x_wconf 82' lang='grc' dir='ltr'><em>βουλῆς</em></span> <span class='ocrx_word' id='word_1_100' title='bbox 504 1244 570 1295; x_wconf 80' lang='grc' dir='ltr'><em>τὰ</em></span> <span class='ocrx_word' id='word_1_101' title='bbox 623 1243 726 1312; x_wconf 81' lang='grc' dir='ltr'><em>μὲν</em></span> <span class='ocrx_word' id='word_1_102' title='bbox 780 1247 1015 1313; x_wconf 70' lang='grc' dir='ltr'><em>εἴρηται,</em></span> <span class='ocrx_word' id='word_1_103' title='bbox 1069 1244 1135 1296; x_wconf 83' lang='grc' dir='ltr'><em>τὰ</em></span> <span class='ocrx_word' id='word_1_104' title='bbox 1190 1240 1249 1296; x_wconf 76' lang='grc' dir='ltr'><em>δὲ</em></span> <span class='ocrx_word' id='word_1_105' title='bbox 1302 1242 1605 1313; x_wconf 84' lang='grc' dir='ltr'><em>πέπρακται</em></span> <span class='ocrx_word' id='word_1_106' title='bbox 1658 1245 1796 1314; x_wconf 86' lang='grc' dir='ltr'><em>πρὸς</em></span> 
     </span>
     <span class='ocr_line' id='line_1_14' title="bbox 104 1329 1796 1400; baseline 0.001 -17"><span class='ocrx_word' id='word_1_107' title='bbox 104 1334 232 1393; x_wconf 86' lang='grc' dir='ltr'><em>τοὺς</em></span> <span class='ocrx_word' id='word_1_108' title='bbox 268 1333 338 1384; x_wconf 38' lang='grc' dir='ltr'><em>,τὸ</em></span> <span class='ocrx_word' id='word_1_109' title='bbox 387 1329 556 1393; x_wconf 80' lang='grc' dir='ltr'><em>ἔθνος</em></span> <span class='ocrx_word' id='word_1_110' title='bbox 601 1332 861 1400; x_wconf 78' lang='grc' dir='ltr'><em>ἄγοντας,</em></span> <span class='ocrx_word' id='word_1_111' title='bbox 916 1333 1055 1399; x_wconf 86' lang='grc' dir='ltr'><em>πρὸς</em></span> <span class='ocrx_word' id='word_1_112' title='bbox 1101 1334 1231 1394; x_wconf 86' lang='grc' dir='ltr'><em>τοὺς</em></span> <span class='ocrx_word' id='word_1_113' title='bbox 1276 1334 1527 1385; x_wconf 85' lang='grc' dir='ltr'><em>πλείοσιν</em></span> <span class='ocrx_word' id='word_1_114' title='bbox 1567 1330 1796 1384; x_wconf 79' lang='grc' dir='ltr'><em>ἔθνεσιν</em></span> 
     </span>
     <span class='ocr_line' id='line_1_15' title="bbox 104 1417 1796 1491; baseline 0.001 -19"><span class='ocrx_word' id='word_1_115' title='bbox 104 1417 489 1488; x_wconf 72' lang='grc' dir='ltr'><em>ἐφεστηκότας,</em></span> <span class='ocrx_word' id='word_1_116' title='bbox 542 1420 683 1488; x_wconf 84' lang='grc' dir='ltr'><em>πρὸς</em></span> <span class='ocrx_word' id='word_1_117' title='bbox 736 1420 999 1489; x_wconf 81' lang='grc' dir='ltr'><em>ὑπάρχων</em></span> <span class='ocrx_word' id='word_1_118' title='bbox 1053 1420 1340 1489; x_wconf 76' lang='grc' dir='ltr'><em>δυνάμεις,</em></span> <span class='ocrx_word' id='word_1_119' title='bbox 1401 1422 1540 1491; x_wconf 88' lang='grc' dir='ltr'><em>πρὸς</em></span> <span class='ocrx_word' id='word_1_120' title='bbox 1592 1420 1796 1482; x_wconf 86' lang='grc' dir='ltr'><em>αὐτοὺς</em></span> 
     </span>
     <span class='ocr_line' id='line_1_16' title="bbox 104 1509 1862 1579; baseline 0.002 -19"><span class='ocrx_word' id='word_1_121' title='bbox 104 1510 231 1571; x_wconf 87' lang='grc' dir='ltr'><em>τοὺς</em></span> <span class='ocrx_word' id='word_1_122' title='bbox 270 1509 528 1561; x_wconf 79' lang='grc' dir='ltr'><em>ἁπάντων</em></span> <span class='ocrx_word' id='word_1_123' title='bbox 558 1510 809 1579; x_wconf 87' lang='grc' dir='ltr'><em>κυρίους;</em></span> <span class='ocrx_word' id='word_1_124' title='bbox 849 1509 950 1562; x_wconf 93' lang='grc' dir='ltr'><em>τὸν</em></span> <span class='ocrx_word' id='word_1_125' title='bbox 980 1517 1181 1578; x_wconf 83' lang='grc' dir='ltr'><em>συνεχῆ</em></span> <span class='ocrx_word' id='word_1_126' title='bbox 1222 1509 1283 1562; x_wconf 79' lang='grc' dir='ltr'><em>δὲ</em></span> <span class='ocrx_word' id='word_1_127' title='bbox 1314 1517 1516 1562; x_wconf 88' lang='grc' dir='ltr'><em>τοῦτον</em></span> <span class='ocrx_word' id='word_1_128' title='bbox 1553 1511 1795 1578; x_wconf 83' lang='grc' dir='ltr'><em>πόλεμον</em></span> <span class='ocrx_word' id='word_1_129' title='bbox 1822 1518 1862 1564; x_wconf 79' lang='lat'><em>1‘5</em></span> 
     </span>
     <span class='ocr_line' id='line_1_17' title="bbox 104 1596 1795 1667; baseline 0.001 -18"><span class='ocrx_word' id='word_1_130' title='bbox 104 1599 184 1659; x_wconf 86' lang='grc' dir='ltr'><em>τίς</em></span> <span class='ocrx_word' id='word_1_131' title='bbox 230 1597 420 1666; x_wconf 89' lang='grc' dir='ltr'><em>ἀγνοεῖ</em></span> <span class='ocrx_word' id='word_1_132' title='bbox 471 1598 610 1667; x_wconf 85' lang='grc' dir='ltr'><em>πρὸς</em></span> <span class='ocrx_word' id='word_1_133' title='bbox 662 1599 793 1660; x_wconf 86' lang='grc' dir='ltr'><em>τοὺς</em></span> <span class='ocrx_word' id='word_1_134' title='bbox 847 1596 908 1650; x_wconf 82' lang='grc' dir='ltr'><em>ἐν</em></span> <span class='ocrx_word' id='word_1_135' title='bbox 960 1597 1152 1667; x_wconf 85' lang='grc' dir='ltr'><em>ἀρχαῖς</em></span> <span class='ocrx_word' id='word_1_136' title='bbox 1204 1597 1603 1667; x_wconf 87' lang='grc' dir='ltr'><em>γεγενημένους</em></span> <span class='ocrx_word' id='word_1_137' title='bbox 1656 1597 1795 1667; x_wconf 81' lang='grc' dir='ltr'><em>ὑπὲρ</em></span> 
     </span>
     <span class='ocr_line' id='line_1_18' title="bbox 104 1686 1797 1755; baseline 0.001 -17"><span class='ocrx_word' id='word_1_138' title='bbox 104 1694 197 1754; x_wconf 85' lang='grc' dir='ltr'><em>τῆς</em></span> <span class='ocrx_word' id='word_1_139' title='bbox 234 1687 440 1754; x_wconf 82' lang='grc' dir='ltr'><em>βουλῆς</em></span> <span class='ocrx_word' id='word_1_140' title='bbox 479 1687 919 1755; x_wconf 85' lang='grc' dir='ltr'><em>πολεμούμενον;</em></span> <span class='ocrx_word' id='word_1_141' title='bbox 971 1689 1030 1739; x_wconf 83' lang='grc' dir='ltr'><em>οἳ</em></span> <span class='ocrx_word' id='word_1_142' title='bbox 1064 1686 1130 1739; x_wconf 90' lang='grc' dir='ltr'><em>τά</em></span> <span class='ocrx_word' id='word_1_143' title='bbox 1176 1706 1234 1739; x_wconf 86' lang='grc' dir='ltr'><em>τε</em></span> <span class='ocrx_word' id='word_1_144' title='bbox 1281 1686 1466 1754; x_wconf 82' lang='grc' dir='ltr'><em>ἀγαθὰ</em></span> <span class='ocrx_word' id='word_1_145' title='bbox 1513 1688 1580 1739; x_wconf 79' lang='grc' dir='ltr'><em>τὰ</em></span> <span class='ocrx_word' id='word_1_146' title='bbox 1627 1686 1797 1755; x_wconf 82' lang='grc' dir='ltr'><em>αὐτῆς</em></span> 
     </span>
     <span class='ocr_line' id='line_1_19' title="bbox 106 1774 1796 1843; baseline 0.001 -16"><span class='ocrx_word' id='word_1_147' title='bbox 106 1784 264 1842; x_wconf 83' lang='grc' dir='ltr'><em>σφῶν</em></span> <span class='ocrx_word' id='word_1_148' title='bbox 303 1774 486 1827; x_wconf 82' lang='grc' dir='ltr'><em>αὐτῶν</em></span> <span class='ocrx_word' id='word_1_149' title='bbox 535 1774 804 1843; x_wconf 82' lang='grc' dir='ltr'><em>ἡγοῦνται</em></span> <span class='ocrx_word' id='word_1_150' title='bbox 850 1776 1013 1843; x_wconf 75' lang='grc' dir='ltr'><em>κακά,</em></span> <span class='ocrx_word' id='word_1_151' title='bbox 1067 1776 1132 1827; x_wconf 82' lang='grc' dir='ltr'><em>τὰ</em></span> <span class='ocrx_word' id='word_1_152' title='bbox 1178 1776 1316 1828; x_wconf 80' lang='grc' dir='ltr'><em>κακὰ</em></span> <span class='ocrx_word' id='word_1_153' title='bbox 1365 1775 1426 1828; x_wconf 81' lang='grc' dir='ltr'><em>δὲ</em></span> <span class='ocrx_word' id='word_1_154' title='bbox 1473 1774 1658 1842; x_wconf 82' lang='grc' dir='ltr'><em>ἀγαθὰ</em></span> <span class='ocrx_word' id='word_1_155' title='bbox 1705 1776 1796 1828; x_wconf 83' lang='grc' dir='ltr'><em>καὶ</em></span> 
     </span>
     <span class='ocr_line' id='line_1_20' title="bbox 106 1864 1796 1932; baseline 0.001 -17"><span class='ocrx_word' id='word_1_156' title='bbox 106 1865 392 1932; x_wconf 86' lang='grc' dir='ltr'><em>γενόμενοι</em></span> <span class='ocrx_word' id='word_1_157' title='bbox 455 1865 829 1932; x_wconf 87' lang='grc' dir='ltr'><em>στρατόπεδον</em></span> <span class='ocrx_word' id='word_1_158' title='bbox 889 1865 1212 1931; x_wconf 76' lang='grc' dir='ltr'><em>βάλλουσιν,</em></span> <span class='ocrx_word' id='word_1_159' title='bbox 1275 1864 1556 1932; x_wconf 79' lang='grc' dir='ltr'><em>ἅπτονται,</em></span> <span class='ocrx_word' id='word_1_160' title='bbox 1617 1873 1796 1926; x_wconf 85' lang='grc' dir='ltr'><em>κακῶς</em></span> 
     </span>
     <span class='ocr_line' id='line_1_21' title="bbox 105 1948 1885 2023; baseline 0.003 -19"><span class='ocrx_word' id='word_1_161' title='bbox 105 1959 212 2005; x_wconf 90' lang='grc' dir='ltr'><em>νῦν</em></span> <span class='ocrx_word' id='word_1_162' title='bbox 249 1948 351 2020; x_wconf 77' lang='grc' dir='ltr'><em>μὲν</em></span> <span class='ocrx_word' id='word_1_163' title='bbox 390 1951 630 2021; x_wconf 86' lang='grc' dir='ltr'><em>λέγουσι,</em></span> <span class='ocrx_word' id='word_1_164' title='bbox 688 1951 694 2023; x_wconf 82' lang='grc' dir='ltr'>Ι</span> <span class='ocrx_word' id='word_1_165' title='bbox 751 1960 859 2006; x_wconf 86' lang='grc' dir='ltr'><em>νῦν</em></span> <span class='ocrx_word' id='word_1_166' title='bbox 910 1949 971 2005; x_wconf 75' lang='grc' dir='ltr'><em>δὲ</em></span> <span class='ocrx_word' id='word_1_167' title='bbox 1009 1959 1249 2006; x_wconf 88' lang='grc' dir='ltr'><em>ποιοῦσι.</em></span> <span class='ocrx_word' id='word_1_168' title='bbox 1324 1954 1502 2006; x_wconf 85' lang='grc' dir='ltr'><em>καίτοι</em></span> <span class='ocrx_word' id='word_1_169' title='bbox 1553 1954 1617 2005; x_wconf 87' lang='grc' dir='ltr'><em>τὰ</em></span> <span class='ocrx_word' id='word_1_170' title='bbox 1671 1964 1774 2009; x_wconf 89' lang='lat' dir='ltr'><em>RII</em></span> <span class='ocrx_word' id='word_1_171' title='bbox 1795 1971 1885 2009; x_wconf 85' lang='lat'><em>310</em></span> 
     </span>
     <span class='ocr_line' id='line_1_22' title="bbox 106 2037 1860 2111; baseline 0.002 -19"><span class='ocrx_word' id='word_1_172' title='bbox 106 2042 280 2093; x_wconf 83' lang='grc' dir='ltr'><em>πολλὰ</em></span> <span class='ocrx_word' id='word_1_173' title='bbox 316 2050 428 2093; x_wconf 85' lang='grc' dir='ltr'><em>τῶν</em></span> <span class='ocrx_word' id='word_1_174' title='bbox 466 2042 665 2109; x_wconf 87' lang='grc' dir='ltr'><em>ταύτης</em></span> <span class='ocrx_word' id='word_1_175' title='bbox 704 2043 936 2110; x_wconf 77' lang='grc' dir='ltr'><em>ἔχοντες,</em></span> <span class='ocrx_word' id='word_1_176' title='bbox 975 2042 1036 2094; x_wconf 90' lang='grc' dir='ltr'><em>τὸ</em></span> <span class='ocrx_word' id='word_1_177' title='bbox 1070 2037 1131 2093; x_wconf 76' lang='grc' dir='ltr'><em>δὲ</em></span> <span class='ocrx_word' id='word_1_178' title='bbox 1164 2041 1326 2108; x_wconf 79' lang='grc' dir='ltr'><em>ὅπως,</em></span> <span class='ocrx_word' id='word_1_179' title='bbox 1367 2049 1474 2094; x_wconf 89' lang='grc' dir='ltr'><em>νῦν</em></span> <span class='ocrx_word' id='word_1_180' title='bbox 1506 2042 1571 2095; x_wconf 87' lang='grc' dir='ltr'><em>οὐ</em></span> <span class='ocrx_word' id='word_1_181' title='bbox 1604 2042 1794 2111; x_wconf 89' lang='grc' dir='ltr'><em>καιρὸς</em></span> <span class='ocrx_word' id='word_1_182' title='bbox 1820 2065 1860 2095; x_wconf 84' lang='lat'><em>21</em></span> 
     </span>
     <span class='ocr_line' id='line_1_23' title="bbox 109 2125 1798 2199; baseline 0.001 -18"><span class='ocrx_word' id='word_1_183' title='bbox 109 2127 303 2196; x_wconf 83' lang='grc' dir='ltr'><em>λέγειν,</em></span> <span class='ocrx_word' id='word_1_184' title='bbox 344 2129 428 2181; x_wconf 82' lang='grc' dir='ltr'><em>ὅτι</em></span> <span class='ocrx_word' id='word_1_185' title='bbox 466 2131 539 2198; x_wconf 87' lang='grc' dir='ltr'><em>μὴ</em></span> <span class='ocrx_word' id='word_1_186' title='bbox 574 2131 771 2196; x_wconf 80' lang='grc' dir='ltr'><em>πάντα,</em></span> <span class='ocrx_word' id='word_1_187' title='bbox 811 2129 1232 2199; x_wconf 85' lang='grc' dir='ltr'><em>ἀγανακτοῦσιν.</em></span> <span class='ocrx_word' id='word_1_188' title='bbox 1311 2129 1357 2182; x_wconf 87' lang='grc'><em>6.</em></span> <span class='ocrx_word' id='word_1_189' title='bbox 1400 2125 1554 2183; x_wconf 86' lang='grc' dir='ltr'><em>οὗτοι</em></span> <span class='ocrx_word' id='word_1_190' title='bbox 1595 2133 1653 2182; x_wconf 92' lang='grc' dir='ltr'><em>τί</em></span> <span class='ocrx_word' id='word_1_191' title='bbox 1686 2139 1798 2184; x_wconf 84' lang='grc' dir='ltr'><em>τῶν</em></span> 
     </span>
     <span class='ocr_line' id='line_1_24' title="bbox 107 2217 1813 2287; baseline 0.002 -18"><span class='ocrx_word' id='word_1_192' title='bbox 107 2218 328 2270; x_wconf 89' lang='grc' dir='ltr'><em>πάντων</em></span> <span class='ocrx_word' id='word_1_193' title='bbox 378 2219 479 2271; x_wconf 85' lang='grc' dir='ltr'><em>οὐκ</em></span> <span class='ocrx_word' id='word_1_194' title='bbox 527 2217 787 2287; x_wconf 84' lang='grc' dir='ltr'><em>ἐκίνησαν</em></span> <span class='ocrx_word' id='word_1_195' title='bbox 831 2228 944 2271; x_wconf 87' lang='grc' dir='ltr'><em>τῶν</em></span> <span class='ocrx_word' id='word_1_196' title='bbox 989 2218 1091 2285; x_wconf 84' lang='grc' dir='ltr'><em>μὲν</em></span> <span class='ocrx_word' id='word_1_197' title='bbox 1138 2218 1447 2286; x_wconf 80' lang='grc' dir='ltr'><em>ἀποστῆσαί</em></span> <span class='ocrx_word' id='word_1_198' title='bbox 1487 2237 1553 2286; x_wconf 89' lang='grc' dir='ltr'><em>με</em></span> <span class='ocrx_word' id='word_1_199' title='bbox 1598 2220 1813 2286; x_wconf 40' lang='grc' dir='ltr'><em>βουλόη</em></span> 
     </span>
    </p>
   </div>
   <div class='ocr_carea' id='block_1_3' title="bbox 227 2415 751 2470">
    <p class='ocr_par' dir='ltr' id='par_1_3' title="bbox 227 2415 751 2470">
     <span class='ocr_line' id='line_1_25' title="bbox 227 2415 751 2470; baseline 0 -12"><span class='ocrx_word' id='word_1_200' title='bbox 227 2420 252 2458; x_wconf 81' lang='grc'>6</span> <span class='ocrx_word' id='word_1_201' title='bbox 287 2415 398 2459; x_wconf 84' lang='lat' dir='ltr'>Xen.</span> <span class='ocrx_word' id='word_1_202' title='bbox 428 2416 572 2460; x_wconf 83' lang='lat' dir='ltr'><strong>Anah.</strong></span> <span class='ocrx_word' id='word_1_203' title='bbox 599 2416 640 2459; x_wconf 85' lang='lat'><em>11</em></span> <span class='ocrx_word' id='word_1_204' title='bbox 666 2423 706 2470; x_wconf 76' lang='grc' dir='ltr'><em>ὃ,</em></span> <span class='ocrx_word' id='word_1_205' title='bbox 726 2420 751 2458; x_wconf 85' lang='grc'><strong>6</strong></span> 
     </span>
    </p>
   </div>
   <div class='ocr_carea' id='block_1_4' title="bbox 268 2524 459 2528">
    <p class='ocr_par' dir='ltr' id='par_1_4' title="bbox 268 2524 459 2528">
     <span class='ocr_line' id='line_1_26' title="bbox 268 2524 459 2528; baseline 0 0"><span class='ocrx_word' id='word_1_206' title='bbox 268 2524 459 2528; x_wconf 95' lang='lat' dir='ltr'><em> </em></span> 
     </span>
    </p>
   </div>
   <div class='ocr_carea' id='block_1_5' title="bbox 108 2599 1796 2990">
    <p class='ocr_par' dir='ltr' id='par_1_5' title="bbox 108 2599 1796 2990">
     <span class='ocr_line' id='line_1_27' title="bbox 230 2599 1795 2702; baseline 0.001 -60"><span class='ocrx_word' id='word_1_207' title='bbox 230 2605 250 2642; x_wconf 93' lang='grc'>1</span> <span class='ocrx_word' id='word_1_208' title='bbox 286 2615 333 2643; x_wconf 88' lang='grc' dir='ltr'><em>τε</em></span> <span class='ocrx_word' id='word_1_209' title='bbox 366 2614 441 2643; x_wconf 88' lang='lat' dir='ltr'><em>om</em></span> <span class='ocrx_word' id='word_1_210' title='bbox 475 2602 511 2645; x_wconf 86' lang='lat' dir='ltr'><em>V</em></span> <span class='ocrx_word' id='word_1_211' title='bbox 632 2607 656 2643; x_wconf 83' lang='lat'>2</span> <span class='ocrx_word' id='word_1_212' title='bbox 692 2599 839 2656; x_wconf 82' lang='grc' dir='ltr'><em>ἡμέρα</em></span> <span class='ocrx_word' id='word_1_213' title='bbox 875 2601 913 2645; x_wconf 85' lang='lat' dir='ltr'><em>C</em></span> <span class='ocrx_word' id='word_1_214' title='bbox 1031 2604 1053 2642; x_wconf 85' lang='lat'>7</span> <span class='ocrx_word' id='word_1_215' title='bbox 1087 2599 1244 2702; x_wconf 40' lang='lat' dir='ltr'><em>namq)</em></span> <span class='ocrx_word' id='word_1_216' title='bbox 1259 2601 1338 2643; x_wconf 81' lang='grc' dir='ltr'><em>καὶ</em></span> <span class='ocrx_word' id='word_1_217' title='bbox 1370 2600 1426 2644; x_wconf 82' lang='grc' dir='ltr'><em>τὰ</em></span> <span class='ocrx_word' id='word_1_218' title='bbox 1458 2601 1493 2643; x_wconf 93' lang='grc' dir='ltr'><em>Ι</em></span> <span class='ocrx_word' id='word_1_219' title='bbox 1517 2600 1651 2658; x_wconf 84' lang='lat' dir='ltr'><strong>Bong</strong></span> <span class='ocrx_word' id='word_1_220' title='bbox 1677 2604 1684 2656; x_wconf 92' lang='grc' dir='ltr'>Ι</span> <span class='ocrx_word' id='word_1_221' title='bbox 1711 2601 1795 2644; x_wconf 83' lang='grc' dir='ltr'><em>αὑ-</em></span> 
     </span>
     <span class='ocr_line' id='line_1_28' title="bbox 108 2658 1796 2715; baseline 0.001 -15"><span class='ocrx_word' id='word_1_222' title='bbox 108 2658 216 2707; x_wconf 80' lang='grc' dir='ltr'><em>τοὺς</em></span> <span class='ocrx_word' id='word_1_223' title='bbox 247 2659 410 2715; x_wconf 80' lang='lat' dir='ltr'><strong>scripsi</strong></span> <span class='ocrx_word' id='word_1_224' title='bbox 472 2660 643 2711; x_wconf 80' lang='grc' dir='ltr'><em>αὐτοὺς</em></span> <span class='ocrx_word' id='word_1_225' title='bbox 674 2659 716 2702; x_wconf 95' lang='lat' dir='ltr'><strong><em>V</em></strong></span> <span class='ocrx_word' id='word_1_226' title='bbox 788 2659 947 2709; x_wconf 81' lang='grc' dir='ltr'><em>αὐτοῖς</em></span> <span class='ocrx_word' id='word_1_227' title='bbox 978 2658 1146 2714; x_wconf 83' lang='lat' dir='ltr'><strong>reliqui</strong></span> <span class='ocrx_word' id='word_1_228' title='bbox 1178 2658 1212 2701; x_wconf 91' lang='lat' dir='ltr'><strong>li</strong></span> <span class='ocrx_word' id='word_1_229' title='bbox 1246 2659 1286 2702; x_wconf 86' lang='lat' dir='ltr'><strong>ri</strong></span> <span class='ocrx_word' id='word_1_230' title='bbox 1319 2659 1411 2703; x_wconf 81' lang='lat' dir='ltr'><em>edd</em></span> <span class='ocrx_word' id='word_1_231' title='bbox 1563 2664 1589 2703; x_wconf 91' lang='lat'>8</span> <span class='ocrx_word' id='word_1_232' title='bbox 1620 2659 1796 2703; x_wconf 84' lang='grc' dir='ltr'><em>τούτων</em></span> 
     </span>
     <span class='ocr_line' id='line_1_29' title="bbox 109 2715 1795 2775; baseline 0.002 -17"><span class='ocrx_word' id='word_1_233' title='bbox 109 2732 151 2758; x_wconf 87' lang='grc' dir='ltr'><em>τι</em></span> <span class='ocrx_word' id='word_1_234' title='bbox 183 2716 345 2773; x_wconf 80' lang='lat' dir='ltr'><strong>scripsi</strong></span> <span class='ocrx_word' id='word_1_235' title='bbox 378 2720 565 2762; x_wconf 74' lang='lat' dir='ltr'><strong>auctore</strong></span> <span class='ocrx_word' id='word_1_236' title='bbox 599 2718 780 2762; x_wconf 70' lang='lat' dir='ltr'><strong>Sinteni</strong></span> <span class='ocrx_word' id='word_1_237' title='bbox 862 2734 905 2761; x_wconf 87' lang='grc' dir='ltr'><em>τι</em></span> <span class='ocrx_word' id='word_1_238' title='bbox 937 2718 1111 2761; x_wconf 84' lang='grc' dir='ltr'><em>τούτων</em></span> <span class='ocrx_word' id='word_1_239' title='bbox 1143 2717 1254 2760; x_wconf 91' lang='lat' dir='ltr'><strong>libri</strong></span> <span class='ocrx_word' id='word_1_240' title='bbox 1286 2718 1374 2762; x_wconf 84' lang='lat' dir='ltr'><em>edd</em></span> <span class='ocrx_word' id='word_1_241' title='bbox 1405 2721 1410 2775; x_wconf 87' lang='grc' dir='ltr'>Ι</span> <span class='ocrx_word' id='word_1_242' title='bbox 1438 2715 1481 2761; x_wconf 83' lang='grc' dir='ltr'><em>τί</em></span> <span class='ocrx_word' id='word_1_243' title='bbox 1507 2719 1552 2762; x_wconf 87' lang='grc' dir='ltr'><strong><em>Β</em></strong></span> <span class='ocrx_word' id='word_1_244' title='bbox 1580 2721 1585 2773; x_wconf 82' lang='grc' dir='ltr'>Ι</span> <span class='ocrx_word' id='word_1_245' title='bbox 1613 2724 1795 2762; x_wconf 82' lang='grc' dir='ltr'><em>τοιοῦτο</em></span> 
     </span>
     <span class='ocr_line' id='line_1_30' title="bbox 121 2775 1794 2851; baseline 0.001 -33"><span class='ocrx_word' id='word_1_246' title='bbox 121 2775 162 2830; x_wconf 76' lang='lat' dir='ltr'><em>V</em></span> <span class='ocrx_word' id='word_1_247' title='bbox 277 2781 330 2819; x_wconf 81' lang='lat'><em>12</em></span> <span class='ocrx_word' id='word_1_248' title='bbox 361 2776 419 2821; x_wconf 83' lang='grc' dir='ltr'><em>τὰ</em></span> <span class='ocrx_word' id='word_1_249' title='bbox 451 2776 557 2834; x_wconf 83' lang='lat' dir='ltr'><strong>(bis)</strong></span> <span class='ocrx_word' id='word_1_250' title='bbox 590 2779 636 2822; x_wconf 91' lang='lat' dir='ltr'><strong><em>P</em></strong></span> <span class='ocrx_word' id='word_1_251' title='bbox 663 2777 744 2821; x_wconf 82' lang='lat' dir='ltr'><em>sed</em></span> <span class='ocrx_word' id='word_1_252' title='bbox 759 2777 779 2851; x_wconf 30' lang='lat' dir='ltr'><em>x*</em></span> <span class='ocrx_word' id='word_1_253' title='bbox 823 2777 915 2821; x_wconf 84' lang='lat' dir='ltr'><em>add</em></span> <span class='ocrx_word' id='word_1_254' title='bbox 941 2776 1011 2819; x_wconf 83' lang='lat' dir='ltr'><em>m³</em></span> <span class='ocrx_word' id='word_1_255' title='bbox 1155 2781 1209 2820; x_wconf 74' lang='lat'><em>22</em></span> <span class='ocrx_word' id='word_1_256' title='bbox 1242 2776 1299 2833; x_wconf 81' lang='grc' dir='ltr'><em>δὴ</em></span> <span class='ocrx_word' id='word_1_257' title='bbox 1335 2778 1371 2822; x_wconf 88' lang='lat' dir='ltr'><em>C</em></span> <span class='ocrx_word' id='word_1_258' title='bbox 1454 2776 1514 2833; x_wconf 88' lang='grc' dir='ltr'><em>μὴ</em></span> <span class='ocrx_word' id='word_1_259' title='bbox 1549 2779 1594 2821; x_wconf 87' lang='grc' dir='ltr'><strong><em>Α</em></strong></span> <span class='ocrx_word' id='word_1_260' title='bbox 1626 2777 1707 2821; x_wconf 81' lang='lat' dir='ltr'><em>sed</em></span> <span class='ocrx_word' id='word_1_261' title='bbox 1738 2793 1794 2834; x_wconf 80' lang='grc' dir='ltr'><em>γρ</em></span> 
     </span>
     <span class='ocr_line' id='line_1_31' title="bbox 112 2839 1794 2981; baseline 0.001 -61"><span class='ocrx_word' id='word_1_262' title='bbox 112 2877 171 2978; x_wconf 47' lang='grc' dir='ltr'><em>δίη</em></span> <span class='ocrx_word' id='word_1_263' title='bbox 187 2877 247 2978; x_wconf 77' lang='lat' dir='ltr'><em>lin</em></span> <span class='ocrx_word' id='word_1_264' title='bbox 273 2893 417 2981; x_wconf 50' lang='grc' dir='ltr'><em>ιξιαῖς,</em></span> <span class='ocrx_word' id='word_1_265' title='bbox 502 2852 562 2937; x_wconf 49' lang='grc' dir='ltr'><em>ἐὴ</em></span> <span class='ocrx_word' id='word_1_266' title='bbox 594 2882 639 2925; x_wconf 91' lang='lat' dir='ltr'><strong><em>P</em></strong></span> <span class='ocrx_word' id='word_1_267' title='bbox 719 2839 779 2936; x_wconf 51' lang='lat'>2²⁷7]</span> <span class='ocrx_word' id='word_1_268' title='bbox 805 2882 838 2923; x_wconf 94' lang='grc' dir='ltr'><em>Ι</em></span> <span class='ocrx_word' id='word_1_269' title='bbox 923 2879 1203 2936; x_wconf 64' lang='grc' dir='ltr'><em>μηδὲᾟοῐις</em></span> <span class='ocrx_word' id='word_1_270' title='bbox 1384 2885 1438 2923; x_wconf 79' lang='lat'><em>‘23</em></span> <span class='ocrx_word' id='word_1_271' title='bbox 1471 2897 1562 2924; x_wconf 85' lang='grc' dir='ltr'><em>των</em></span> <span class='ocrx_word' id='word_1_272' title='bbox 1597 2880 1641 2923; x_wconf 92' lang='grc' dir='ltr'><strong><em>Ρ</em></strong></span> <span class='ocrx_word' id='word_1_273' title='bbox 1670 2880 1750 2923; x_wconf 86' lang='lat' dir='ltr'><em>sed</em></span> <span class='ocrx_word' id='word_1_274' title='bbox 1775 2883 1794 2893; x_wconf 78' lang='lat'><em>&#39;‘</em></span> 
     </span>
     <span class='ocr_line' id='line_1_32' title="bbox 113 2948 318 2990; baseline 0.01 -13"><span class='ocrx_word' id='word_1_275' title='bbox 113 2948 140 2978; x_wconf 78' lang='lat' dir='ltr'><strong>a</strong></span> <span class='ocrx_word' id='word_1_276' title='bbox 176 2951 190 2977; x_wconf 76' lang='grc' dir='ltr'><em>ι</em></span> <span class='ocrx_word' id='word_1_277' title='bbox 237 2952 281 2979; x_wconf 87' lang='lat' dir='ltr'><strong>m</strong></span> <span class='ocrx_word' id='word_1_278' title='bbox 309 2973 318 2990; x_wconf 88' lang='lat'>‚</span> 
     </span>
    </p>
   </div>
  </div>
 </body>
</html>
