1992 3094
178 104 287 156 430
672 101 900 145 LIBANII
931 99 1155 145 ORATIO
1189 100 1376 144 XLVIII

178 242 350 309 χόθεν
391 237 644 307 ὀλέθρων
682 245 746 307 τῇ
778 238 953 306 βουλῇ
987 235 1401 304 λυμηναμένων.
1471 237 1609 290 ὥστε
1640 236 1871 292 ἕκαστον

178 331 296 390 ἔτος
343 327 430 380 ἀεί
481 346 532 379 τι
582 334 682 378 τοῦ
728 326 1090 394 πληρώματος
1137 323 1554 394 ἀφαιρούμενον
1601 326 1868 396 διήρχετο.

177 415 266 470 καὶ
318 417 384 469 τὰ
433 416 645 468 τούτων
696 411 766 483 ἦν
816 412 954 481 ὁρᾶν
1004 412 1225 483 ἑτέρους
1272 422 1655 483 γεωργοῦντας
1704 417 1765 468 τό
1811 435 1869 470 τε

176 505 640 571 καταλειπόμενον
702 501 1106 569 ἀσθενέστερον
1169 501 1413 570 ἐγίγνετο
1482 504 1737 572 διχόθεν,
1799 511 1875 576 τῷ

132 614 151 647 5
176 593 293 664 μήτ’
335 593 553 665 ἀριθμῷ
587 599 858 644 τοσοῦτον
899 591 1136 661 ὅσονπερ
1177 593 1447 661 πρότερον
1488 588 1630 645 εἶναι
1668 593 1759 646 καὶ
1800 601 1876 665 τῷ
1964 595 1966 600 ’

174 684 269 745 τὰς
309 682 499 743 οὐσίας
535 681 722 742 αὐτοῖς
755 681 831 743 εἰς
863 681 1091 733 ἔλαττον
1132 678 1287 733 ἰέναι.
1363 680 1413 733 4.
1465 681 1554 733 καὶ
1586 683 1643 734 τί
1669 701 1734 748 με
1765 683 1868 752 χρὴ

175 773 239 824 τὰ
277 769 403 839 παρ’
441 770 598 839 ὑμῶν
641 767 702 822 ἐν
741 779 857 831 τοῖς
897 769 1270 837 δικαστηρίοις
1310 769 1567 838 εἰρημένα
1605 771 1870 833 πολλάκις

176 860 347 912 αὐτὸν
379 857 662 922 διεξιέναι;
693 861 917 910 πολλῶν
948 858 1051 927 γὰρ
1085 857 1372 926 στομάτων
1405 853 1569 920 οὗτος
1596 857 1624 911 ὁ
1657 865 1870 928 θρῆνος
1962 927 1963 930 ¹

173 947 410 1017 ἠξίωται.
487 948 582 1009 τὰς
612 943 714 1013 μὲν
755 942 858 999 οὗν
899 947 1190 1016 συμφορὰς
1223 946 1289 999 οὐ
1321 956 1498 1010 κακῶς
1529 949 1868 1019 τετραγῳδη-

109 1058 150 1090 ιο
173 1056 325 1104 κατε,
379 1036 502 1106 περὶ
552 1032 611 1088 δὲ
657 1036 758 1103 τὴν
804 1035 1040 1088 τουτωνὶ
1087 1044 1199 1087 τῶν
1244 1044 1428 1088 κακῶν
1479 1036 1870 1104 ἐπανόρθωσιν

175 1125 275 1178 οὐκ
338 1124 552 1194 ἀκριβεῖ
614 1124 830 1194 σπουδῇ
887 1143 945 1176 τε
1006 1122 1096 1176 καὶ
1159 1125 1447 1194 προθυμία
1500 1124 1869 1194 κεχρημένους

84 1225 126 1268 R
145 1224 288 1269 11528
314 1214 454 1280 ὑμᾶς
475 1211 479 1283 Ι,
503 1213 754 1283 εὑρίσκω.
816 1214 950 1281 μετὰ
975 1213 1079 1282 γὰρ
1106 1213 1172 1281 δὴ
1205 1213 1266 1265 τὸ
1296 1213 1492 1266 εἰπεῖν·
1526 1214 1868 1283 οἰχόμεθα,

174 1301 626 1371 ἀπολώλαμεν,
673 1298 833 1370 ἦμεν
874 1300 1202 1365 ἑξακόσιοι
1241 1303 1299 1370 ἤ,
1347 1303 1421 1371 νὴ
1460 1305 1588 1355 Δία
1627 1322 1720 1370 γε,
1769 1302 1867 1366 δὶς

172 1399 503 1459 τοσοῦτοι,
547 1398 669 1444 νῦν
710 1389 759 1442 δ’
806 1387 960 1444 οὐδὲ
1001 1390 1316 1459 ἑξήκοντα
1354 1392 1551 1460 μικρὰς
1590 1392 1868 1460 συλλαβὰς

107 1500 149 1533 15
172 1478 517 1550 προσθέντος
564 1478 686 1541 ἑνός
732 1499 882 1542 τινος
927 1480 1051 1547 περὶ
1098 1487 1199 1532 τοῦ
1252 1481 1372 1532 δεῖν
1409 1479 1675 1548 γενέσθαι
1713 1481 1867 1542 τινὰς

172 1575 268 1636 τῆς
313 1570 517 1636 βουλῆς
562 1569 711 1637 παρὰ
755 1575 851 1636 τῆς
897 1567 1065 1637 ἀρχῆς
1119 1568 1393 1637 ἀπήλθετε
1446 1567 1538 1621 καὶ
1593 1569 1866 1622 δεδώκατε

172 1660 397 1719 πολλοῖς
435 1657 559 1726 περὶ
599 1657 756 1725 ὑμῶν
797 1656 978 1725 λέγειν
1018 1658 1265 1725 εἰκότως,
1314 1660 1385 1719 ὡς
1425 1657 1864 1726 ἀφοσιοῦνται

173 1745 278 1798 καὶ
327 1743 484 1814 φασὶ
529 1741 648 1811 μὲν
688 1744 954 1798 δεῖσθαι
1001 1747 1407 1814 προσθήκης,
1457 1746 1623 1808 ὅπως
1670 1746 1738 1799 δὲ
1784 1746 1862 1814 μὴ
1948 1783 1951 1790 -
1990 1719 1992 1771 Ξ

171 1841 364 1886 τοῦτο
414 1835 593 1886 ἔσται
638 1842 906 1887 ποιοῦσι
960 1833 1185 1903 μένειν
1235 1853 1299 1887 τε
1354 1834 1578 1897 αὑτοῖς
1631 1835 1864 1903 βουλό-

106 1943 149 1975 20
171 1941 357 1988 μενοι
403 1923 519 1990 τὴν
565 1932 693 1975 τῶν
739 1922 1046 1993 ὀδυρμῶν
1092 1923 1442 1991 ὑπόθεσιν,
1491 1921 1569 1976 ἵν’
1617 1928 1714 1992 εἰή
1757 1923 1863 1976 καὶ

173 2009 476 2063 ἀδικοῦσι
522 2011 896 2080 συγγνώμη,
942 2012 1047 2064 καὶ
1094 2012 1218 2078 ἅμα
1265 2012 1556 2074 δεδιότες
1601 2013 1680 2080 μὴ
1728 2031 1863 2064 κοι-

171 2100 423 2161 νωνοὺς
470 2099 714 2166 λάβωσι
761 2109 887 2152 τῶν
927 2101 1273 2168 λημμάτων
1314 2099 1347 2169 ἣ
1389 2103 1497 2153 καί
1539 2120 1712 2163 τινες
1752 2100 1862 2152 αὐ-

171 2196 296 2239 τῶν
330 2188 714 2258 ἱκανώτεροι
755 2187 1073 2256 φανέντες
1104 2191 1293 2257 μείζω
1331 2191 1861 2258 κατακτήσωνται

173 2275 584 2329 δυναστείαν.
677 2276 725 2329 5.
789 2275 894 2344 ἐγὼ
943 2274 1004 2330 δὲ
1052 2284 1253 2331 τοῦτον
1298 2274 1401 2344 μὲν
1447 2278 1514 2330 οὐ
1569 2280 1862 2347 προσιέμαι
1934 2314 1936 2319 ·

106 2384 148 2416 25
172 2362 271 2415 τὸν
302 2365 486 2431 λόγον,
527 2363 703 2417 ἐκεῖνο
745 2361 806 2417 δὲ
847 2361 988 2432 οἶδα,
1029 2365 1113 2418 ὅτι
1153 2367 1204 2418 εἰ
1239 2364 1330 2418 καὶ
1362 2367 1434 2434 μὴ
1465 2369 1644 2434 κακία,
1684 2365 1861 2437 ρᾳθυ-

292 2497 313 2535 1
348 2492 405 2537 cf.
431 2509 476 2550 p.
494 2499 661 2549 453,15
813 2500 838 2538 3
865 2495 922 2539 cf.
947 2497 979 2539 t.
1005 2496 1026 2538 Ι
1050 2500 1187 2551 250‚3
1207 2510 1273 2551 sq.
1429 2500 1481 2539 13
1515 2495 1572 2540 cf.
1598 2511 1642 2552 p.
1662 2500 1798 2550 457,2

174 2555 227 2593 14
260 2551 316 2595 cf.
343 2553 375 2595 t.
400 2552 421 2595 I
445 2557 613 2607 249‚14
736 2558 789 2598 19
823 2554 881 2598 cf.
905 2570 950 2611 p.
969 2559 1135 2609 457‚11
1155 2569 1221 2610 sq.

291 2675 315 2712 3
348 2672 427 2714 καὶ
459 2670 534 2728 τὰ]
567 2666 686 2732 κᾷτα
719 2672 765 2714 Ρ
811 2675 817 2729 Ι
866 2670 967 2716 τότε
1002 2673 1122 2717 ΜοΙ
1175 2687 1287 2716 num
1317 2673 1369 2717 τὸ
1402 2673 1483 2718 δὲῬ
1623 2677 1650 2714 4
1683 2669 1857 2730 ἐγίνετο
1928 2669 1949 2718 ἐ’

172 2729 460 2772 ΜοΑΡΒΜ
480 2730 612 2787 Bong
732 2736 757 2773 5
790 2731 842 2775 τὸ
866 2732 902 2774 Ι
1016 2736 1039 2774 7
1072 2732 1179 2787 περὶ
1202 2733 1344 2776 ΙΒΜ
1363 2731 1495 2788 Bong
1618 2735 1643 2774 8
1672 2732 1858 2787 „malim
1924 2784 1927 2787 Ι

171 2787 352 2831 αὐτῶν“
385 2788 452 2831 Re
576 2793 630 2832 13
661 2782 691 2844 ἦ
724 2788 806 2845 μὲν
840 2791 924 2834 Mo
1059 2795 1113 2832 14
1146 2791 1196 2835 δὲ
1229 2792 1365 2835 ΙΒΜ
1396 2791 1488 2834 edd
1609 2794 1662 2833 15
1694 2797 1775 2834 τοῦ
1807 2790 1857 2832 in
1925 2804 1935 2846 J

170 2858 304 2902 marg
326 2847 371 2890 A
486 2851 540 2890 18
566 2847 648 2903 μὲν
673 2861 748 2891 om
772 2847 905 2906 Bong
1019 2854 1072 2892 19
1100 2849 1258 2900 αὑτοῖς
1281 2849 1348 2893 Re
1409 2850 1568 2900 αὐτοῖς
1589 2849 1700 2892 libri
1723 2848 1858 2904 Bong
1925 2848 1938 2890 ὲ

230 2908 285 2947 23
317 2904 686 2959 κατακτήσονται
716 2907 751 2948 Ι

1909 0 1992 93 ⁸²,

1974 107 1992 203 ἓ
