<?xml version="1.0" encoding="UTF-8"?>
<!DOCTYPE html PUBLIC "-//W3C//DTD XHTML 1.0 Transitional//EN"
    "http://www.w3.org/TR/xhtml1/DTD/xhtml1-transitional.dtd">
<html xmlns="http://www.w3.org/1999/xhtml" xml:lang="en" lang="en">
 <head>
  <title>
</title>
<meta http-equiv="Content-Type" content="text/html;charset=utf-8" />
  <meta name='ocr-system' content='tesseract 3.04.00' />
  <meta name='ocr-capabilities' content='ocr_page ocr_carea ocr_par ocr_line ocrx_word'/>
</head>
<body>
  <div class='ocr_page' id='page_1' title='image "./operarecensuitri03libauoft_0274.png"; bbox 0 0 1992 3094; ppageno 0'>
   <div class='ocr_carea' id='block_1_1' title="bbox 167 119 1373 171">
    <p class='ocr_par' dir='ltr' id='par_1_1' title="bbox 167 119 1373 171">
     <span class='ocr_line' id='line_1_1' title="bbox 167 119 1373 171; baseline -0.004 0"><span class='ocrx_word' id='word_1_1' title='bbox 167 119 276 171; x_wconf 74' lang='grc'><em>204</em></span> <span class='ocrx_word' id='word_1_2' title='bbox 664 121 894 164; x_wconf 89' lang='lat' dir='ltr'><strong>LIBANII</strong></span> <span class='ocrx_word' id='word_1_3' title='bbox 924 120 1148 166; x_wconf 88' lang='lat' dir='ltr'><strong>ORATIO</strong></span> <span class='ocrx_word' id='word_1_4' title='bbox 1181 121 1373 166; x_wconf 87' lang='lat' dir='ltr'><strong>XXXIV</strong></span> 
     </span>
    </p>
   </div>
   <div class='ocr_carea' id='block_1_2' title="bbox 83 254 1889 1924">
    <p class='ocr_par' dir='ltr' id='par_1_2' title="bbox 83 254 1889 1924">
     <span class='ocr_line' id='line_1_2' title="bbox 167 254 1871 327; baseline 0.002 -19"><span class='ocrx_word' id='word_1_5' title='bbox 167 254 256 308; x_wconf 84' lang='grc' dir='ltr'><em>καὶ</em></span> <span class='ocrx_word' id='word_1_6' title='bbox 298 256 445 318; x_wconf 84' lang='grc' dir='ltr'><em>ὅστις</em></span> <span class='ocrx_word' id='word_1_7' title='bbox 485 254 665 309; x_wconf 80' lang='grc' dir='ltr'><strong><em>ἐθέλει</em></strong></span> <span class='ocrx_word' id='word_1_8' title='bbox 696 264 923 324; x_wconf 82' lang='grc' dir='ltr'><em>ποιῆσαι</em></span> <span class='ocrx_word' id='word_1_9' title='bbox 956 256 1205 326; x_wconf 79' lang='grc' dir='ltr'><em>ῥήτορας,</em></span> <span class='ocrx_word' id='word_1_10' title='bbox 1245 256 1521 327; x_wconf 80' lang='grc' dir='ltr'><em>παρεχέτω</em></span> <span class='ocrx_word' id='word_1_11' title='bbox 1553 266 1668 320; x_wconf 90' lang='grc' dir='ltr'><em>τοῖς</em></span> <span class='ocrx_word' id='word_1_12' title='bbox 1698 266 1871 312; x_wconf 73' lang='grc' dir='ltr'><em>τοῦτο»</em></span> 
     </span>
     <span class='ocr_line' id='line_1_3' title="bbox 170 344 1862 414; baseline 0.002 -18"><span class='ocrx_word' id='word_1_13' title='bbox 170 344 570 412; x_wconf 78' lang='grc' dir='ltr'><em>δυνησομένοις</em></span> <span class='ocrx_word' id='word_1_14' title='bbox 609 344 809 398; x_wconf 81' lang='grc' dir='ltr'><em>ἑαυτὸν</em></span> <span class='ocrx_word' id='word_1_15' title='bbox 847 345 1194 414; x_wconf 78' lang='grc' dir='ltr'><em>παράδειγμα</em></span> <span class='ocrx_word' id='word_1_16' title='bbox 1232 347 1323 398; x_wconf 77' lang='grc' dir='ltr'><em>καὶ</em></span> <span class='ocrx_word' id='word_1_17' title='bbox 1361 347 1460 399; x_wconf 91' lang='grc' dir='ltr'><em>τὸν</em></span> <span class='ocrx_word' id='word_1_18' title='bbox 1497 347 1599 413; x_wconf 81' lang='grc' dir='ltr'><em>μὲν</em></span> <span class='ocrx_word' id='word_1_19' title='bbox 1631 346 1698 399; x_wconf 89' lang='grc' dir='ltr'><em>οὐ</em></span> <span class='ocrx_word' id='word_1_20' title='bbox 1729 348 1862 414; x_wconf 87' lang='grc' dir='ltr'><em>βου-</em></span> 
     </span>
     <span class='ocr_line' id='line_1_4' title="bbox 169 432 1863 505; baseline 0.002 -20"><span class='ocrx_word' id='word_1_21' title='bbox 169 434 407 501; x_wconf 91' lang='grc' dir='ltr'><em>λόμενον</em></span> <span class='ocrx_word' id='word_1_22' title='bbox 447 433 630 502; x_wconf 86' lang='grc' dir='ltr'><em>λέγειν</em></span> <span class='ocrx_word' id='word_1_23' title='bbox 669 433 696 486; x_wconf 92' lang='grc' dir='ltr'>ὁ</span> <span class='ocrx_word' id='word_1_24' title='bbox 737 433 861 496; x_wconf 86' lang='grc' dir='ltr'><em>νέος</em></span> <span class='ocrx_word' id='word_1_25' title='bbox 893 433 1358 505; x_wconf 81' lang='grc' dir='ltr'><em>ἀποδιδρασκέτω,</em></span> <span class='ocrx_word' id='word_1_26' title='bbox 1397 435 1496 488; x_wconf 90' lang='grc' dir='ltr'><em>τὸν</em></span> <span class='ocrx_word' id='word_1_27' title='bbox 1528 432 1589 488; x_wconf 78' lang='grc' dir='ltr'><em>δὲ</em></span> <span class='ocrx_word' id='word_1_28' title='bbox 1620 434 1711 488; x_wconf 87' lang='grc' dir='ltr'><em>καὶ</em></span> <span class='ocrx_word' id='word_1_29' title='bbox 1742 432 1863 489; x_wconf 58' lang='grc' dir='ltr'><em>ποιέ</em></span> 
     </span>
     <span class='ocr_line' id='line_1_5' title="bbox 170 521 1874 594; baseline 0.001 -20"><span class='ocrx_word' id='word_1_30' title='bbox 170 530 341 574; x_wconf 85' lang='grc' dir='ltr'><em>οῦντα</em></span> <span class='ocrx_word' id='word_1_31' title='bbox 386 521 476 575; x_wconf 90' lang='grc' dir='ltr'><em>καὶ</em></span> <span class='ocrx_word' id='word_1_32' title='bbox 525 523 853 576; x_wconf 80' lang='grc' dir='ltr'><em>δεικνύοντα</em></span> <span class='ocrx_word' id='word_1_33' title='bbox 899 525 1101 591; x_wconf 81' lang='grc' dir='ltr'><em>λόγους</em></span> <span class='ocrx_word' id='word_1_34' title='bbox 1147 523 1387 576; x_wconf 85' lang='grc' dir='ltr'><em>διωκέτω</em></span> <span class='ocrx_word' id='word_1_35' title='bbox 1435 522 1526 577; x_wconf 89' lang='grc' dir='ltr'><em>καὶ</em></span> <span class='ocrx_word' id='word_1_36' title='bbox 1574 524 1874 594; x_wconf 62' lang='grc' dir='ltr'><em>πειράσθω·</em></span> 
     </span>
     <span class='ocr_line' id='line_1_6' title="bbox 127 609 1878 681; baseline 0.002 -18"><span class='ocrx_word' id='word_1_37' title='bbox 127 631 146 663; x_wconf 88' lang='lat'>5</span> <span class='ocrx_word' id='word_1_38' title='bbox 171 612 307 680; x_wconf 90' lang='grc' dir='ltr'><em>πρὸς</em></span> <span class='ocrx_word' id='word_1_39' title='bbox 349 616 472 664; x_wconf 79' lang='grc' dir='ltr'><em>ἴσον</em></span> <span class='ocrx_word' id='word_1_40' title='bbox 511 613 675 664; x_wconf 84' lang='grc' dir='ltr'><em>τόκον</em></span> <span class='ocrx_word' id='word_1_41' title='bbox 715 609 915 664; x_wconf 80' lang='grc' dir='ltr'><em>ἑαυτὸν</em></span> <span class='ocrx_word' id='word_1_42' title='bbox 954 613 1301 665; x_wconf 78' lang='grc' dir='ltr'><em>καθιστάναι.</em></span> <span class='ocrx_word' id='word_1_43' title='bbox 1370 613 1460 666; x_wconf 81' lang='grc' dir='ltr'><em>καὶ</em></span> <span class='ocrx_word' id='word_1_44' title='bbox 1501 614 1567 681; x_wconf 84' lang='grc' dir='ltr'><em>δὴ</em></span> <span class='ocrx_word' id='word_1_45' title='bbox 1607 612 1714 666; x_wconf 76' lang='grc' dir='ltr'><em>κᾶν</em></span> <span class='ocrx_word' id='word_1_46' title='bbox 1751 622 1878 666; x_wconf 51' lang='grc' dir='ltr'><em>τῶν*</em></span> 
     </span>
     <span class='ocr_line' id='line_1_7' title="bbox 170 698 1861 771; baseline 0.001 -18"><span class='ocrx_word' id='word_1_47' title='bbox 170 698 249 754; x_wconf 77' lang='grc' dir='ltr'><em>ἔτι</em></span> <span class='ocrx_word' id='word_1_48' title='bbox 290 701 616 767; x_wconf 83' lang='grc' dir='ltr'><em>φοιτώντων</em></span> <span class='ocrx_word' id='word_1_49' title='bbox 664 699 952 769; x_wconf 81' lang='grc' dir='ltr'><em>ἐγγένηταί</em></span> <span class='ocrx_word' id='word_1_50' title='bbox 996 715 1143 754; x_wconf 91' lang='grc' dir='ltr'><em>τισιν</em></span> <span class='ocrx_word' id='word_1_51' title='bbox 1182 700 1490 765; x_wconf 81' lang='grc' dir='ltr'><em>ἐπιδείξεως</em></span> <span class='ocrx_word' id='word_1_52' title='bbox 1528 699 1689 771; x_wconf 79' lang='grc' dir='ltr'><em>ἔρως,</em></span> <span class='ocrx_word' id='word_1_53' title='bbox 1735 717 1861 771; x_wconf 86' lang='grc' dir='ltr'><em>τυγ-</em></span> 
     </span>
     <span class='ocr_line' id='line_1_8' title="bbox 170 788 1880 859; baseline 0.002 -18"><span class='ocrx_word' id='word_1_54' title='bbox 170 788 485 858; x_wconf 90' lang='grc' dir='ltr'><em>χανέτωσαν</em></span> <span class='ocrx_word' id='word_1_55' title='bbox 545 789 804 859; x_wconf 77' lang='grc' dir='ltr'><em>θεάτρου.</em></span> <span class='ocrx_word' id='word_1_56' title='bbox 888 790 977 842; x_wconf 82' lang='grc' dir='ltr'><em>καὶ</em></span> <span class='ocrx_word' id='word_1_57' title='bbox 1041 790 1267 843; x_wconf 84' lang='grc' dir='ltr'><em>δοκείτω</em></span> <span class='ocrx_word' id='word_1_58' title='bbox 1327 798 1492 843; x_wconf 89' lang='grc' dir='ltr'><em>τοῦτο</em></span> <span class='ocrx_word' id='word_1_59' title='bbox 1554 791 1627 859; x_wconf 86' lang='grc' dir='ltr'><em>μὴ</em></span> <span class='ocrx_word' id='word_1_60' title='bbox 1688 793 1880 858; x_wconf 63' lang='grc' dir='ltr'><em>μόνονΔ</em></span> 
     </span>
     <span class='ocr_line' id='line_1_9' title="bbox 171 872 1862 949; baseline 0.001 -19"><span class='ocrx_word' id='word_1_61' title='bbox 171 876 403 940; x_wconf 86' lang='grc' dir='ltr'><em>ε’κείνοις</em></span> <span class='ocrx_word' id='word_1_62' title='bbox 457 877 625 941; x_wconf 80' lang='grc' dir='ltr'><em>δόξαν</em></span> <span class='ocrx_word' id='word_1_63' title='bbox 679 877 889 947; x_wconf 86' lang='grc' dir='ltr'><em>φέρειν,</em></span> <span class='ocrx_word' id='word_1_64' title='bbox 952 877 1089 930; x_wconf 75' lang='grc' dir='ltr'><em>ἀλλὰ</em></span> <span class='ocrx_word' id='word_1_65' title='bbox 1141 876 1232 931; x_wconf 85' lang='grc' dir='ltr'><em>καὶ</em></span> <span class='ocrx_word' id='word_1_66' title='bbox 1286 887 1456 932; x_wconf 83' lang='grc' dir='ltr'><em>πᾶσιν</em></span> <span class='ocrx_word' id='word_1_67' title='bbox 1510 872 1594 942; x_wconf 83' lang='grc' dir='ltr'><em>οἷς</em></span> <span class='ocrx_word' id='word_1_68' title='bbox 1645 879 1812 932; x_wconf 88' lang='grc' dir='ltr'><em>ταύτὸ</em></span> <span class='ocrx_word' id='word_1_69' title='bbox 1856 878 1862 949; x_wconf 82' lang='grc' dir='ltr'>Ι</span> 
     </span>
     <span class='ocr_line' id='line_1_10' title="bbox 83 965 1879 1037; baseline -0.002 -15"><span class='ocrx_word' id='word_1_70' title='bbox 83 979 123 1021; x_wconf 85' lang='lat' dir='ltr'><strong>R</strong></span> <span class='ocrx_word' id='word_1_71' title='bbox 146 978 290 1022; x_wconf 83' lang='lat'>11281</span> <span class='ocrx_word' id='word_1_72' title='bbox 323 968 508 1019; x_wconf 89' lang='grc' dir='ltr'><em>ποτόν.</em></span> <span class='ocrx_word' id='word_1_73' title='bbox 563 966 647 1019; x_wconf 79' lang='grc'><em>28.</em></span> <span class='ocrx_word' id='word_1_74' title='bbox 681 967 818 1035; x_wconf 82' lang='grc' dir='ltr'><em>μηδὲ</em></span> <span class='ocrx_word' id='word_1_75' title='bbox 853 965 1068 1020; x_wconf 81' lang='grc' dir='ltr'><em>ἐκείνου</em></span> <span class='ocrx_word' id='word_1_76' title='bbox 1100 966 1362 1036; x_wconf 80' lang='grc' dir='ltr'><em>λήξαντος</em></span> <span class='ocrx_word' id='word_1_77' title='bbox 1393 971 1632 1037; x_wconf 84' lang='grc' dir='ltr'><em>χωρείτω</em></span> <span class='ocrx_word' id='word_1_78' title='bbox 1665 988 1747 1031; x_wconf 84' lang='grc' dir='ltr'><em>τις</em></span> <span class='ocrx_word' id='word_1_79' title='bbox 1779 966 1879 1021; x_wconf 84' lang='grc' dir='ltr'><em>ἐπὶ,</em></span> 
     </span>
     <span class='ocr_line' id='line_1_11' title="bbox 108 1055 1879 1129; baseline -0.001 -21"><span class='ocrx_word' id='word_1_80' title='bbox 108 1077 148 1108; x_wconf 84' lang='lat'><em>10</em></span> <span class='ocrx_word' id='word_1_81' title='bbox 172 1055 270 1108; x_wconf 93' lang='grc' dir='ltr'><em>τὸν</em></span> <span class='ocrx_word' id='word_1_82' title='bbox 309 1055 647 1108; x_wconf 75' lang='grc' dir='ltr'><em>διδάσκαλον</em></span> <span class='ocrx_word' id='word_1_83' title='bbox 679 1056 750 1118; x_wconf 82' lang='grc' dir='ltr'><em>ὡς</em></span> <span class='ocrx_word' id='word_1_84' title='bbox 783 1055 871 1108; x_wconf 86' lang='grc' dir='ltr'><em>ε’πὶ</em></span> <span class='ocrx_word' id='word_1_85' title='bbox 907 1055 1102 1125; x_wconf 84' lang='grc' dir='ltr'><em>μηδενὶ</em></span> <span class='ocrx_word' id='word_1_86' title='bbox 1138 1056 1523 1129; x_wconf 78' lang='grc' dir='ltr'><em>πεπραγμένῳ·</em></span> <span class='ocrx_word' id='word_1_87' title='bbox 1562 1057 1879 1128; x_wconf 88' lang='grc' dir='ltr'><em>πέπρακται.</em></span> 
     </span>
     <span class='ocr_line' id='line_1_12' title="bbox 172 1141 1865 1216; baseline 0.002 -20"><span class='ocrx_word' id='word_1_88' title='bbox 172 1143 276 1211; x_wconf 80' lang='grc' dir='ltr'><em>γάρ</em></span> <span class='ocrx_word' id='word_1_89' title='bbox 300 1163 353 1197; x_wconf 94' lang='grc' dir='ltr'><em>τι</em></span> <span class='ocrx_word' id='word_1_90' title='bbox 376 1153 488 1196; x_wconf 86' lang='grc' dir='ltr'><em>τῶν</em></span> <span class='ocrx_word' id='word_1_91' title='bbox 517 1147 916 1214; x_wconf 81' lang='grc' dir='ltr'><em>συμφερόντων</em></span> <span class='ocrx_word' id='word_1_92' title='bbox 940 1154 1050 1197; x_wconf 82' lang='grc' dir='ltr'><em>τῶν</em></span> <span class='ocrx_word' id='word_1_93' title='bbox 1073 1141 1175 1213; x_wconf 76' lang='grc' dir='ltr'><em>μὲν</em></span> <span class='ocrx_word' id='word_1_94' title='bbox 1200 1145 1322 1198; x_wconf 83' lang='grc' dir='ltr'><em>ὅσοι</em></span> <span class='ocrx_word' id='word_1_95' title='bbox 1345 1147 1615 1213; x_wconf 76' lang='grc' dir='ltr'><em>βελτίους,</em></span> <span class='ocrx_word' id='word_1_96' title='bbox 1649 1147 1726 1209; x_wconf 87' lang='grc' dir='ltr'><em>εἰς</em></span> <span class='ocrx_word' id='word_1_97' title='bbox 1749 1149 1865 1216; x_wconf 85' lang='grc' dir='ltr'><em>κρί-</em></span> 
     </span>
     <span class='ocr_line' id='line_1_13' title="bbox 174 1230 1889 1303; baseline 0.002 -18"><span class='ocrx_word' id='word_1_98' title='bbox 174 1246 265 1285; x_wconf 90' lang='grc' dir='ltr'><em>σιν</em></span> <span class='ocrx_word' id='word_1_99' title='bbox 298 1232 620 1300; x_wconf 80' lang='grc' dir='ltr'><em>ἐπιδόντων,</em></span> <span class='ocrx_word' id='word_1_100' title='bbox 654 1242 767 1287; x_wconf 82' lang='grc' dir='ltr'><em>τῶν</em></span> <span class='ocrx_word' id='word_1_101' title='bbox 799 1230 859 1286; x_wconf 74' lang='grc' dir='ltr'><em>δὲ</em></span> <span class='ocrx_word' id='word_1_102' title='bbox 892 1233 1012 1287; x_wconf 83' lang='grc' dir='ltr'><em>ὅσοι</em></span> <span class='ocrx_word' id='word_1_103' title='bbox 1044 1235 1116 1302; x_wconf 82' lang='grc' dir='ltr'><em>μὴ</em></span> <span class='ocrx_word' id='word_1_104' title='bbox 1148 1237 1384 1303; x_wconf 85' lang='grc' dir='ltr'><em>χείρους,</em></span> <span class='ocrx_word' id='word_1_105' title='bbox 1425 1236 1502 1297; x_wconf 82' lang='grc' dir='ltr'><em>εἰς</em></span> <span class='ocrx_word' id='word_1_106' title='bbox 1531 1237 1725 1303; x_wconf 89' lang='grc' dir='ltr'><em>πόνον,</em></span> <span class='ocrx_word' id='word_1_107' title='bbox 1756 1243 1889 1298; x_wconf 56' lang='grc' dir='ltr'><em>τῶνῄ</em></span> 
     </span>
     <span class='ocr_line' id='line_1_14' title="bbox 175 1318 1882 1394; baseline 0.002 -21"><span class='ocrx_word' id='word_1_108' title='bbox 175 1318 234 1373; x_wconf 75' lang='grc' dir='ltr'><em>δὲ</em></span> <span class='ocrx_word' id='word_1_109' title='bbox 273 1319 335 1374; x_wconf 81' lang='grc' dir='ltr'><em>ἔν</em></span> <span class='ocrx_word' id='word_1_110' title='bbox 373 1341 447 1394; x_wconf 79' lang='grc' dir='ltr'><em>τω</em></span> <span class='ocrx_word' id='word_1_111' title='bbox 488 1322 831 1390; x_wconf 85' lang='grc' dir='ltr'><em>λειπομένων</em></span> <span class='ocrx_word' id='word_1_112' title='bbox 871 1327 1008 1375; x_wconf 81' lang='grc' dir='ltr'><em>ἴσων</em></span> <span class='ocrx_word' id='word_1_113' title='bbox 1054 1322 1319 1391; x_wconf 85' lang='grc' dir='ltr'><em>γενέσθαι</em></span> <span class='ocrx_word' id='word_1_114' title='bbox 1365 1323 1737 1391; x_wconf 87' lang='grc' dir='ltr'><em>βουλομένων.</em></span> <span class='ocrx_word' id='word_1_115' title='bbox 1815 1325 1882 1377; x_wconf 85' lang='grc' dir='ltr'><em>οῑ.</em></span> 
     </span>
     <span class='ocr_line' id='line_1_15' title="bbox 175 1409 1868 1481; baseline 0.002 -19"><span class='ocrx_word' id='word_1_116' title='bbox 175 1410 237 1463; x_wconf 78' lang='grc' dir='ltr'><em>δὲ</em></span> <span class='ocrx_word' id='word_1_117' title='bbox 276 1409 545 1473; x_wconf 83' lang='grc' dir='ltr'><em>λυθέντος</em></span> <span class='ocrx_word' id='word_1_118' title='bbox 591 1419 690 1464; x_wconf 88' lang='grc' dir='ltr'><em>τοῦ</em></span> <span class='ocrx_word' id='word_1_119' title='bbox 740 1414 1018 1479; x_wconf 80' lang='grc' dir='ltr'><em>συλλόγου</em></span> <span class='ocrx_word' id='word_1_120' title='bbox 1063 1412 1481 1481; x_wconf 77' lang='grc' dir='ltr'><em>περιιστάμενοί</em></span> <span class='ocrx_word' id='word_1_121' title='bbox 1522 1431 1579 1465; x_wconf 89' lang='grc' dir='ltr'><em>τε</em></span> <span class='ocrx_word' id='word_1_122' title='bbox 1617 1415 1747 1475; x_wconf 89' lang='grc' dir='ltr'><em>τοὺς</em></span> <span class='ocrx_word' id='word_1_123' title='bbox 1787 1413 1868 1465; x_wconf 89' lang='grc' dir='ltr'><em>δι-</em></span> 
     </span>
     <span class='ocr_line' id='line_1_16' title="bbox 109 1498 1883 1568; baseline 0.002 -17"><span class='ocrx_word' id='word_1_124' title='bbox 109 1519 146 1553; x_wconf 73' lang='lat'><em>15</em></span> <span class='ocrx_word' id='word_1_125' title='bbox 176 1500 484 1562; x_wconf 81' lang='grc' dir='ltr'><em>δασκάλους</em></span> <span class='ocrx_word' id='word_1_126' title='bbox 532 1498 624 1552; x_wconf 82' lang='grc' dir='ltr'><em>καὶ</em></span> <span class='ocrx_word' id='word_1_127' title='bbox 663 1502 983 1565; x_wconf 85' lang='grc' dir='ltr'><em>καθίζοντες</em></span> <span class='ocrx_word' id='word_1_128' title='bbox 1030 1500 1262 1563; x_wconf 77' lang='grc' dir='ltr'><em>ἄκοντας</em></span> <span class='ocrx_word' id='word_1_129' title='bbox 1311 1499 1396 1553; x_wconf 83' lang='grc' dir='ltr'><em>ἐπὶ</em></span> <span class='ocrx_word' id='word_1_130' title='bbox 1443 1503 1575 1564; x_wconf 88' lang='grc' dir='ltr'><em>τοὺς</em></span> <span class='ocrx_word' id='word_1_131' title='bbox 1620 1503 1883 1568; x_wconf 85' lang='grc' dir='ltr'><em>θρόνους·</em></span> 
     </span>
     <span class='ocr_line' id='line_1_17' title="bbox 175 1585 1882 1659; baseline 0.002 -19"><span class='ocrx_word' id='word_1_132' title='bbox 175 1588 263 1641; x_wconf 87' lang='grc' dir='ltr'><em>καὶ</em></span> <span class='ocrx_word' id='word_1_133' title='bbox 302 1585 439 1656; x_wconf 73' lang='grc' dir='ltr'><em>μηδὲ</em></span> <span class='ocrx_word' id='word_1_134' title='bbox 479 1588 748 1641; x_wconf 82' lang='grc' dir='ltr'><em>ἀναπνεῖν</em></span> <span class='ocrx_word' id='word_1_135' title='bbox 787 1587 981 1651; x_wconf 82' lang='grc' dir='ltr'><em>ἐῶντες</em></span> <span class='ocrx_word' id='word_1_136' title='bbox 1020 1589 1281 1659; x_wconf 86' lang='grc' dir='ltr'><em>ὑβρισταί</em></span> <span class='ocrx_word' id='word_1_137' title='bbox 1315 1588 1378 1642; x_wconf 90' lang='grc' dir='ltr'><em>τέ</em></span> <span class='ocrx_word' id='word_1_138' title='bbox 1408 1592 1515 1643; x_wconf 83' lang='grc' dir='ltr'><em>εἰσι</em></span> <span class='ocrx_word' id='word_1_139' title='bbox 1546 1588 1637 1643; x_wconf 86' lang='grc' dir='ltr'><em>καὶ</em></span> <span class='ocrx_word' id='word_1_140' title='bbox 1669 1591 1882 1659; x_wconf 88' lang='grc' dir='ltr'><em>μικρὸν·</em></span> 
     </span>
     <span class='ocr_line' id='line_1_18' title="bbox 174 1671 1883 1748; baseline 0.001 -20"><span class='ocrx_word' id='word_1_141' title='bbox 174 1685 398 1730; x_wconf 87' lang='grc' dir='ltr'><em>ποιοῦσι</em></span> <span class='ocrx_word' id='word_1_142' title='bbox 444 1678 544 1730; x_wconf 93' lang='grc' dir='ltr'><em>τὸν</em></span> <span class='ocrx_word' id='word_1_143' title='bbox 591 1678 845 1748; x_wconf 81' lang='grc' dir='ltr'><em>εἰρηκότα</em></span> <span class='ocrx_word' id='word_1_144' title='bbox 890 1680 1128 1745; x_wconf 83' lang='grc' dir='ltr'><em>βοῶντες</em></span> <span class='ocrx_word' id='word_1_145' title='bbox 1176 1671 1283 1747; x_wconf 84' lang='grc' dir='ltr'><em>[οἷς</em></span> <span class='ocrx_word' id='word_1_146' title='bbox 1329 1686 1555 1732; x_wconf 86' lang='grc' dir='ltr'><em>ποιοῦσι</em></span> <span class='ocrx_word' id='word_1_147' title='bbox 1595 1678 1743 1747; x_wconf 86' lang='grc' dir='ltr'><em>τὸν],</em></span> <span class='ocrx_word' id='word_1_148' title='bbox 1797 1679 1883 1741; x_wconf 85' lang='grc' dir='ltr'><em>ὡς·</em></span> 
     </span>
     <span class='ocr_line' id='line_1_19' title="bbox 176 1756 1523 1834; baseline 0.001 -16"><span class='ocrx_word' id='word_1_149' title='bbox 176 1765 507 1834; x_wconf 82' lang='grc' dir='ltr'><em>ἠνώχληκεν.</em></span> <span class='ocrx_word' id='word_1_150' title='bbox 1520 1756 1523 1760; x_wconf 42' lang='grc'><strong>’</strong></span> 
     </span>
     <span class='ocr_line' id='line_1_20' title="bbox 87 1851 1883 1924; baseline 0 -16"><span class='ocrx_word' id='word_1_151' title='bbox 87 1866 129 1909; x_wconf 83' lang='lat' dir='ltr'>R</span> <span class='ocrx_word' id='word_1_152' title='bbox 151 1865 193 1908; x_wconf 90' lang='grc' dir='ltr'>Π</span> <span class='ocrx_word' id='word_1_153' title='bbox 210 1871 295 1909; x_wconf 60' lang='lat'><em>282</em></span> <span class='ocrx_word' id='word_1_154' title='bbox 410 1854 495 1906; x_wconf 78' lang='lat'><em>29.</em></span> <span class='ocrx_word' id='word_1_155' title='bbox 532 1854 538 1923; x_wconf 93' lang='grc' dir='ltr'>Ι</span> <span class='ocrx_word' id='word_1_156' title='bbox 585 1853 715 1923; x_wconf 81' lang='grc' dir='ltr'><em>Ἐγὼ</em></span> <span class='ocrx_word' id='word_1_157' title='bbox 755 1855 857 1924; x_wconf 79' lang='grc' dir='ltr'><em>μὲν</em></span> <span class='ocrx_word' id='word_1_158' title='bbox 896 1851 1000 1908; x_wconf 83' lang='grc' dir='ltr'><em>οὖν</em></span> <span class='ocrx_word' id='word_1_159' title='bbox 1039 1856 1166 1908; x_wconf 76' lang='grc' dir='ltr'><em>οὔτε</em></span> <span class='ocrx_word' id='word_1_160' title='bbox 1203 1860 1471 1909; x_wconf 83' lang='grc' dir='ltr'><em>καθεῖλον</em></span> <span class='ocrx_word' id='word_1_161' title='bbox 1509 1856 1637 1909; x_wconf 80' lang='grc' dir='ltr'><em>οὔτε</em></span> <span class='ocrx_word' id='word_1_162' title='bbox 1674 1861 1883 1908; x_wconf 78' lang='grc' dir='ltr'><em>καθαι-Ι</em></span> 
     </span>
    </p>
   </div>
   <div class='ocr_carea' id='block_1_3' title="bbox 296 2073 871 2134">
    <p class='ocr_par' dir='ltr' id='par_1_3' title="bbox 296 2073 871 2134">
     <span class='ocr_line' id='line_1_21' title="bbox 296 2073 871 2134; baseline 0.003 -17"><span class='ocrx_word' id='word_1_163' title='bbox 296 2079 324 2117; x_wconf 89' lang='grc'>4</span> <span class='ocrx_word' id='word_1_164' title='bbox 357 2074 583 2134; x_wconf 86' lang='grc' dir='ltr'><em>διωκέτω]</em></span> <span class='ocrx_word' id='word_1_165' title='bbox 608 2073 793 2132; x_wconf 84' lang='grc' dir='ltr'><em>ζητείτω</em></span> <span class='ocrx_word' id='word_1_166' title='bbox 828 2077 871 2120; x_wconf 90' lang='lat' dir='ltr'><em>V</em></span> 
     </span>
    </p>
   </div>
   <div class='ocr_carea' id='block_1_4' title="bbox 179 2279 1884 2988">
    <p class='ocr_par' dir='ltr' id='par_1_4' title="bbox 179 2279 1882 2569">
     <span class='ocr_line' id='line_1_22' title="bbox 300 2279 1868 2341; baseline 0 -16"><span class='ocrx_word' id='word_1_167' title='bbox 300 2287 323 2325; x_wconf 89' lang='lat'>1</span> <span class='ocrx_word' id='word_1_168' title='bbox 359 2281 515 2327; x_wconf 80' lang='grc' dir='ltr'><em>ἐθέλοι</em></span> <span class='ocrx_word' id='word_1_169' title='bbox 538 2285 574 2327; x_wconf 92' lang='lat' dir='ltr'><strong><em>I</em></strong></span> <span class='ocrx_word' id='word_1_170' title='bbox 593 2285 599 2339; x_wconf 79' lang='grc' dir='ltr'>Ι</span> <span class='ocrx_word' id='word_1_171' title='bbox 627 2279 892 2340; x_wconf 83' lang='grc' dir='ltr'><em>ρητορεύειν</em></span> <span class='ocrx_word' id='word_1_172' title='bbox 925 2283 1029 2326; x_wconf 85' lang='lat' dir='ltr'>coni</span> <span class='ocrx_word' id='word_1_173' title='bbox 1061 2282 1128 2326; x_wconf 85' lang='lat' dir='ltr'><em>Re</em></span> <span class='ocrx_word' id='word_1_174' title='bbox 1156 2286 1161 2340; x_wconf 92' lang='grc' dir='ltr'>Ι</span> <span class='ocrx_word' id='word_1_175' title='bbox 1191 2282 1309 2328; x_wconf 77' lang='grc' dir='ltr'><em>οὕτω</em></span> <span class='ocrx_word' id='word_1_176' title='bbox 1342 2283 1385 2327; x_wconf 94' lang='lat' dir='ltr'><strong><em>V</em></strong></span> <span class='ocrx_word' id='word_1_177' title='bbox 1501 2288 1526 2327; x_wconf 86' lang='lat'>2</span> <span class='ocrx_word' id='word_1_178' title='bbox 1558 2290 1650 2327; x_wconf 86' lang='grc' dir='ltr'><em>τῶν</em></span> <span class='ocrx_word' id='word_1_179' title='bbox 1682 2284 1731 2326; x_wconf 83' lang='lat' dir='ltr'><em>et</em></span> <span class='ocrx_word' id='word_1_180' title='bbox 1760 2284 1868 2341; x_wconf 88' lang='grc' dir='ltr'><em>βου-</em></span> 
     </span>
     <span class='ocr_line' id='line_1_23' title="bbox 179 2337 1881 2396; baseline -0.001 -12"><span class='ocrx_word' id='word_1_181' title='bbox 179 2339 384 2396; x_wconf 88' lang='grc' dir='ltr'><em>λομένων</em></span> <span class='ocrx_word' id='word_1_182' title='bbox 417 2344 451 2386; x_wconf 96' lang='grc' dir='ltr'><em>Ι</em></span> <span class='ocrx_word' id='word_1_183' title='bbox 593 2347 621 2384; x_wconf 88' lang='grc'>4</span> <span class='ocrx_word' id='word_1_184' title='bbox 654 2342 930 2386; x_wconf 79' lang='grc' dir='ltr'><em>δεικνύοντα</em></span> <span class='ocrx_word' id='word_1_185' title='bbox 961 2343 1005 2387; x_wconf 89' lang='lat' dir='ltr'><strong><em>V</em></strong></span> <span class='ocrx_word' id='word_1_186' title='bbox 1030 2342 1112 2386; x_wconf 80' lang='lat' dir='ltr'><em>sed</em></span> <span class='ocrx_word' id='word_1_187' title='bbox 1144 2359 1168 2386; x_wconf 92' lang='grc' dir='ltr'><em>ο</em></span> <span class='ocrx_word' id='word_1_188' title='bbox 1202 2355 1303 2386; x_wconf 83' lang='lat' dir='ltr'><strong>eras</strong></span> <span class='ocrx_word' id='word_1_189' title='bbox 1448 2346 1473 2385; x_wconf 82' lang='lat'>5</span> <span class='ocrx_word' id='word_1_190' title='bbox 1507 2341 1609 2386; x_wconf 83' lang='grc' dir='ltr'><em>ἴσον</em></span> <span class='ocrx_word' id='word_1_191' title='bbox 1641 2343 1719 2386; x_wconf 89' lang='grc' dir='ltr'><em>ΡΙ</em></span> <span class='ocrx_word' id='word_1_192' title='bbox 1743 2341 1824 2384; x_wconf 82' lang='lat' dir='ltr'><em>sed</em></span> <span class='ocrx_word' id='word_1_193' title='bbox 1848 2337 1881 2355; x_wconf 66' lang='lat'><em>&#39;¹&#39;</em></span> 
     </span>
     <span class='ocr_line' id='line_1_24' title="bbox 180 2398 1869 2458; baseline 0.001 -16"><span class='ocrx_word' id='word_1_194' title='bbox 180 2400 228 2442; x_wconf 89' lang='lat' dir='ltr'><em>in</em></span> <span class='ocrx_word' id='word_1_195' title='bbox 252 2412 328 2443; x_wconf 75' lang='lat' dir='ltr'><em>ras</em></span> <span class='ocrx_word' id='word_1_196' title='bbox 353 2400 484 2444; x_wconf 61' lang='lat' dir='ltr'>1³³1ss</span> <span class='ocrx_word' id='word_1_197' title='bbox 546 2400 627 2444; x_wconf 82' lang='grc' dir='ltr'><em>ἴσω</em></span> <span class='ocrx_word' id='word_1_198' title='bbox 663 2403 747 2445; x_wconf 90' lang='lat' dir='ltr'><em>Mo</em></span> <span class='ocrx_word' id='word_1_199' title='bbox 779 2403 826 2445; x_wconf 83' lang='lat' dir='ltr'><em>et</em></span> <span class='ocrx_word' id='word_1_200' title='bbox 858 2419 912 2458; x_wconf 78' lang='grc' dir='ltr'><em>γρ</em></span> <span class='ocrx_word' id='word_1_201' title='bbox 944 2401 993 2444; x_wconf 92' lang='lat' dir='ltr'><em>in</em></span> <span class='ocrx_word' id='word_1_202' title='bbox 1016 2415 1151 2458; x_wconf 77' lang='lat' dir='ltr'><strong>marg</strong></span> <span class='ocrx_word' id='word_1_203' title='bbox 1174 2401 1276 2445; x_wconf 90' lang='lat' dir='ltr'><em>Mor</em></span> <span class='ocrx_word' id='word_1_204' title='bbox 1337 2402 1522 2456; x_wconf 82' lang='lat' dir='ltr'><em>‚malim</em></span> <span class='ocrx_word' id='word_1_205' title='bbox 1554 2400 1665 2445; x_wconf 81' lang='grc' dir='ltr'><em>ἴσων</em></span> <span class='ocrx_word' id='word_1_206' title='bbox 1697 2403 1770 2457; x_wconf 73' lang='lat' dir='ltr'><strong>(sc.</strong></span> <span class='ocrx_word' id='word_1_207' title='bbox 1795 2398 1869 2444; x_wconf 83' lang='grc' dir='ltr'><em>λό-</em></span> 
     </span>
     <span class='ocr_line' id='line_1_25' title="bbox 181 2457 1882 2532; baseline 0 -30"><span class='ocrx_word' id='word_1_208' title='bbox 181 2461 321 2516; x_wconf 80' lang='grc' dir='ltr'><em>γων)“</em></span> <span class='ocrx_word' id='word_1_209' title='bbox 346 2459 414 2503; x_wconf 82' lang='lat' dir='ltr'><em>Re</em></span> <span class='ocrx_word' id='word_1_210' title='bbox 442 2461 448 2515; x_wconf 89' lang='grc' dir='ltr'>Ι</span> <span class='ocrx_word' id='word_1_211' title='bbox 474 2466 617 2516; x_wconf 84' lang='grc' dir='ltr'><em>τῆκον</em></span> <span class='ocrx_word' id='word_1_212' title='bbox 645 2461 728 2504; x_wconf 89' lang='lat' dir='ltr'><em>Mo</em></span> <span class='ocrx_word' id='word_1_213' title='bbox 847 2461 996 2504; x_wconf 87' lang='grc' dir='ltr'><em>τύπον</em></span> <span class='ocrx_word' id='word_1_214' title='bbox 1021 2460 1123 2504; x_wconf 87' lang='lat' dir='ltr'><em>Mor</em></span> <span class='ocrx_word' id='word_1_215' title='bbox 1154 2460 1235 2504; x_wconf 82' lang='lat' dir='ltr'><em>sed</em></span> <span class='ocrx_word' id='word_1_216' title='bbox 1266 2477 1321 2528; x_wconf 77' lang='grc' dir='ltr'><em>γρ</em></span> <span class='ocrx_word' id='word_1_217' title='bbox 1343 2460 1483 2504; x_wconf 84' lang='grc' dir='ltr'><em>τύκον</em></span> <span class='ocrx_word' id='word_1_218' title='bbox 1513 2459 1564 2503; x_wconf 87' lang='lat' dir='ltr'><em>in</em></span> <span class='ocrx_word' id='word_1_219' title='bbox 1587 2472 1721 2532; x_wconf 80' lang='lat' dir='ltr'><strong>marg</strong></span> <span class='ocrx_word' id='word_1_220' title='bbox 1748 2461 1754 2516; x_wconf 87' lang='grc' dir='ltr'>Ι</span> <span class='ocrx_word' id='word_1_221' title='bbox 1782 2457 1882 2502; x_wconf 75' lang='grc' dir='ltr'><em>κᾶν·</em></span> 
     </span>
     <span class='ocr_line' id='line_1_26' title="bbox 181 2512 1882 2569; baseline -0.001 -8"><span class='ocrx_word' id='word_1_222' title='bbox 181 2531 206 2561; x_wconf 84' lang='lat' dir='ltr'>e</span> <span class='ocrx_word' id='word_1_223' title='bbox 238 2517 323 2561; x_wconf 62' lang='lat' dir='ltr'><em>nal*</em></span> <span class='ocrx_word' id='word_1_224' title='bbox 351 2532 452 2562; x_wconf 87' lang='lat' dir='ltr'><strong>corr</strong></span> <span class='ocrx_word' id='word_1_225' title='bbox 475 2518 534 2562; x_wconf 83' lang='lat'><em>1⁸</em></span> <span class='ocrx_word' id='word_1_226' title='bbox 593 2519 682 2562; x_wconf 79' lang='grc' dir='ltr'><em>κάν</em></span> <span class='ocrx_word' id='word_1_227' title='bbox 710 2519 753 2563; x_wconf 92' lang='lat' dir='ltr'><strong><em>V</em></strong></span> <span class='ocrx_word' id='word_1_228' title='bbox 867 2524 892 2562; x_wconf 89' lang='grc'>8</span> <span class='ocrx_word' id='word_1_229' title='bbox 926 2516 1062 2569; x_wconf 86' lang='grc' dir='ltr'><em>οῑςΙ</em></span> <span class='ocrx_word' id='word_1_230' title='bbox 1027 2519 1169 2563; x_wconf 82' lang='lat' dir='ltr'>Ised</span> <span class='ocrx_word' id='word_1_231' title='bbox 1194 2535 1239 2563; x_wconf 92' lang='grc' dir='ltr'><em>οι</em></span> <span class='ocrx_word' id='word_1_232' title='bbox 1270 2519 1319 2562; x_wconf 90' lang='lat' dir='ltr'><em>in</em></span> <span class='ocrx_word' id='word_1_233' title='bbox 1343 2532 1418 2562; x_wconf 85' lang='lat' dir='ltr'><em>ras</em></span> <span class='ocrx_word' id='word_1_234' title='bbox 1452 2512 1540 2563; x_wconf 73' lang='lat' dir='ltr'><em>et‘</em></span> <span class='ocrx_word' id='word_1_235' title='bbox 1575 2532 1600 2563; x_wconf 83' lang='lat' dir='ltr'><strong>e</strong></span> <span class='ocrx_word' id='word_1_236' title='bbox 1677 2532 1779 2562; x_wconf 87' lang='lat' dir='ltr'><strong>corr</strong></span> <span class='ocrx_word' id='word_1_237' title='bbox 1801 2517 1882 2560; x_wconf 59' lang='grc' dir='ltr'><em>ιη’·</em></span> 
     </span>
    </p>

    <p class='ocr_par' dir='ltr' id='par_1_5' title="bbox 182 2575 1884 2988">
     <span class='ocr_line' id='line_1_27' title="bbox 241 2575 1819 2633; baseline 0 -13"><span class='ocrx_word' id='word_1_238' title='bbox 241 2582 266 2620; x_wconf 87' lang='grc'>9</span> <span class='ocrx_word' id='word_1_239' title='bbox 300 2576 361 2633; x_wconf 89' lang='grc' dir='ltr'><em>μὴ</em></span> <span class='ocrx_word' id='word_1_240' title='bbox 393 2576 444 2622; x_wconf 79' lang='grc' dir='ltr'><em>δὲ</em></span> <span class='ocrx_word' id='word_1_241' title='bbox 476 2578 691 2622; x_wconf 90' lang='lat' dir='ltr'><strong><em>PIMoV</em></strong></span> <span class='ocrx_word' id='word_1_242' title='bbox 726 2579 733 2631; x_wconf 82' lang='grc' dir='ltr'>Ι</span> <span class='ocrx_word' id='word_1_243' title='bbox 773 2575 842 2627; x_wconf 84' lang='grc' dir='ltr'><em>τίς</em></span> <span class='ocrx_word' id='word_1_244' title='bbox 875 2579 918 2622; x_wconf 92' lang='lat' dir='ltr'><strong><em>V</em></strong></span> <span class='ocrx_word' id='word_1_245' title='bbox 943 2577 1069 2622; x_wconf 82' lang='lat' dir='ltr'>sed&#39;</span> <span class='ocrx_word' id='word_1_246' title='bbox 1101 2591 1202 2621; x_wconf 84' lang='lat' dir='ltr'><strong>eras</strong></span> <span class='ocrx_word' id='word_1_247' title='bbox 1347 2582 1402 2620; x_wconf 84' lang='lat'><em>12</em></span> <span class='ocrx_word' id='word_1_248' title='bbox 1435 2577 1742 2622; x_wconf 81' lang='grc' dir='ltr'><em>ἐπιδιδόντων</em></span> <span class='ocrx_word' id='word_1_249' title='bbox 1776 2577 1819 2620; x_wconf 93' lang='lat' dir='ltr'><strong><em>V</em></strong></span> 
     </span>
     <span class='ocr_line' id='line_1_28' title="bbox 185 2635 1869 2703; baseline 0 -25"><span class='ocrx_word' id='word_1_250' title='bbox 185 2641 238 2678; x_wconf 86' lang='lat'><em>13</em></span> <span class='ocrx_word' id='word_1_251' title='bbox 271 2635 324 2680; x_wconf 82' lang='grc' dir='ltr'><em>δὲ</em></span> <span class='ocrx_word' id='word_1_252' title='bbox 347 2637 394 2681; x_wconf 91' lang='grc' dir='ltr'><strong><em>Ρ</em></strong></span> <span class='ocrx_word' id='word_1_253' title='bbox 422 2637 504 2680; x_wconf 76' lang='lat' dir='ltr'><strong>sed.</strong></span> <span class='ocrx_word' id='word_1_254' title='bbox 529 2638 580 2680; x_wconf 83' lang='grc' dir='ltr'><em>δε</em></span> <span class='ocrx_word' id='word_1_255' title='bbox 604 2636 654 2679; x_wconf 90' lang='lat' dir='ltr'><em>in</em></span> <span class='ocrx_word' id='word_1_256' title='bbox 676 2650 751 2680; x_wconf 77' lang='lat' dir='ltr'><em>ras</em></span> <span class='ocrx_word' id='word_1_257' title='bbox 776 2636 845 2679; x_wconf 84' lang='lat' dir='ltr'><em>m²</em></span> <span class='ocrx_word' id='word_1_258' title='bbox 969 2642 1024 2681; x_wconf 90' lang='lat'><em>14</em></span> <span class='ocrx_word' id='word_1_259' title='bbox 1053 2636 1387 2692; x_wconf 83' lang='grc' dir='ltr'><em>προισταμενοι</em></span> <span class='ocrx_word' id='word_1_260' title='bbox 1410 2638 1485 2681; x_wconf 86' lang='grc' dir='ltr'><em>Ρα</em></span> <span class='ocrx_word' id='word_1_261' title='bbox 1544 2635 1869 2703; x_wconf 66' lang='grc' dir='ltr'><em>περισταμενοι</em></span> 
     </span>
     <span class='ocr_line' id='line_1_29' title="bbox 182 2692 1879 2751; baseline 0 -14"><span class='ocrx_word' id='word_1_262' title='bbox 182 2694 284 2738; x_wconf 88' lang='lat' dir='ltr'><em>Mor</em></span> <span class='ocrx_word' id='word_1_263' title='bbox 435 2700 489 2738; x_wconf 88' lang='grc'><em>16</em></span> <span class='ocrx_word' id='word_1_264' title='bbox 568 2694 680 2751; x_wconf 80' lang='grc' dir='ltr'><em>ἠδὲ</em></span> <span class='ocrx_word' id='word_1_265' title='bbox 712 2696 926 2740; x_wconf 89' lang='lat' dir='ltr'><strong><em>PIMoV</em></strong></span> <span class='ocrx_word' id='word_1_266' title='bbox 1071 2700 1124 2739; x_wconf 82' lang='lat'><em>17</em></span> <span class='ocrx_word' id='word_1_267' title='bbox 1173 2692 1244 2746; x_wconf 82' lang='grc' dir='ltr'><em>οἷς</em></span> <span class='ocrx_word' id='word_1_268' title='bbox 1273 2702 1462 2739; x_wconf 85' lang='grc' dir='ltr'><em>ποιοῦσι</em></span> <span class='ocrx_word' id='word_1_269' title='bbox 1492 2695 1573 2740; x_wconf 85' lang='grc' dir='ltr'><em>τὸν</em></span> <span class='ocrx_word' id='word_1_270' title='bbox 1617 2692 1879 2738; x_wconf 64' lang='lat' dir='ltr'><em>‹zamcellavi⁴</em></span> 
     </span>
     <span class='ocr_line' id='line_1_30' title="bbox 182 2751 1884 2810; baseline -0.001 -14"><span class='ocrx_word' id='word_1_271' title='bbox 182 2760 368 2798; x_wconf 86' lang='grc' dir='ltr'><em>ποιοῦσι</em></span> <span class='ocrx_word' id='word_1_272' title='bbox 406 2754 489 2798; x_wconf 88' lang='grc' dir='ltr'><em>τὸν</em></span> <span class='ocrx_word' id='word_1_273' title='bbox 527 2753 649 2798; x_wconf 81' lang='lat' dir='ltr'>male</span> <span class='ocrx_word' id='word_1_274' title='bbox 688 2754 954 2810; x_wconf 83' lang='lat' dir='ltr'><strong>repetitum,</strong></span> <span class='ocrx_word' id='word_1_275' title='bbox 999 2751 1070 2804; x_wconf 79' lang='grc' dir='ltr'><em>οἷς</em></span> <span class='ocrx_word' id='word_1_276' title='bbox 1108 2754 1168 2797; x_wconf 86' lang='lat' dir='ltr'><em>ad</em></span> <span class='ocrx_word' id='word_1_277' title='bbox 1208 2756 1489 2798; x_wconf 75' lang='lat' dir='ltr'><strong>structuram</strong></span> <span class='ocrx_word' id='word_1_278' title='bbox 1527 2753 1884 2797; x_wconf 81' lang='lat' dir='ltr'><strong>resarciendam.</strong></span> 
     </span>
     <span class='ocr_line' id='line_1_31' title="bbox 183 2811 1870 2868; baseline 0 -13"><span class='ocrx_word' id='word_1_279' title='bbox 183 2814 346 2867; x_wconf 80' lang='lat' dir='ltr'><strong>postea</strong></span> <span class='ocrx_word' id='word_1_280' title='bbox 377 2813 602 2856; x_wconf 84' lang='lat' dir='ltr'><strong>insertum</strong></span> <span class='ocrx_word' id='word_1_281' title='bbox 636 2826 734 2856; x_wconf 82' lang='lat' dir='ltr'>esse</span> <span class='ocrx_word' id='word_1_282' title='bbox 768 2813 1020 2857; x_wconf 74' lang='lat' dir='ltr'><strong>arbitratus</strong></span> <span class='ocrx_word' id='word_1_283' title='bbox 1110 2811 1181 2864; x_wconf 85' lang='grc' dir='ltr'><em>οἷς</em></span> <span class='ocrx_word' id='word_1_284' title='bbox 1211 2815 1242 2857; x_wconf 95' lang='grc'><em>1</em></span> <span class='ocrx_word' id='word_1_285' title='bbox 1271 2813 1352 2857; x_wconf 83' lang='lat' dir='ltr'><em>sed</em></span> <span class='ocrx_word' id='word_1_286' title='bbox 1385 2829 1409 2857; x_wconf 91' lang='grc' dir='ltr'><em>ο</em></span> <span class='ocrx_word' id='word_1_287' title='bbox 1464 2813 1514 2855; x_wconf 90' lang='lat' dir='ltr'><em>in</em></span> <span class='ocrx_word' id='word_1_288' title='bbox 1536 2826 1612 2856; x_wconf 84' lang='lat' dir='ltr'><em>ras</em></span> <span class='ocrx_word' id='word_1_289' title='bbox 1637 2813 1707 2855; x_wconf 75' lang='lat' dir='ltr'><em>m³</em></span> <span class='ocrx_word' id='word_1_290' title='bbox 1734 2815 1739 2868; x_wconf 87' lang='grc' dir='ltr'>Ι</span> <span class='ocrx_word' id='word_1_291' title='bbox 1766 2827 1870 2855; x_wconf 87' lang='grc' dir='ltr'><em>ποι-</em></span> 
     </span>
     <span class='ocr_line' id='line_1_32' title="bbox 184 2870 1878 2954; baseline 0 -41"><span class='ocrx_word' id='word_1_292' title='bbox 184 2877 286 2913; x_wconf 86' lang='grc' dir='ltr'><em>οῦσι</em></span> <span class='ocrx_word' id='word_1_293' title='bbox 319 2885 395 2914; x_wconf 92' lang='lat' dir='ltr'><em>om</em></span> <span class='ocrx_word' id='word_1_294' title='bbox 418 2873 494 2916; x_wconf 89' lang='lat' dir='ltr'><em>Pa</em></span> <span class='ocrx_word' id='word_1_295' title='bbox 564 2879 780 2916; x_wconf 80' lang='grc' dir='ltr'><em>ποιοῦσιν</em></span> <span class='ocrx_word' id='word_1_296' title='bbox 808 2872 910 2915; x_wconf 90' lang='lat' dir='ltr'><em>Mor</em></span> <span class='ocrx_word' id='word_1_297' title='bbox 952 2876 956 2926; x_wconf 88' lang='grc' dir='ltr'>Ι</span> <span class='ocrx_word' id='word_1_298' title='bbox 999 2871 1081 2916; x_wconf 87' lang='grc' dir='ltr'><em>τὸν</em></span> <span class='ocrx_word' id='word_1_299' title='bbox 1113 2885 1214 2916; x_wconf 82' lang='lat' dir='ltr'><strong>eras</strong></span> <span class='ocrx_word' id='word_1_300' title='bbox 1240 2873 1285 2915; x_wconf 92' lang='lat' dir='ltr'><strong><em>P</em></strong></span> <span class='ocrx_word' id='word_1_301' title='bbox 1343 2885 1418 2915; x_wconf 92' lang='lat' dir='ltr'><em>om</em></span> <span class='ocrx_word' id='word_1_302' title='bbox 1440 2871 1543 2915; x_wconf 86' lang='lat' dir='ltr'><em>Mor</em></span> <span class='ocrx_word' id='word_1_303' title='bbox 1665 2874 1718 2914; x_wconf 90' lang='lat'><em>18</em></span> <span class='ocrx_word' id='word_1_304' title='bbox 1750 2870 1878 2954; x_wconf 53' lang='lat' dir='ltr'><em>vjvm*</em></span> 
     </span>
     <span class='ocr_line' id='line_1_33' title="bbox 183 2930 1300 2988; baseline 0.002 -16"><span class='ocrx_word' id='word_1_305' title='bbox 183 2931 348 2985; x_wconf 83' lang='grc' dir='ltr'><em>χληκεν</em></span> <span class='ocrx_word' id='word_1_306' title='bbox 381 2932 413 2974; x_wconf 91' lang='grc' dir='ltr'><em>Ι</em></span> <span class='ocrx_word' id='word_1_307' title='bbox 440 2931 521 2974; x_wconf 80' lang='lat' dir='ltr'>sed.</span> <span class='ocrx_word' id='word_1_308' title='bbox 552 2948 580 2987; x_wconf 86' lang='grc' dir='ltr'><em>η</em></span> <span class='ocrx_word' id='word_1_309' title='bbox 614 2944 669 2975; x_wconf 85' lang='lat' dir='ltr'><em>ex</em></span> <span class='ocrx_word' id='word_1_310' title='bbox 702 2948 719 2974; x_wconf 93' lang='grc' dir='ltr'><em>ι</em></span> <span class='ocrx_word' id='word_1_311' title='bbox 751 2945 851 2974; x_wconf 86' lang='lat' dir='ltr'><strong>corr</strong></span> <span class='ocrx_word' id='word_1_312' title='bbox 882 2933 929 2974; x_wconf 82' lang='lat' dir='ltr'><em>et</em></span> <span class='ocrx_word' id='word_1_313' title='bbox 959 2949 987 2975; x_wconf 87' lang='grc' dir='ltr'><em>ν</em></span> <span class='ocrx_word' id='word_1_314' title='bbox 1019 2932 1080 2988; x_wconf 82' lang='grc'><em>(2)</em></span> <span class='ocrx_word' id='word_1_315' title='bbox 1113 2931 1206 2974; x_wconf 85' lang='lat' dir='ltr'><em>add</em></span> <span class='ocrx_word' id='word_1_316' title='bbox 1230 2930 1300 2974; x_wconf 79' lang='lat' dir='ltr'><em>m³</em></span> 
     </span>
    </p>
   </div>
  </div>
 </body>
</html>
