1992 3094
209 104 312 156 114
711 100 937 144 LIBANII
969 99 1192 144 ORATIO
1226 98 1349 142 XXX

204 259 263 307 γε
303 241 473 299 ὄντως
505 238 675 290 αὐτοῦ
709 237 1120 304 φιλανθρωπία,
1161 237 1327 302 ἔλεος,
1368 230 1565 301 οἶκτος,
1605 234 1885 304 ἡμερότης,

203 328 477 393 ἐπιείκεια,
517 327 576 378 τὸ
618 325 807 389 σώζειν
846 328 1056 392 μᾶλλον
1094 323 1126 391 ἢ
1168 322 1489 376 ἀπολλύναι.
1558 320 1675 375 ἀλλ’
1707 324 1887 376 ὄντων

115 429 320 472 R11199
362 425 471 468 τῶν
510 416 573 467 τὰ
614 415 925 482 δικαιότερα
971 416 976 476 1
1025 414 1315 480 λεγόντων,
1357 411 1457 476 ὅτι,
1497 415 1649 481 εἴπερ
1688 431 1740 463 τι
1778 431 1888 464 τοι-

205 513 370 557 οῦτον
425 508 531 571 εἴη,
594 504 754 569 δίκην
815 502 916 570 μὲν
974 502 1058 553 δεῖ
1117 508 1217 553 τοῦ
1278 502 1619 568 τολμήματος
1679 501 1888 567 λαβεῖν,

160 615 177 646 5
204 594 375 663 τούτῳ
416 589 475 644 δὲ
515 591 660 663 αὐτῷ
694 594 1078 659 προνοηθῆναι
1117 596 1215 641 τοῦ
1255 588 1551 655 μέλλοντος
1589 587 1617 640 ὁ
1648 590 1750 657 τὴν
1775 591 1886 641 Κα-

205 682 397 750 δμείαν
472 687 691 747 νικῆσαι
768 681 928 746 νίκην
1005 679 1255 745 οἰόμενος
1335 678 1455 730 δεῖν
1537 679 1888 746 πανταχόθεν
1946 715 1948 717 ψ

204 769 468 838 ἐνίκησεν.

312 858 399 910 48.
433 856 586 910 ’Έδει
627 853 686 909 δὲ
728 856 897 908 αὐτὸν
937 856 1078 923 (μὴ)
1123 856 1255 923 μετὰ
1302 856 1396 917 τὰς
1435 856 1639 917 οἰκείας
1683 854 1889 922 ἡδονὰς

204 949 268 999 τὰ
285 953 489 1000 σαυτοῦ
509 945 839 1015 θεραπεύειν
863 942 987 1012 μηδ’
1005 944 1213 1013 <ὁρᾶν>
1230 944 1376 1005 ὅπως
1398 943 1566 1012 μέγας
1591 939 1733 996 εἶναι
1758 943 1888 1013 δόξῃ

139 1058 180 1089 10
205 1044 317 1098 τοῖς
356 1036 455 1102 τὴν
492 1035 593 1101 μὲν
632 1035 904 1102 γεωργίαν
945 1033 1269 1101 ἀποδρᾶσιν,
1322 1031 1534 1101 ὁμιλεῖν
1574 1032 1635 1085 δὲ
1674 1031 1735 1085 ἐν
1772 1040 1889 1094 τοῖς

204 1126 353 1192 ὄρεσι
386 1123 607 1191 λέγουσι
631 1128 705 1194 τῷ
732 1130 842 1174 τῶν
875 1121 1019 1174 ὅλων
1050 1129 1263 1191 ποιητῇ,
1297 1119 1417 1173 ἀλλ’
1446 1121 1518 1183 ὡς
1549 1122 1614 1173 τὰ
1648 1122 1717 1174 σα
1750 1120 1888 1191 [καὶ]

204 1213 339 1265 καλὰ
378 1212 466 1264 καὶ
506 1210 748 1264 ἐπαίνων
787 1209 910 1273 ἄξια
956 1210 1103 1277 παρὰ
1149 1217 1318 1262 πᾶσιν
1357 1209 1678 1278 ἀνθρώποις
1718 1210 1888 1263 δοκοῖ.

203 1309 309 1354 νῦν
350 1301 409 1353 δὲ
455 1299 610 1369 μέχρι
655 1296 757 1367 μὲν
802 1306 900 1351 τοῦ
953 1302 1144 1367 λαβεῖν
1197 1297 1287 1351 καὶ
1333 1300 1574 1351 κενῶσαί
1625 1312 1713 1351 σοι
1759 1301 1890 1361 τοὺς

204 1391 524 1458 θησαυροὺς
569 1388 764 1440 πολλοὶ
813 1390 966 1456 φίλοι
1014 1386 1104 1439 καὶ
1151 1385 1448 1456 ἐπιτήδειοι
1494 1387 1586 1440 καὶ
1630 1388 1736 1456 πρὸ
1777 1397 1889 1440 τῶν

139 1500 178 1531 15
206 1488 397 1547 ψυχῶν
437 1478 622 1538 αὐτοῖς
660 1476 692 1544 ἡ
742 1477 808 1544 σὴ
855 1478 1130 1543 βασιλεία,
1177 1483 1374 1546 καιροῦ
1423 1475 1485 1528 δὲ
1530 1476 1760 1544 ἥκοντος
1798 1476 1888 1528 καὶ

203 1570 406 1634 βουλῆς
445 1565 726 1633 παρούσης
773 1566 997 1618 εὔνοιαν
1038 1564 1375 1632 ἀπαιτούσης
1421 1565 1578 1617 ταυτὶ
1623 1561 1725 1633 μὲν
1762 1564 1888 1633 ἠμέ-

120 1667 217 1710 RII
237 1671 320 1710 200
363 1659 534 1723 ληται,
570 1654 575 1721 Ι
611 1655 675 1705 τὰ
716 1651 776 1706 δὲ
817 1654 932 1706 ἴδιά
971 1667 1167 1723 σφισιν
1210 1651 1590 1706 ε’σπούδασται.
1659 1653 1745 1705 49.
1784 1652 1890 1706 κᾶν

203 1743 530 1811 προσελθών
568 1762 650 1804 τις
689 1742 875 1804 αὐτοῖς
914 1743 977 1794 τί
1013 1750 1236 1810 ταῦτα;
1293 1744 1502 1810 ἔρηται,
1554 1743 1613 1794 τὸ
1653 1742 1754 1810 μὲν
1793 1742 1888 1794 αὑ-

205 1841 314 1883 τῶν
352 1829 451 1894 ἔξω
492 1839 586 1898 τῆς
626 1832 800 1893 αἰτίας
839 1837 1081 1897 ποιοῦσι,
1120 1829 1210 1882 καὶ
1247 1830 1331 1883 ὅτι
1363 1833 1725 1898 πεποιήκασιν
1757 1830 1889 1883 ἀπο-

141 1941 182 1972 20
207 1922 488 1985 κρίνονται
521 1919 553 1971 ἄ
586 1939 646 1986 γε
678 1926 751 1991 τῷ
779 1922 991 1986 βασιλεῖ
1021 1917 1172 1982 ἔδοξε
1203 1918 1293 1971 καὶ
1321 1918 1534 1972 ἐκεῖνον
1567 1920 1666 1987 τὴν
1691 1917 1889 1972 ἀπολο-
1958 1970 1968 1983 ‚

207 2009 333 2074 γίαν
372 2007 619 2076 ὀφείλειν
658 2006 748 2060 καὶ
788 2015 1014 2060 τοιαῦτα
1055 2007 1328 2075 λέγουσιν.
1399 2008 1450 2060 οἱ
1492 2005 1538 2059 δ’
1573 2007 1892 2075 ὀφείλοντες

325 2174 349 2210 5
383 2168 439 2210 cf.
465 2183 508 2223 p.
530 2173 600 2222 55,
619 2173 643 2210 3
768 2173 817 2210 11
853 2167 971 2211 Plat.
1000 2167 1115 2210 Tim.
1143 2182 1187 2223 p.
1208 2166 1310 2210 28C

327 2321 346 2356 l
393 2314 525 2365 ὄντος
555 2315 629 2357 IB
663 2316 727 2369 (eb
749 2314 853 2368 Par,
887 2316 967 2359 sed
999 2315 1046 2358 in
1079 2315 1167 2359 hoc
1199 2314 1308 2364 ἴσως
1340 2313 1483 2364 ὅντως
1514 2314 1561 2357 in
1586 2329 1719 2371 marg
1742 2314 1828 2371 m²>

206 2379 230 2416 5
264 2380 397 2416 τοῦτο
431 2375 463 2416 Ι
579 2378 602 2416 6
636 2372 770 2429 νίκην
803 2381 988 2430 νικῆσαι
1013 2376 1042 2417 ,Ι
1161 2378 1186 2416 8
1221 2373 1280 2429 μὴ
1311 2373 1484 2416 inserui
1517 2387 1621 2418 cum
1646 2374 1890 2417 Monnerio

266 2436 290 2474 9
334 2431 389 2475 τὰ
430 2432 592 2487 scripsi
682 2433 764 2483 τὰς
794 2433 902 2476 libri
935 2432 1026 2477 edd
1057 2435 1171 2488 (τοῖς
1202 2432 1308 2488 Grot)
1360 2434 1364 2486 Ι
1417 2431 1584 2476 ἑαυτοῦ
1619 2434 1662 2477 V
1739 2439 1882 2476 αυτοῦ

207 2505 311 2533 cum
341 2504 416 2533 ras
445 2495 465 2533 1
500 2491 580 2533 litt
611 2493 718 2534 ante
751 2509 780 2534 α
815 2493 858 2536 U
913 2493 1056 2536 αὐτοῦ
1090 2491 1181 2535 Got
1208 2494 1213 2539 Ι
1242 2491 1301 2547 μὴ
1328 2489 1375 2534 δ’
1394 2491 1503 2534 libri
1532 2493 1537 2546 Ι
1567 2491 1681 2547 ὁρᾶν
1713 2490 1888 2534 inserui

208 2555 315 2602 „aut
345 2550 417 2593 hic
447 2551 820 2605 interponendum
853 2551 1169 2606 ἐπιμελεῖσθαι
1200 2556 1282 2594 azot
1313 2551 1458 2606 paulo
1491 2556 1596 2605 post
1627 2551 1891 2594 addewdum

207 2613 426 2651 σκοπεῖν“
452 2608 517 2652 Re
546 2611 550 2664 Ι
579 2604 702 2653 εἶναι
732 2609 872 2666 μέγας
895 2610 955 2667 ΙΙ
983 2609 1138 2661 δόξειῗ
1262 2613 1315 2651 10
1347 2608 1432 2664 τὴν
1461 2623 1536 2652 om
1563 2610 1606 2654 V
1722 2614 1773 2652 11
1807 2608 1887 2652 καὶ
1955 2626 1958 2627 ’

208 2666 460 2710 cancellavi
612 2672 664 2710 12
706 2671 857 2725 δοκῇὶ)
1012 2673 1064 2711 16
1106 2668 1294 2712 ἔννοιαν
1326 2668 1372 2710 Β
1398 2666 1488 2710 Got
1641 2672 1694 2710 17
1728 2681 1888 2723 σφισιν

208 2725 369 2781 scripsi
437 2726 557 2768 τισὶν
588 2725 697 2768 libri
730 2727 820 2770 edd
953 2731 1006 2770 18
1039 2728 1225 2781 „malim
1256 2726 1453 2776 αὐτοὺςι*
1485 2726 1552 2770 Re
1595 2730 1599 2780 Ι
1643 2727 1797 2770 αὐτῶν
1831 2727 1895 2770 Μ

269 2788 321 2826 19
366 2782 699 2839 ἀποκρίνονται
738 2784 804 2828 Re
895 2786 1274 2840 ἀποκρύπτονται
1316 2784 1425 2827 libri
1466 2785 1556 2828 Got
1587 2785 1800 2828 Monnier

265 2847 402 2943 2οὲγε
435 2842 598 2898 scripsi
660 2843 709 2887 δὲ
737 2844 828 2888 VU
853 2847 899 2887 eb
930 2845 1053 2888 inser
1077 2844 1212 2888 P²M
1270 2857 1344 2887 om
1374 2843 1543 2898 reliqui
1574 2843 1683 2887 libri
1708 2843 1799 2888 edd

208 2906 258 2942 21
297 2903 324 2944 δ
381 2902 469 2944 edd
