1992 3094
152 113 261 165 412
662 112 890 156 LIBANII
921 112 1144 157 ORATIO
1178 112 1343 157 XLVH

153 250 254 317 τὴν
307 251 516 318 κρίσιν,
589 245 756 317 ἦττον
809 249 916 318 γὰρ
967 249 1150 318 ἡγεῖτο
1205 249 1379 302 κακὸν
1431 250 1532 317 τὴν
1587 250 1666 312 εἰς
1717 252 1852 313 τοὺς.

153 340 324 400 θεοὺς
372 337 629 405 ἀσέβειαν
673 336 706 405 ἢ
756 338 815 390 τὸ
863 335 1222 405 φθέγξασθαί
1264 358 1315 390 τι
1362 338 1577 390 τούτων
1621 336 1654 390 ἃ
1694 347 1848 406 σιγᾶ-
1960 388 1966 395 ,.

156 430 290 478 σθαι
339 425 580 494 βούλοιτ’
621 425 690 478 ἂν
737 426 765 479 ὁ
808 427 1120 495 στρατηγός.
1202 425 1284 478 16.
1340 426 1407 479 ὃν
1444 425 1638 494 ἠξίουν
1677 428 1848 495 ἔγωγε
1890 488 1892 491 ,

153 519 364 580 μᾶλλον
412 514 654 567 δεδιέναι
707 516 768 567 τὸ
824 516 1194 583 λυμαίνεσθαι
1248 523 1364 577 τοῖς
1412 515 1647 577 δικαίοις
1699 514 1731 583 ἢ
1786 516 1848 568 τὸ

109 622 130 656 5
153 602 440 655 πυθέσθαι
480 604 648 672 τινας,
689 603 761 666 ὡς
797 603 960 666 αὐτὸς
998 611 1169 656 ταῦτα
1206 604 1532 657 κελεύσειεν.
1604 603 1637 656 ἃ
1670 605 1717 656 εἰ
1748 603 1850 671 μέν

154 690 268 744 ἐστι
318 693 524 760 δίκαια,
579 694 636 745 τί
678 691 749 746 ἂν
795 693 1140 761 αἰσχύνοιτο;
1193 694 1241 745 εἰ
1292 692 1353 745 δὲ
1399 693 1586 759 ἄδικα,
1641 694 1697 745 τί
1738 702 1850 746 τῶν

153 781 421 834 τοιούτων
460 779 744 849 ἐπιθυμεῖ;
793 782 841 833 εἰ
882 779 931 833 δ’
970 777 1102 833 οὐδὲ
1141 779 1262 848 ἐμοὶ
1301 781 1362 833 τὸ
1404 781 1623 834 δίκαιον
1663 780 1848 851 ἐσώθη

153 876 227 942 τῷ
275 873 503 922 πλεῖστα
558 871 624 938 δὴ
680 871 804 940 περὶ
860 871 1060 937 λόγους
1108 869 1376 938 κάμνοντι
1422 870 1512 922 καὶ
1566 870 1848 939 γράμμασι

155 959 222 1026 δὴ
261 959 407 1026 παρὰ
448 966 551 1011 σοῦ
587 958 975 1030 κεκοσμημένῳ
1011 959 1101 1011 καὶ
1140 959 1242 1026 τὴν
1280 967 1393 1010 τῶν
1429 961 1848 1027 πεφοιτηκότων

88 1067 130 1098 10
155 1045 334 1110 ἕξοντι
373 1048 578 1116 λύπην,
621 1050 678 1100 τί
714 1049 816 1117 χρὴ
855 1046 980 1118 περὶ
1020 1057 1132 1100 τῶν
1171 1048 1354 1100 ἄλλων
1395 1040 1478 1109 οἷς
1517 1047 1685 1100 οὐδὲν
1722 1048 1847 1100 τού-

154 1156 265 1188 των
303 1133 472 1204 ἔστιν,
512 1136 948 1206 ὑπολαμβάνειν;

67 1237 269 1281 RH512
381 1225 463 1278 17.
527 1224 694 1278 Ταυτὶ
730 1223 736 1287 ί
770 1222 872 1295 μὲν
919 1222 1023 1279 οὖν
1066 1227 1144 1288 εἰς
1183 1225 1466 1289 ἀπόδειξιν
1506 1227 1720 1295 εἴρηταί
1753 1245 1847 1294 μοι

153 1322 254 1367 τοῦ
315 1323 434 1377 ταῖς
487 1315 864 1385 ἀποστροφαῖς
925 1315 1176 1368 ταυταισὶ
1238 1323 1357 1376 ταῖς
1416 1323 1528 1367 τῶν
1585 1323 1848 1382 γεωργῶν

154 1406 396 1466 πολλοὺς
450 1404 638 1466 οἴκους
694 1405 1054 1457 διασείεσθαι.
1149 1401 1277 1456 καθ’
1325 1402 1558 1470 ἑκάστην
1613 1403 1717 1472 γὰρ
1780 1403 1848 1471 δὴ

90 1512 131 1544 15
154 1493 317 1545 πόλιν
355 1500 598 1546 τοιοῦτοι
637 1490 739 1559 μὲν
779 1495 1038 1562 γεωργοί,
1085 1500 1335 1545 τοιαῦται
1384 1489 1445 1544 δὲ
1491 1492 1691 1562 θύραι,
1738 1511 1848 1544 τοι-

156 1588 310 1634 οῦτοι
359 1578 419 1634 δὲ
465 1584 688 1650 μισθοί,
744 1589 992 1634 τοιαῦται
1044 1579 1106 1634 δὲ
1153 1586 1458 1649 συνθῆκαι,
1513 1587 1740 1633 τοιαῦτα
1787 1577 1847 1632 δὲ

154 1669 346 1739 κέρδη,
401 1678 649 1724 τοιαῦται
697 1671 759 1723 δὲ
806 1674 1011 1740 ζημίαι,
1067 1678 1315 1723 τοιαῦται
1371 1667 1431 1722 δὲ
1485 1669 1848 1739 εὐφροσύναι,

155 1766 404 1812 τοιαῦται
445 1756 506 1812 δὲ
544 1762 851 1828 κατήφειαι.
920 1760 1010 1812 καὶ
1051 1761 1155 1829 γὰρ
1196 1758 1256 1812 ἐκ
1294 1768 1406 1811 τῶν
1439 1760 1622 1812 ἄλλων
1661 1756 1849 1826 ἀγρῶν

157 1839 240 1909 οἷς
279 1847 408 1909 ὁδὸς
448 1848 548 1901 οὐκ
587 1846 672 1901 ἔνι
711 1849 778 1900 τὰ
814 1856 1042 1901 τοιαῦτα
1077 1848 1340 1917 ὑβρίζειν,
1381 1855 1648 1915 γυναῖκας
1685 1866 1846 1899 κατα-

89 1956 132 1988 20
158 1938 406 1999 λιπόντες
461 1937 562 1989 οὐκ
618 1937 798 2004 ὀλίγοι
848 1937 940 1990 καὶ
994 1935 1158 1990 τέκνα
1212 1936 1479 2006 φέρονται
1530 1936 1667 2004 πρὸς
1719 1937 1848 1996 τοὺς

159 2025 449 2093 ἰσχύοντας
488 2025 758 2093 ἐκείνους,
805 2027 936 2088 τοὺς
974 2026 1261 2088 τοιούτους
1299 2025 1572 2093 πύργους,
1612 2023 1847 2076 ἀπολαύ-

158 2126 348 2176 σοντες
393 2123 487 2183 τῆς
533 2116 858 2184 παρανόμου
907 2115 1206 2183 δυνάμεως.
1289 2113 1395 2167 κᾶν
1449 2113 1477 2165 ὁ
1527 2120 1848 2181 κατηγορῶν

159 2200 381 2269 γένηται
427 2211 538 2256 τῶν
588 2210 687 2255 τοῦ
736 2210 1045 2272 στρατηγοῦ
1092 2222 1198 2270 τις,
1253 2201 1399 2273 αὐτῷ
1448 2200 1633 2268 μέλειν
1679 2200 1849 2253 εἰπὼν

278 2382 302 2419 8
336 2376 393 2420 cf.
426 2378 459 2420 t.
491 2377 513 2420 I
545 2381 644 2431 241,
664 2382 740 2431 133
772 2377 836 2420 III
868 2381 938 2431 87,
961 2381 1035 2429 10;
1071 2381 1170 2431 359,
1190 2381 1265 2430 113
1305 2376 1484 2432 Eunap.
1518 2375 1597 2419 vit.
1631 2375 1729 2419 Lib.
1761 2376 1794 2419 t.
1827 2374 1849 2416 I

161 2439 266 2490 7‚23
285 2450 350 2491 sq.
378 2449 483 2479 cum
514 2438 626 2480 nota
656 2450 761 2480 mea
884 2440 937 2479 13
971 2435 1027 2480 cf.
1054 2438 1085 2480 13.
1111 2436 1154 2479 11
1178 2440 1349 2490 434‚20
1473 2439 1526 2478 15
1559 2434 1616 2479 ef.
1641 2449 1686 2490 p.
1704 2438 1846 2488 411‚2

279 2603 303 2641 3
345 2597 369 2643 ὃ
409 2599 477 2642 Re
661 2603 688 2640 4
726 2606 824 2648 τοῖς
861 2597 1063 2649 δικαίοις
1094 2600 1140 2642 P
1175 2598 1257 2642 sed
1293 2605 1392 2649 τοῖς
1431 2600 1477 2642 δι
1515 2597 1566 2639 in
1604 2609 1678 2639 ras
1718 2594 1789 2638 1112

163 2661 185 2699 7
220 2657 269 2702 δὲ
302 2657 370 2701 Re
405 2661 410 2713 Ι
446 2654 551 2702 οὐδ’
587 2659 728 2701 ΙΒΜ
755 2656 848 2701 Got
881 2659 886 2714 Ι
922 2658 973 2702 τὸ
1005 2659 1050 2702 Α
1083 2658 1165 2701 sed
1197 2674 1221 2701 ο
1254 2657 1304 2699 in
1334 2670 1409 2700 ras
1533 2660 1587 2698 13
1619 2656 1847 2709 ἀποστρο-

160 2723 275 2770 φαῖς
306 2718 350 2761 Α
382 2717 465 2760 sed
497 2730 523 2759 σ
554 2730 678 2770 eraS‚
711 2715 779 2759 Re
869 2717 1166 2772 ἀποτροφαῖς
1193 2716 1364 2771 reliqui
1395 2714 1503 2758 libri
1536 2713 1627 2758 Go‘o
1684 2716 1689 2770 Ι
1745 2720 1848 2762 ταῖς

160 2788 235 2818 om
268 2776 313 2819 B
437 2781 491 2819 14
523 2774 822 2830 καθεκάστην
854 2775 888 2818 Ι
924 2777 930 2831 1
973 2775 1030 2831 δὴ
1064 2789 1139 2818 om
1171 2777 1217 2820 B
1352 2779 1404 2818 15
1436 2774 1587 2829 θύραι
1616 2772 1667 2815 in
1697 2775 1846 2827 θῆραι

161 2876 261 2906 corr
284 2863 363 2907 M²
494 2868 546 2907 16
578 2850 792 2908 τοιοῢτῧῗ
816 2863 899 2918 μὲν
923 2865 958 2907 Ι
1082 2868 1134 2906 17
1168 2861 1215 2907 δ’
1243 2863 1311 2907 Re
1446 2867 1498 2905 19
1529 2860 1587 2904 τὰ
1612 2875 1686 2904 om
1710 2861 1851 2904 IBM

220 2925 275 2964 20
307 2922 386 2965 καὶ
418 2935 492 2964 om
525 2922 616 2965 Got
737 2926 791 2966 23
823 2922 998 2978 μέλλειν
1033 2923 1070 2968 Ο
