1992 3094
662 91 1004 137 PRAEFATIO
1038 92 1273 137 CRITICA
1749 97 1811 140 XI

118 232 221 280 scio
259 231 373 279 illas
412 246 547 279 meas
587 227 894 279 coniecturas
933 232 1067 279 haud
1105 249 1218 281 raro
1260 234 1650 283 emendationem
1690 236 1807 284 alio-

51 301 54 303 *
117 322 229 353 rum
259 306 519 353 excitasse.

229 378 368 427 Idem
406 379 482 426 vir
528 378 702 427 doctus
742 378 801 426 de
847 382 1126 428 recensione
1172 380 1411 428 iudicium
1449 382 1579 429 tulit.
1659 381 1807 431 Cuius

114 452 439 501 fundamenta
469 453 664 514 probat,
702 453 776 500 ita
814 455 983 501 tamen
1022 455 1079 501 ut
1114 454 1270 502 codici
1302 455 1670 504 Vindobonensi
1702 450 1805 523 (V)

117 527 230 590 plus
268 527 417 589 pretii
455 526 648 574 tribuat
679 542 828 588 quam
868 543 973 591 ego.
1042 528 1153 575 Etsi
1184 544 1299 576 vero
1330 529 1445 576 huic
1475 531 1548 575 rei
1578 546 1808 593 magnam

116 603 219 650 vim
266 616 370 649 esse
420 601 644 664 negavit,
697 603 865 648 tamen
920 602 1118 650 silentio
1175 617 1283 648 eam
1334 604 1604 664 praeterire
1657 604 1807 651 nolui.

115 674 363 723 Assentiri
409 676 455 722 01
499 690 598 723 11011
646 690 786 737 queo.
862 675 992 722 Nam
1034 678 1094 723 ut
1130 675 1377 723 iudicetur
1414 677 1581 723 utrum
1627 677 1806 725 codicis

126 749 173 795 V
207 765 269 796 an
308 749 531 796 codicum
575 747 711 797 OAP
744 749 946 796 testium
983 750 1331 811 primariorum
1370 749 1590 798 familiae
1630 751 1808 812 prioris

24 884 35 890 Α
114 823 276 872 maius
308 824 374 871 sit
403 823 633 885 pretium,
673 839 787 884 non,
819 825 874 870 ut
909 823 993 871 ille
1026 823 1160 883 dicit,
1194 823 1558 872 emendationes
1590 825 1807 872 locorum

117 912 240 960 quas
281 913 386 961 ego
425 898 478 944 in
515 899 708 945 textum
745 897 908 959 recepi
945 897 1292 957 numerandae,
1332 897 1416 945 sed
1455 913 1650 946 omnes
1689 898 1805 945 lec-

114 972 312 1020 tiones
351 972 672 1033 utriusque
719 971 990 1019 familiae
1039 971 1467 1019 examinandae
1515 974 1663 1019 sunt.
1741 973 1806 1019 Et.

23 1053 26 1056 '
115 1045 273 1093 multo
334 1047 494 1093 maior
555 1047 629 1093 est
655 1061 915 1094 111111101113
969 1044 1235 1093 lectionum
1297 1047 1540 1092 iustarum
1603 1061 1728 1106 quae
1783 1062 1807 1093 e

114 1118 366 1167 codicibus
413 1118 633 1167 familiae
679 1119 859 1182 prioris
906 1121 1007 1167 iam
1053 1119 1115 1166 ab
1164 1119 1491 1167 anterioribus
1539 1118 1807 1167 editoribus

113 1195 167 1241 in
198 1195 389 1241 textum
420 1195 646 1256 receptae
681 1195 807 1241 sunt.
878 1193 1054 1242 Altera
1084 1209 1200 1241 vero
1239 1193 1433 1240 familia
1472 1209 1531 1240 ne
1565 1193 1625 1241 ab
1658 1193 1805 1240 inter·

113 1267 450 1330 polationibus
497 1268 692 1329 quidem
741 1283 942 1330 prorsus
989 1267 1146 1315 libera
1185 1269 1271 1315 est.
1350 1265 1566 1323 Quarum
1605 1283 1806 1314 numero

114 1341 392 1389 habendam
441 1357 543 1390 esse
592 1341 759 1390 iudico
810 1342 1071 1389 lectionem
1117 1338 1461 1405 ἀφαιρουμένη
1508 1357 1554 1402 p.
1599 1342 1800 1401 155,21

114 1431 241 1478 quae
297 1415 587 1464 Schenkelio
649 1416 724 1464 ita
776 1417 1035 1477 imposuit,
1097 1417 1154 1463 ut
1207 1431 1315 1463 eam
1368 1414 1567 1462 lectioni
1626 1415 1804 1475 prioris

16 1484 18 1487 ’
113 1489 333 1538 familiae
371 1486 555 1558 ἀφῄρει
593 1491 878 1552 praeferret.
955 1489 1025 1537 At
1071 1488 1157 1551 qui
1202 1505 1381 1536 nexum
1427 1488 1686 1536 verborum
1732 1485 1805 1536 ἀεὶ

113 1561 384 1627 φειδομένῃ
434 1560 523 1627 μὲν
570 1565 620 1612 οἳ
665 1561 757 1612 οὐκ
803 1559 865 1611 ἂν
904 1561 1207 1626 ἐξέλαμψαν,
1253 1560 1368 1620 τοὺς
1415 1559 1467 1610 δὲ
1514 1559 1611 1626 ἤδη
1659 1579 1706 1610 τε
1752 1560 1804 1610 ἐν

113 1635 236 1705 δόξῃ
268 1635 350 1686 καὶ
381 1630 446 1686 αὖ
477 1635 594 1696 τοὺς
624 1635 888 1701 ἐσομένους
918 1633 1103 1705 ἀφῄρει
1142 1637 1540 1696 consideraverit,
1579 1636 1804 1683 dubitare

7 1771 17 1780 Γ
113 1727 211 1760 11011
242 1711 429 1774 poterit
461 1713 581 1774 quin
604 1712 923 1774 participium
947 1714 1144 1759 tantum
1169 1710 1332 1758 studio
1358 1709 1600 1772 aequandi
1632 1709 1802 1757 debea-

113 1787 210 1833 tur.
279 1786 546 1834 Libanium
583 1787 636 1834 in
675 1786 766 1834 tali
807 1786 1206 1833 enuntiationum
1237 1800 1413 1848 genere
1451 1781 1804 1841 ἀνακολούθως

112 1860 319 1907 verbum
368 1860 564 1908 finitum
616 1860 849 1908 adhibere
900 1859 1103 1921 plurimi
1155 1858 1332 1906 docent
1380 1858 1497 1917 1001,
1551 1874 1576 1905 0
1628 1857 1803 1918 quibus

111 1935 214 1981 tres
246 1933 526 1983 simillimos
558 1934 788 1982 attulisse
821 1935 944 1982 satis
976 1934 1071 1980 erit
1094 1949 1141 1995 p.
1163 1933 1325 1993 108,3
1360 1938 1568 1996 σιγῶντα
1600 1928 1801 1995 ἔτρεψά-

111 2026 214 2071 μην
261 2004 382 2060 ,ὄντα
429 2005 519 2072 μὲν
564 2005 680 2057 οὐδὲ
727 2007 964 2072 πρότερον
1010 2006 1187 2071 ταχύν,
1239 2002 1361 2074 ὀργῇ
1409 2001 1461 2053 δὲ
1508 2004 1803 2069 βραδύτερος

111 2079 400 2146 ἐγεγόνεις
439 2099 487 2145 p.
515 2083 679 2143 243‚2
714 2080 891 2130 τούτου
923 2080 1160 2146 μάρτυρες
1184 2106 1256 2113 -
1280 2078 1376 2128 εἰσί
1411 2096 1493 2141 μοι
1531 2085 1628 2126 τῶν
1660 2074 1799 2140 ἡλιω-

111 2161 283 2204 κωτῶν
322 2154 375 2204 οἱ
409 2156 581 2215 ζῶντες
618 2154 703 2220 ἔτι,
741 2163 836 2204 νῦν
876 2152 964 2218 μὲν
1000 2153 1196 2218 σαθροί,
1235 2152 1337 2202 τότε
1378 2149 1429 2200 δὲ
1469 2149 1800 2215 ἠνθοῦμενς

0 2254 3 2279 5
112 2230 148 2276 t.
180 2228 257 2276 m
289 2231 412 2291 434,
434 2232 502 2279 10
549 2228 642 2279 οὐκ
687 2227 914 2295 ἀπορῶν,
966 2222 1125 2291 οἶμαι,
1173 2226 1396 2292 ζεύγους,
1443 2220 1545 2274 ἀλλ’
1588 2224 1800 2274 ἐδεδίει

112 2300 204 2367 τὴν
240 2309 350 2368 γῆν.

224 2376 388 2439 Atque
427 2378 549 2426 haec
587 2377 788 2440 quidem
826 2378 878 2424 in
916 2377 1213 2424 universum.

223 2449 332 2499 Iam
378 2451 442 2499 ad
487 2452 709 2515 singulos
755 2451 888 2499 locos
935 2448 1307 2509 examinandos,
1356 2450 1413 2494 ut
1462 2448 1632 2508 pateat
1681 2444 1797 2506 quid

111 2522 238 2572 lucri
291 2540 316 2572 e
362 2527 494 2573 notis
543 2541 797 2573 censorum
846 2525 957 2586 capi
1010 2523 1188 2585 possit,
1239 2523 1481 2583 accingor.
1567 2518 1797 2567 Ordinem

111 2611 291 2659 sequor
329 2598 572 2648 editionis.

853 2714 982 2763 Vol.
1021 2714 1059 2761 I.

222 2817 430 2867 Initium
483 2819 627 2882 capio
682 2835 712 2866 a
764 2819 871 2866 1000
925 2818 1060 2865 vitae
1105 2815 1408 2863 Libanianae
1461 2813 1522 2860 ab
1568 2812 1796 2873 Eunapio

114 2891 328 2954 scriptae
358 2910 405 2956 p.
435 2894 561 2955 7,23
594 2899 692 2941 τῶν
723 2888 776 2940 δὲ
808 2887 925 2954 μετὰ
955 2896 1105 2937 ταῦτα
1143 2885 1382 2953 βασιλέων
1411 2884 1493 2934 καὶ
1524 2892 1620 2933 τῶν
1651 2882 1794 2942 ἀξιω-
