1992 3094
171 93 272 137 LVI
716 91 1056 136 PRAEFATIO
1091 91 1327 137 CRITICA

171 235 304 281 recte
345 250 372 280 a
411 234 677 281 scholiasta
717 233 962 294 explicata
1002 235 1131 294 sunt,
1170 234 1333 280 minus
1371 235 1504 281 recte
1540 234 1601 281 ab
1633 233 1859 281 Herwer-

173 307 296 355 deno
335 309 534 355 tantum
575 307 633 354 de
674 310 955 356 sanctorum
995 307 1230 369 sepulcris
1270 309 1319 354 et
1355 306 1751 355 Christianorum
1784 323 1861 355 sa-

173 381 310 429 cellis
362 383 415 427 in
471 380 650 442 quibus
711 381 894 428 mortui
956 381 1320 442 sepeliebantur
1373 383 1637 443 cogitante.
1718 380 1863 429 Circa

173 455 399 516 sepulcra
430 455 616 502 versari
651 454 1042 503 Christianorum
1077 458 1197 515 erat,
1237 457 1279 503 si
1310 454 1575 502 Libanium
1609 450 1693 521 (cf.
1722 457 1758 502 t.
1783 455 1862 502 III

175 530 296 587 437,
326 529 453 576 15ss
491 527 690 594 εἰσῆγον
729 526 781 577 δὲ
821 527 934 586 τοὺς
973 532 1111 587 θεοῖς
1152 527 1385 594 ἐχθρούς,
1433 527 1548 587 τοὺς
1594 527 1704 593 περὶ
1746 527 1864 588 τοὺς

173 595 383 668 τάφους)
426 604 475 649 et
512 602 765 650 Iulianum
807 597 936 668 (Mis.
961 619 1008 664 p.
1029 604 1191 664 443,9
1233 606 1334 660 τοῖς
1373 601 1480 667 περὶ
1519 601 1633 661 τοὺς
1672 602 1866 664 τάφους

174 673 574 739 καλινδουμένοις
605 676 868 742 γραϊδίοις;
900 693 946 738 p.
965 677 1129 737 466‚5
1163 675 1222 724 τὰ
1246 674 1333 740 μὲν
1365 683 1461 724 τῶν
1493 681 1628 725 θεῶν
1660 674 1861 740 ἀνέστη--

176 763 266 797 σαν
306 748 480 798 αὐτίκα
518 747 707 814 τεμένη,
746 749 862 808 τοὺς
899 749 1088 811 τάφους
1127 748 1179 799 δὲ
1218 758 1315 798 τῶν
1355 748 1521 799 ἀθέων
1561 744 1862 817 ἀνέτρεψαν)

176 824 421 872 audimus.

286 915 333 959 p.
368 899 492 958 361,
523 900 586 946 13
636 897 977 962 παραπλήσιον
1022 896 1113 963 γὰρ
1165 898 1226 961 δή
1274 917 1318 946 τι
1365 897 1708 962 πεπόνθαμεν,
1755 892 1867 947 οἷον

176 971 227 1020 εἴ
250 989 322 1030 τις
357 969 537 1037 ἀνδρὸς
577 972 826 1032 διψῶντος
865 970 947 1020 καὶ
978 972 1310 1038 προσάγοντος
1341 976 1443 1030 τοῖς
1473 973 1645 1037 χείλεσι
1677 971 1863 1036 φιάλην

175 1052 373 1110 ψυχροῦ
423 1063 471 1094 τε
522 1044 603 1093 καὶ
650 1045 928 1108 διαφανοῦς
978 1046 1156 1105 ὕδατος
1206 1044 1509 1111 γευσαμένου
1563 1046 1616 1095 τὸ
1668 1054 1863 1112 πρῶτον

177 1117 398 1184 ἁρπάσας
453 1119 644 1183 οἴχοιτο.
721 1121 833 1167 Non
889 1123 963 1168 est
1017 1135 1105 1167 cur
1157 1120 1209 1169 τὸ
1264 1123 1496 1168 mutetur.
1560 1118 1863 1185 γευσαμένου

177 1192 229 1242 τὸ
262 1200 455 1258 πρῶτον
495 1197 570 1242 est
607 1194 739 1242 idem
779 1196 930 1255 atque
961 1192 1264 1258 γευσαμένου
1303 1193 1394 1258 τὴν
1440 1193 1640 1260 πρώτην
1682 1201 1864 1260 γεῦσιν.

179 1267 231 1314 Si
270 1283 385 1315 vero
419 1283 531 1315 cum
562 1267 893 1316 Herwerdeno
927 1269 1031 1315 eius
1062 1268 1170 1316 loco
1202 1286 1249 1316 τε
1282 1270 1523 1329 ponimus,
1559 1266 1865 1333 γευσαμένου

177 1341 305 1388 male
353 1357 466 1389 cum
511 1342 776 1403 participio
822 1344 1097 1403 praesentis
1151 1342 1485 1407 προσάγοντος
1532 1344 1867 1405 coniungitur.

289 1432 334 1476 p.
371 1416 492 1476 363,
525 1417 556 1462 4
598 1415 859 1480 ῥητορικῆς
910 1416 960 1464 δε
1008 1415 1294 1464 διδάσκαλοι
1348 1417 1583 1474 συζῶντες
1629 1415 1868 1480 πρότερον

181 1492 281 1547 τοῖς
320 1486 470 1554 ἀρχὰς
509 1488 702 1553 ἔχουσιν
741 1487 1099 1538 ἀπελαύνονται
1138 1497 1234 1538 τῶν
1266 1494 1455 1554 θυρῶν,
1496 1488 1656 1553 ὥσπερ
1688 1488 1867 1556 ἀνδρο-

182 1560 357 1624 φόνοι,
411 1563 582 1626 πλήθη
638 1560 690 1612 δὲ
744 1561 869 1611 νέων
924 1561 982 1611 τὰ
1036 1561 1143 1629 περὶ
1192 1562 1372 1622 αὐτοὺς
1419 1563 1655 1629 πρότερον
1715 1571 1865 1612 ταῦτα

182 1633 386 1700 ὁρῶντες
440 1635 680 1702 φυγόντες
727 1634 793 1695 ὡς
843 1635 1070 1696 ἀσθενεῖς
1120 1636 1234 1696 τοὺς
1287 1637 1463 1703 λόγους
1517 1635 1669 1701 ἄλλην
1726 1636 1866 1702 ἰσχὺν

182 1711 389 1772 ζητοῦσι.
458 1711 816 1758 Herwerdenus
856 1718 1005 1758 ταῦτα
1046 1728 1158 1772 non,
1197 1713 1253 1759 ut
1292 1712 1451 1772 debet,
1491 1727 1603 1759 cum
1645 1709 1867 1775 ὁρῶντες,

181 1783 266 1831 sed
305 1800 415 1831 cum
453 1782 511 1832 τὰ
550 1782 657 1848 περὶ
690 1783 870 1842 αὐτοὺς
901 1785 1136 1851 πρότερον
1169 1785 1565 1849 coniungendum
1598 1786 1867 1834 arbitratus

183 1859 285 1905 eius
339 1858 446 1905 loco
501 1856 686 1906 δυνατὰ
740 1861 829 1906 aut
883 1858 1112 1923 ἰσχύοντα
1167 1862 1254 1907 aut
1299 1857 1542 1907 σθένοντα
1592 1861 1869 1922 proposuit,

181 1947 271 1993 pro
333 1931 509 1993 quibus
563 1932 800 1979 Polakius
856 1934 1007 1980 etiam
1065 1934 1281 1995 pressius
1344 1933 1406 1980 ad
1460 1933 1654 1981 litteras
1709 1940 1868 1998 γαῦρα

183 2005 331 2052 scribi
377 2020 517 2066 posse
565 2006 709 2067 dixit,
760 2009 812 2054 at
860 2009 992 2054 recte
1039 2007 1190 2055 verba
1235 2009 1292 2054 ut
1337 2007 1523 2054 tradita
1568 2010 1682 2054 sunt
1719 2008 1868 2055 relin-

190 2094 336 2140 quere
375 2079 567 2126 maluit.

295 2169 342 2213 p.
377 2153 498 2208 367,
535 2155 602 2201 10
642 2146 786 2211 οὗτός
832 2152 960 2202 ἐστιν
1000 2151 1025 2203 ὅ
1065 2161 1151 2217 τῆς
1183 2146 1431 2217 Ῥωμαίων
1468 2161 1560 2218 γῆς
1598 2153 1687 2212 ἔξω
1719 2172 1766 2202 τε
1799 2150 1871 2202 ὢν

186 2222 309 2288 ὁμοῦ
357 2223 438 2273 καὶ
485 2234 675 2290 κρατῶν
720 2225 802 2275 καὶ
848 2227 900 2276 τὸ
950 2224 1037 2290 μὲν
1088 2234 1226 2290 σῶμα
1271 2227 1393 2291 ἔχων
1439 2225 1492 2275 ἐν
1538 2234 1595 2295 τῇ
1645 2228 1868 2295 πολεμίᾳ,

185 2297 276 2362 τὴν
315 2293 360 2347 δ’
405 2299 590 2348 οἰκείαν
628 2299 726 2348 ὑπὸ
765 2307 823 2368 τῇ
863 2301 1080 2368 βασιλείᾳ
1128 2299 1210 2348 καὶ
1247 2299 1424 2348 ταύτὸν
1465 2299 1704 2364 δυνηθεὶς
1747 2301 1872 2366 πρός

188 2390 239 2437 γε
278 2371 330 2421 τὸ
370 2373 528 2421 πάντα
566 2370 822 2438 ἡσυχάζειν
861 2373 1001 2423 ἀπών
1039 2393 1086 2422 τε
1119 2371 1298 2437 ὁμοίως
1337 2372 1418 2422 καὶ
1451 2375 1635 2440 παρών.
1683 2375 1871 2424 Obscu-

185 2447 319 2494 riora
358 2446 454 2494 sibi
494 2463 596 2495 esse
635 2448 786 2495 verba
825 2447 914 2511 τὴν
954 2442 999 2496 δ’
1045 2447 1229 2496 οἰκείαν
1269 2446 1365 2496 ὑπὸ
1405 2454 1462 2516 τῇ
1496 2449 1714 2516 βασιλείᾳ
1745 2449 1867 2496 Her-

187 2521 443 2568 werdenus
493 2522 744 2582 professus
794 2520 884 2584 τὴν
935 2515 980 2569 δ’
1036 2518 1138 2585 (ὣς
1187 2518 1312 2585 τὴν)
1362 2521 1546 2570 οἰκείαν
1597 2523 1873 2585 proposuit,

191 2596 244 2640 at
275 2595 399 2641 nihil
432 2598 506 2642 est
538 2595 812 2655 obscurum,
851 2596 975 2642 nihil
1006 2595 1311 2643 mutandum.
1382 2591 1412 2658 ἡ
1446 2595 1601 2643 οἰκεία
1641 2598 1871 2658 opposita.

190 2669 266 2715 est
303 2674 361 2734 τῇ
402 2668 605 2735 πολεμίᾳ
646 2671 695 2716 et
731 2669 956 2716 Iulianus
1003 2668 1094 2733 ἔχει
1139 2668 1230 2732 τὴν
1269 2667 1453 2717 οἰκείαν
1493 2667 1589 2716 ὑπὸ
1637 2676 1693 2737 τῇ
1734 2670 1871 2733 βασι-

190 2740 310 2808 λείᾳ,
351 2757 654 2803 quamquam
693 2741 745 2791 τὸ
786 2749 923 2805 σῶμα
970 2741 1062 2806 ἔχει
1109 2741 1161 2790 ἕν
1208 2748 1264 2808 τῇ
1305 2742 1509 2809 πολεμίᾳ
1547 2743 1578 2789 i.
1620 2759 1658 2790 6.
1699 2759 1872 2804 quam-

194 2830 342 2875 quam
382 2817 519 2862 extra
557 2816 753 2877 imperii
791 2816 910 2864 fines
950 2819 1187 2864 versatur.
1242 2815 1416 2863 Verbis
1449 2813 1514 2873 ὡς
1545 2815 1635 2879 τὴν
1672 2817 1874 2864 insertis

192 2891 341 2948 atque
381 2889 440 2935 ad
481 2888 571 2951 τὴν
610 2889 844 2952 πολεμίαν
882 2890 1052 2937 relatis
1093 2904 1262 2937 sensus
1295 2891 1636 2951 corrumpitur.
