1992 3094
178 126 286 178 332
703 125 931 168 LIBANII
963 124 1187 170 ORATIO
1221 125 1343 169 XLII

178 281 295 331 χειν
334 263 506 330 φαίην
552 260 622 314 ἂν
660 261 751 314 καὶ
797 254 939 314 εἶναι
987 262 1206 313 δίκαιον
1252 268 1346 329 τῆς
1384 263 1590 330 βουλῆς
1627 260 1872 330 μετέχειν

177 349 209 418 ἢ
249 357 506 403 τοιοῦτον
546 351 802 418 ὄλεθρον.

288 438 374 491 51.
443 443 597 501 Πῶς
651 434 805 507 οὖν,
861 437 975 508 ε’ρεῖ
1028 458 1136 506 τις,
1191 447 1407 507 τριῶν
1462 440 1686 493 ὄντων
1738 448 1872 493 τῶν

177 526 653 596 φθεγξαμένων
693 527 851 596 ὅλην
891 526 1272 597 καταμέμφῃ
1311 528 1428 595 τὴν
1465 529 1739 596 βουλήν;
1787 528 1870 581 ὅτι

132 634 151 667 5
177 617 228 669 οἱ
268 613 369 684 μὲν
402 615 763 685 ἐφθέγξαντο,
803 617 855 669 οὶ
897 613 958 668 δὲ
991 615 1320 684 ἐσιώπησαν,
1359 616 1451 669 καὶ
1491 617 1543 668 οὶ
1581 617 1683 682 μὲν
1714 613 1872 670 εἷπον

175 714 377 772 κακῶς,
418 705 472 757 οἱ
513 703 560 757 δ’
594 704 696 758 οὐκ
736 704 1020 772 ἀντεῖπον,
1060 703 1151 758 καὶ
1192 706 1251 758 οἱ
1284 705 1385 774 μὲν
1424 703 1871 775 ἐβλασφήμησαν,

176 794 228 846 οἱ
276 792 335 846 δ’
367 794 467 846 οὐκ
514 793 923 862 ἠγανάκτησαν,
973 794 1061 846 καὶ
1113 794 1171 846 οἶ
1212 793 1314 863 μὲν
1359 792 1651 861 ἐπέθεντο,
1707 794 1766 847 οἱ
1811 793 1872 846 δ’

175 882 475 951 ἡσύχασαν,
514 883 604 935 καὶ
646 883 699 935 οἱ
738 879 840 952 μὲν
880 881 1134 951 ἐξέωσαν,
1175 883 1232 935 οί
1268 881 1317 935 δ’
1349 883 1452 935 οὐκ
1487 882 1870 951 ἀντελάβοντο,

174 972 264 1024 καὶ
311 973 364 1025 oz
411 968 512 1040 μὲν
559 973 624 1024 τὰ
669 981 781 1024 τῶν
826 972 1220 1040 πολεμούντων
1268 969 1535 1042 ἔδρασαν,
1591 973 1644 1025 οὶ
1698 969 1759 1025 δὲ
1805 973 1872 1025 τὰ

113 1078 152 1109 ιο
176 1070 287 1113 τῶν
332 1062 699 1129 βοηθούντων
746 1061 848 1114 οὐκ
894 1059 1174 1129 ἐποίησαν.
1251 1059 1454 1129 γίγνετ’
1495 1056 1600 1113 οὗν
1655 1062 1713 1114 τὸ
1759 1070 1871 1114 τῶν

174 1158 345 1218 τριῶν
383 1150 576 1203 κοινὸν
610 1149 868 1202 ἁπάντων
899 1157 964 1219 τῇ
998 1157 1193 1219 σιωπῇ.
1269 1149 1355 1202 52.
1403 1147 1493 1202 καὶ
1526 1150 1630 1219 γὰρ
1665 1149 1725 1202 ἐν
1756 1158 1872 1213 τοῖς

176 1236 510 1307 ἐμπρησμοῖς
550 1238 578 1292 ὁ
619 1240 799 1307 παρὸν
838 1239 1133 1306 σβεννύειν
1165 1238 1266 1291 οὐκ
1307 1237 1520 1292 ἐθέλων
1551 1235 1750 1292 ἔκαυσε
1780 1239 1871 1292 καὶ

174 1326 203 1378 ὁ
234 1328 416 1396 παρὸν
445 1329 615 1390 κυνὸς
647 1325 944 1397 ἐξαρπάσαι
969 1328 1196 1380 παιδίον
1221 1327 1323 1380 οὐκ
1349 1325 1653 1397 ἐξαρπάσας
1685 1327 1873 1395 ἔδωκε,

174 1413 264 1468 καὶ
319 1417 476 1478 πόλις
535 1418 691 1469 πόλει
749 1415 1131 1486 πολεμουμένῃ
1196 1415 1476 1485 δυναμένη
1537 1415 1746 1483 πέμψαι
1806 1416 1870 1469 τὸ

110 1521 150 1553 15
176 1513 360 1557 σῶσον
396 1505 461 1557 οὐ
501 1504 759 1574 πέμψασα
799 1505 1372 1573 συγκατεδουλώσατο.
1443 1505 1629 1574 ἰατρὸς
1661 1501 1723 1557 δὲ
1755 1504 1869 1557 ε’πι-

174 1591 375 1662 τρέψας
417 1596 683 1662 νοσήματι
730 1602 995 1664 κρατῆσαι
1034 1601 1135 1647 τοῦ
1183 1601 1487 1657 νοσοῦντος
1534 1592 1758 1647 δύναιτ’
1782 1594 1870 1661 ἄν,

174 1682 309 1749 πρὸς
340 1684 492 1750 Διός,
534 1683 832 1750 διαφυγεῖν
867 1684 1073 1747 αἰτίαν;
1114 1683 1253 1745 ὅλως
1285 1682 1436 1745 ὅσοις
1467 1680 1573 1736 εἰσὶ
1605 1683 1871 1751 δυνάμεις

175 1771 252 1832 εἰς
290 1771 350 1822 τὸ
387 1771 630 1824 κωλύσαι
668 1791 721 1824 τι
762 1772 1023 1840 δυσχερὲς
1062 1772 1365 1841 ἠρεμοῦσαι
1403 1769 1494 1824 καὶ
1534 1780 1867 1840 περιορῶσαι

174 1859 235 1910 τὸ
283 1859 523 1928 βλάψον,
572 1860 674 1913 οὐκ
722 1860 1100 1930 ἀνείργουσαι,
1155 1861 1289 1929 μετὰ
1333 1869 1446 1914 τῶν
1493 1859 1870 1930 εἰργασμένων

108 1968 151 1999 20
176 1948 331 2001 εἰσίν.
408 1946 585 2016 ἔγωγέ
619 1968 704 2002 τοι
742 1951 873 2012 τοὺς
911 1948 1262 2018 καθημένους
1292 1947 1591 2017 Ἀργείους,
1636 1948 1799 2017 ἡνίκα
1838 1947 1868 2001 ὁ

86 2047 291 2092 RH419
329 2036 544 2106 Πέρσης
595 2035 716 2108 ᾕρει
763 2037 772 2109 Ῑ
821 2058 878 2092 τε
924 2040 1020 2101 τὰς
1060 2037 1300 2107 Ἀθήνας
1345 2036 1435 2090 καὶ
1482 2036 1869 2105 κατέσκαπτεν,

293 2230 348 2269 20
380 2226 485 2270 Her.
504 2227 589 2271 VII
616 2232 699 2271 148
718 2242 807 2284 sq.;
840 2227 946 2272 VIII
973 2233 1025 2272 73

294 2408 318 2446 3
346 2402 493 2447 ὄντων
518 2405 563 2447 Ρ
585 2405 665 2448 sed
691 2422 717 2448 ν
743 2407 804 2461 (1)
828 2405 875 2448 in
901 2420 1047 2448 rasm
1054 2404 1071 2429 ²
1167 2410 1191 2448 6
1218 2405 1263 2449 οἳ
1288 2407 1347 2462 (1)
1376 2407 1416 2449 A
1483 2404 1535 2449 οῖ’
1553 2405 1624 2461 Vl
1653 2403 1704 2448 δὲ
1728 2405 1867 2448 ΙΒΜ

175 2461 265 2504 edd
388 2467 410 2504 7
438 2462 483 2505 οἳ
507 2465 601 2537 (1)
593 2467 635 2506 A
699 2463 752 2507 οἵ
770 2465 985 2521 JBMVa
1016 2464 1066 2509 δὲ
1091 2465 1183 2508 edd
1214 2465 1216 2521 ι
1246 2464 1292 2508 οἳ
1317 2467 1376 2521 (3)
1403 2466 1449 2508 A
1473 2464 1477 2522 ι
1499 2463 1550 2509 δὲ
1577 2464 1748 2508 οΙΒΜ
1773 2463 1864 2506 edd
1945 2474 1964 2494 2

234 2526 258 2564 8
286 2520 330 2565 οἳ
356 2523 416 2577 (2)
442 2524 486 2566 A
549 2520 601 2566 οἵ
620 2523 667 2566 V
683 2524 688 2578 Ι
717 2522 768 2567 δὲ
796 2524 968 2568 ΟΙΒΜ
991 2523 1083 2567 edd
1204 2529 1228 2567 9
1262 2523 1587 2579 πολεμούντων
1613 2525 1669 2567 Μ
1696 2523 1775 2566 sed
1809 2538 1863 2578 γρ

173 2578 401 2635 πολεμίων
426 2580 472 2622 in
499 2594 631 2654 marg
691 2580 922 2637 πολεμίων
947 2584 992 2626 Β
1016 2582 1150 2639 Bong
1250 2587 1304 2625 10
1330 2580 1502 2640 γίγνετ’
1530 2582 1576 2625 P
1597 2580 1711 2626 sed'
1738 2581 1788 2624 in
1814 2596 1863 2623 αι

175 2652 275 2681 corr
298 2639 369 2682 m⁸
428 2637 572 2696 γίνετ’
603 2641 646 2684 V
701 2638 877 2696 γίνεται
902 2643 1039 2685 ΙΒΜ
1063 2642 1154 2685 cdd
1277 2646 1330 2684 11
1365 2642 1415 2686 ἐν
1441 2668 1495 2673 —-
1522 2645 1578 2683 20
1603 2637 1720 2684 εἰσίν
1746 2639 1864 2683 citat

174 2696 332 2740 Macar
355 2697 433 2741 fol.
455 2703 533 2741 90
657 2704 711 2741 14
736 2698 919 2755 πέμψαι
944 2714 1018 2743 om
1045 2702 1112 2744 Va
1235 2706 1289 2744 15
1323 2700 1481 2754 ἰατρὸς
1504 2699 1575 2758 δε]
1600 2699 1680 2743 καὶ
1705 2698 1863 2753 ἰατρὸς

173 2755 331 2799 Macar
451 2761 505 2799 16
538 2755 721 2801 δύναιτ’
752 2784 806 2790 -—
836 2763 888 2801 17
916 2757 1093 2817 αἰτίαν]
1120 2762 1369 2816 διαφυγεῖν
1394 2756 1551 2803 αἰτίαν
1576 2775 1631 2802 ου
1663 2758 1862 2801 δύναται

172 2813 332 2858 Macar
454 2820 506 2858 17
541 2817 619 2859 καὶ
650 2813 761 2867 ὅλως
784 2817 943 2861 Macar
1066 2823 1119 2862 18
1151 2815 1406 2861 καταλῦσαί
1429 2819 1465 2861 Ι
1518 2832 1630 2860 num
1660 2813 1864 2860 κωλῦσαί

172 2874 225 2916 ut
258 2875 343 2917 M?
376 2873 433 2917 cf.
461 2875 519 2917 ad
552 2890 594 2930 p.
625 2879 725 2929 211,
736 2880 760 2918 8
806 2878 811 2931 Ι
853 2874 897 2919 τί
931 2877 1172 2920 C4RMV
1199 2877 1359 2920 Macar
1400 2879 1405 2933 l
1444 2884 1710 2931 προορῶσαι
1735 2876 1803 2919 Va

175 2936 227 2973 21
263 2931 286 2974 ὁ
321 2931 502 2989 Πέρσης
534 2947 608 2975 om
640 2935 672 2976 Ι
