1992 3094
649 99 992 145 PRAEFATIO
1026 101 1260 147 CRITIGA
1605 106 1792 152 XXXIII

110 239 324 288 Difficile
369 242 443 288 est
479 240 751 299 intellectu,
792 241 1038 302 quomodo
1077 242 1433 293 Herwerdenus
1464 245 1791 295 coniecturam

108 313 303 362 Morelli
334 313 534 377 Νομίου
572 329 662 375 pro
695 314 913 376 Νεμείου
952 316 1283 376 recipiendam
1319 334 1421 366 esse
1454 319 1611 367 dicere
1651 325 1790 381 potu-

108 389 216 435 erit.
278 387 347 436 Ut
371 387 704 449 Triptolemus
737 388 907 435 urbem
941 389 1000 436 ab
1034 389 1221 453 Argiva
1253 392 1442 455 virgine
1476 393 1593 441 Ione
1620 388 1792 457 Ἰώνην

106 461 404 524 appellavit,
443 463 516 509 ita
560 461 731 510 Iovem
773 462 1110 525 templumque
1151 465 1254 512 eius
1295 463 1521 528 Νέμειον.
1600 466 1791 527 Confer,

105 536 152 585 si
210 536 495 584 testimonio
558 551 680 597 opus
743 538 837 595 est,
902 535 1159 585 Certamen
1215 538 1417 587 Homeri
1479 543 1528 588 et
1588 541 1791 589 Hesiodi

105 626 154 672 p.
182 610 368 671 214sq.
401 612 450 657 et
492 610 598 657 220
640 603 862 676 (Hesiod.
897 610 968 658 ed.
1002 605 1188 677 Rzach)
1228 609 1347 660 ἀλλὰ
1385 612 1504 672 Διὸς
1542 614 1791 677 πεφύλαξο

106 683 323 747 Νεμείου
370 682 606 747 κάλλιμον
652 680 797 741 ἄλσος
844 687 892 732 et
941 701 1065 746 quae
1111 690 1394 747 sequuntur.
1478 687 1613 735 Idem
1660 689 1791 737 cadit

102 758 157 805 in
201 760 487 820 sequentem
534 758 927 806 enuntiationem
970 756 1068 822 ἤδη
1116 755 1169 807 δὲ
1208 758 1298 822 τὴν
1344 767 1438 825 γῆν
1484 759 1795 826 ἐργαζόμενοί

24 859 26 861 >
105 848 154 880 τε
192 829 275 880 καὶ
312 830 647 897 καρπούμενοι
679 830 1059 895 μετονομάζουσι
1096 831 1181 880 τὸν
1213 831 1426 897 Νέμειον
1452 828 1791 901 Ἐπικάρπιον,

103 907 159 953 in
199 921 298 968 qua
335 904 535 969 Νόμιον
573 905 782 954 scribere
820 905 1179 955 Herwerdenus
1219 923 1315 955 non
1356 908 1613 956 dubitavit.

197 996 264 1041 ‚p.
284 980 448 1040 457,ss
483 975 542 1027 ὃν
572 977 664 1046 γὰρ
696 977 922 1045 μέγιστον
945 977 1119 1045 ἄγουσι
1150 979 1273 1030 θεὸν
1299 979 1484 1046 Πέρσαι
1513 980 1598 1030 τὸν
1616 977 1791 1031 ”Ήλιον

0 1079 20 1110 1v
106 1051 189 1102 καὶ
227 1051 312 1112 τὰς
351 1053 656 1119 σατραπείας
681 1048 768 1102 ὑπ’
804 1052 934 1122 αὐτῷ
968 1054 1175 1120 Περσίδι
1214 1062 1376 1124 φωνῇ,
1416 1048 1581 1119 οὗτος,
1625 1054 1790 1119 ἐπειδὴ

19 1172 21 1176 .
104 1125 190 1176 τὸν
238 1126 520 1192 Καμβύσην
573 1126 731 1187 ὕπνος
785 1126 979 1192 ἔλαβεν,
1033 1126 1111 1176 ἐπὶ
1164 1133 1228 1196 τῷ
1276 1129 1450 1198 πρώτῳ
1504 1128 1618 1187 στὰς
1670 1127 1790 1194 ὑπὲρ

105 1204 324 1266 κεφαλῆς
355 1200 408 1250 ἐν
441 1198 687 1267 ὀνείρασιν
719 1200 850 1270 αὐτῷ
877 1199 1107 1268 διελέγετο
1140 1205 1235 1250 κτλ.
1291 1202 1474 1251 Locum
1508 1208 1790 1266 corruptum

103 1291 210 1324 esse
247 1276 480 1324 indicavi.
556 1277 819 1324 Rationem
858 1292 974 1324 vero
1019 1292 1117 1338 qua
1157 1275 1475 1326 Schenkelius
1515 1278 1560 1324 ei
1598 1292 1788 1325 succur-

12 1400 22 1408 ,,
103 1349 311 1398 rendum
349 1349 620 1398 arbitratus
662 1352 757 1409 est,
804 1350 1013 1412 probare
1060 1366 1157 1398 non
1202 1366 1413 1412 possum.
1491 1351 1620 1399 Nam
1659 1351 1790 1412 quid,

105 1439 304 1486 quaeso,
337 1420 362 1472 ὁ
394 1423 664 1490 Σατράπης
687 1423 1007 1489 Κορύβαντος
1038 1422 1287 1487 ἐπίκλησις
1320 1428 1367 1472 et
1400 1425 1541 1473 Elide
1572 1424 1790 1486 Neptuni

17 1490 22 1507 ”
103 1497 267 1546 locum
297 1501 471 1547 tenens
504 1493 670 1565 (Paus.
689 1498 763 1545 VI
788 1491 942 1564 25,5)
975 1513 1084 1545 cum
1116 1498 1314 1559 Mithra,
1356 1498 1467 1547 Sole
1499 1496 1791 1546 Persarum?

102 1572 277 1634 Neque
323 1572 532 1634 probare
578 1573 788 1620 debebat
835 1573 1167 1620 coniecturam
1212 1572 1403 1620 Reiskii
1449 1566 1523 1620 ἐπ’
1566 1587 1655 1634 pro
1699 1565 1783 1619 ὑπ’

19 1693 22 1700 ,
102 1646 375 1696 scribentis.
452 1646 584 1694 Nam
622 1663 779 1709 neque
820 1646 884 1694 ad
925 1644 1009 1705 τὰς
1051 1646 1341 1711 σατραπείας
1378 1639 1463 1694 ὑπ’
1500 1644 1628 1712 αύτῷ
1663 1647 1789 1710 Περ-

101 1719 203 1768 σίδι
248 1727 395 1789 φωνῇ
442 1721 647 1769 verbum
694 1717 989 1783 ὀνομάζουσι
1037 1735 1094 1767 ex
1139 1717 1310 1784 ἄγουσι
1360 1719 1585 1781 supplere
1632 1735 1787 1780 neque

101 1794 197 1842 hoc
247 1811 356 1842 cum
406 1792 486 1843 ἐπὶ
537 1810 648 1842 cum
697 1795 868 1842 dativo
919 1797 1200 1842 construere
1251 1795 1379 1841 licet.
1465 1793 1643 1841 Sensus
1694 1793 1789 1840 loci

8 1867 21 1914 ζ’
101 1867 404 1931 Thucydidis
436 1868 508 1916 IV
539 1869 606 1917 98
649 1869 774 1917 alius
818 1871 906 1916 est.
975 1868 1206 1916 Nondum
1243 1883 1321 1915 me
1361 1867 1666 1915 coniecturae
1706 1864 1788 1924 τὰς

8 1936 23 2008 -ssg
101 1942 351 2008 στρατείας
390 1937 476 1990 ὑπ’
512 1941 642 2010 αὐτῷ
674 1939 985 2007 (ποιοῦνται,
1031 1941 1244 2006 Μίθρης
1284 1938 1336 1990 δὲ
1375 1937 1622 2004 καλεῖται>
1661 1941 1787 2004 Περ-

8 2055 10 2058 .
103 2014 203 2064 σίὸι
241 2022 404 2085 φωνῇ,
440 2033 590 2079 quam
623 2016 954 2064 Herwerdeno
990 2016 1232 2078 placuisse
1272 2015 1414 2062 video
1446 2018 1494 2062 et
1529 2013 1786 2062 Oumontio

103 2089 306 2152 probari
343 2092 460 2152 scio,
498 2093 732 2152 paenitet.

217 2164 389 2226 Neque
427 2165 577 2213 aliter
615 2167 782 2213 statuo
822 2164 881 2211 de

214 2254 263 2300 p.
295 2239 468 2300 458‚5
517 2236 598 2286 διὰ
636 2245 723 2302 τῆς
761 2237 829 2297 εἰς
867 2234 919 2284 τὸ
960 2240 1101 2284 θεῖον
1140 2235 1326 2301 ὕβρεως
1365 2238 1661 2300 πληροῦντες
1700 2240 1785 2296 τῆς

101 2309 300 2370 εὐνοίας
337 2311 428 2376 τὴν
458 2311 613 2378 χάριν.
683 2313 796 2360 Non
836 2311 994 2359 solum
1034 2310 1273 2358 facillima
1313 2309 1397 2356 sed
1437 2308 1587 2355 etiam
1625 2322 1784 2354 neces·
1867 2364 1882 2371 Μ

102 2385 235 2434 saria
271 2387 483 2435 mutatio
514 2387 774 2435 verborum
808 2388 909 2443 τοῖς
947 2381 1085 2442 &Uo—cg
1119 2378 1173 2450 (i.
1206 2399 1246 2430 e.
1278 2375 1586 2446 ἀνθρώποις)
1619 2381 1669 2428 in
1701 2387 1785 2443 τῆς

5 2454 34 2514 ‘³
103 2456 301 2518 εὐνοίας
338 2461 462 2508 mihi
500 2462 608 2508 visa
648 2463 734 2508 est.
810 2458 1124 2506 Schenkelius
1165 2457 1313 2504 verba
1351 2458 1648 2520 πληροῦντες
1687 2456 1785 2511 τοῖς

104 2528 394 2598 ἀνθρώποις
438 2533 529 2597 τὴν
579 2533 720 2599 χάριν
765 2533 915 2582 vertit
966 2533 1089 2587 „den
1143 2530 1405 2579 Menschen
1453 2542 1514 2577 zu
1562 2525 1782 2589 Gefallen

0 2602 20 2661 -ῗ
104 2607 327 2656 νεᾶεπά“.
395 2607 463 2656 At
501 2609 594 2656 hoc
625 2610 848 2672 πληροῦν
878 2604 969 2669 τὴν
1003 2603 1143 2670 χάριν
1174 2602 1447 2668 significare
1479 2617 1575 2649 non
1608 2602 1783 2662 potest.

12 2681 13 2684 ’
106 2678 172 2727 Et
223 2681 466 2742 quomodo
513 2678 766 2745 ὃυσσεβέσι
819 2678 1019 2742 κόσμοις
1072 2683 1366 2741 κοσμοῦντες
1418 2672 1477 2733 ἃς
1529 2672 1781 2722 ἐπαινοῦσι

0 2742 14 2817 ,ἕ
103 2750 269 2811 πόλεις
313 2755 393 2802 vel
438 2755 726 2819 θεομαχίαις
772 2754 987 2816 gratiam
1034 2752 1287 2798 hominum
1326 2751 1494 2796 ineant
1540 2748 1615 2795 vel
1665 2746 1782 2807 quid

2 2838 27 2875 ιῖ
105 2825 198 2874 hoc
229 2829 426 2876 omnino
458 2828 553 2877 sibi
583 2828 718 2889 velit,
750 2843 827 2874 me
852 2841 949 2873 non
972 2825 1257 2888 intellegere
1288 2822 1533 2884 profiteor.
1600 2819 1779 2867 Contra

103 2901 399 2962 gravissima
444 2905 521 2950 est
565 2901 814 2963 oppositio
861 2899 990 2946 inter
1030 2897 1120 2961 τὴν
1166 2896 1235 2954 εἰς
1281 2894 1332 2943 τὸ
1372 2898 1513 2943 θεῖον
1551 2892 1696 2958 ὕβριν
1733 2899 1782 2940 et

195 2990 392 3024 Ianumms
416 2992 474 3024 ed.
497 2991 735 3023 Foerster.
781 2989 854 3021 111.
1495 2989 1519 3018 c
