1992 3094
117 118 346 164 LIBANII
369 117 594 164 ORATIO
627 117 945 164 ADVERSUS
976 120 1327 168 PAEDAGOGI
1359 123 1643 170 CONVICIA
1708 127 1816 180 195

119 256 410 325 φευγότων
453 262 571 317 τοῖς
609 255 794 308 αὐτῶν
838 264 1030 319 κακοῖς
1073 259 1140 310 τὰ
1186 268 1299 312 τῶν
1344 263 1561 330 λῃστῶν
1608 260 1814 330 ἀμείνω

115 345 511 412 πεποιηκότων,
567 344 615 396 εἰ
669 339 775 397 οὖν
821 344 930 397 ὑπὸ
978 355 1092 399 τῶν
1136 340 1377 411 πολλοὺς
1430 348 1813 404 ἀπεκτονότων

116 435 374 486 ἔκεισθον
426 431 723 500 πληγέντε,
777 433 870 486 καὶ
919 435 1014 496 τὰς
1061 434 1273 503 ἀμφοῖν
1325 438 1504 506 ψυχὰς
1557 435 1647 507 ἐμὲ
1699 440 1812 492 ἔδει

115 522 215 575 τὸν
258 522 721 587 εἰσπραττόμενον
767 516 910 575 εἶναι
957 522 1047 575 καὶ
1088 524 1188 577 τὸν
1225 524 1431 594 πατέρα
1478 533 1578 579 τοῦ
1616 529 1813 590 παιδὸς

115 611 271 679 ἥκειν
308 608 397 662 ε’πὶ
435 611 602 678 τήνδε
641 611 743 679 τὴν
775 609 1074 682 εἴσπραξιν.
1146 613 1194 666 8.
1235 614 1415 683 ὥσπερ
1457 610 1563 668 οὖν
1600 613 1810 679 ἐκεῖνος
1856 638 1879 670 ⁵

116 700 164 752 εἰ
217 697 366 752 τοῦτ’
405 697 596 766 ἐποίει,
652 701 950 768 μαίνεσθαι
1004 710 1118 764 τοῖς
1175 710 1568 770 σωφρονοῦσιν
1622 704 1811 768 ἔδοξεν

30 848 32 850 v
115 788 201 855 ἄν,
247 787 422 850 οὕτως
458 787 616 855 ὑμεῖς
661 790 802 856 πρὸς
841 787 935 856 ἐμὲ
982 789 1108 858 περὶ
1148 800 1339 858 μηνῶν
1377 791 1643 860 λέγοντες.
1718 793 1809 846 καὶ

115 877 219 946 γὰρ
258 874 382 929 οὐδ’
408 874 587 930 ἐκεῖνό
645 878 652 945 Ι
709 876 759 945 γ’
790 876 860 931 ἂν
906 883 1052 931 εἴποι
1098 899 1203 946 τις,
1255 879 1641 942 ὡς’ἀπελθεῖν
1686 893 1897 938 RH270

113 962 215 1033 μὲν
252 965 319 1019 οὐ
357 963 661 1037 παρῄνεσα,
701 965 1044 1030 ἀπελθόντας
1083 968 1144 1020 δὲ
1180 966 1429 1037 ἐπῄνεσα.
1500 968 1637 1022 ἀλλὰ
1674 972 1807 1040 ποίᾳ

113 1051 215 1122 μὲν
253 1053 356 1107 οὐκ
395 1053 710 1124 ἐχρησάμην
747 1055 908 1125 ὀργῇς
948 1058 1108 1119 ποίας
1140 1053 1200 1109 δὲ
1232 1056 1334 1109 οὐκ
1366 1056 1552 1126 ἀφῆκα
1591 1059 1803 1126 φωνάς;
1829 1081 1872 1113 ιο

113 1145 265 1206 τίνας
314 1141 376 1197 δὲ
424 1143 527 1197 οὐκ
574 1129 932 1213 ἐφθεγξάμην
985 1147 1186 1213 λόγους
1237 1146 1613 1199 θανατώντων
1662 1140 1805 1200 εἶναι

114 1231 313 1300 λέγων
348 1233 438 1285 καὶ
491 1235 919 1302 παραπαιόντων
979 1235 1080 1302 τὴν
1133 1235 1535 1303 μετανάστασιν
1593 1235 1686 1288 καὶ
1738 1236 1805 1288 τὰ

36 1366 42 1371 .
112 1321 213 1390 μὲν
259 1321 326 1375 οὐ
374 1323 531 1375 δεινὰ
578 1323 930 1390 δεδοικότων,
984 1324 1051 1375 τὰ
1098 1323 1160 1376 δὲ
1206 1323 1362 1375 δεινὰ
1410 1323 1803 1392 θαρρούντων;

113 1409 147 1463 ἃ
184 1411 274 1464 καὶ
312 1412 562 1477 τούτους,
603 1411 784 1481 ὥσπερ
826 1410 1047 1481 ἑτέρους
1085 1413 1342 1480 πολλούς,
1383 1411 1525 1475 εἰκὸς
1562 1408 1632 1480 ἧν
1672 1411 1802 1479 ἀκη-

111 1498 315 1567 κοέναι,
365 1497 482 1552 ἀλλ’
513 1500 659 1569 ὅμως
698 1500 902 1563 αὑτοὺς
939 1501 1180 1569 ἡγοῦντο
1231 1503 1657 1569 βεβουλεῦσθαι
1678 1499 1800 1568 βέλ-
1826 1521 1868 1555 15

110 1607 243 1642 τιον.
329 1589 377 1642 9.
439 1589 530 1642 καὶ
591 1596 692 1642 τοῦ
754 1608 816 1658 γε
877 1587 1075 1658 μήποτ’
1114 1588 1183 1642 ἂν
1244 1591 1419 1642 εἰπεῖν
1478 1608 1544 1655 με
1605 1596 1801 1658 χρῆναι

229 1754 255 1792 3
286 1749 389 1794 Π.ο
417 1755 500 1794 117

230 1903 257 1942 4
289 1897 698 1957 εἰσπραττόμενον]
724 1897 826 1953 ἤτοι
857 1899 1222 1955 ἀπαιτούμενον·
1256 1897 1307 1941 τὸ
1341 1896 1428 1954 γὰρ
1462 1893 1799 1951 εἰσπραττό-

114 1971 288 2012 μενον
319 1958 425 2002 ἀντὶ
453 1965 538 2002 τοῦ
571 1959 926 2002 ἀπαιτοῦντα
959 1957 1083 2011 ἅπαξ
1115 1955 1307 2013 ἐδείχθη
1331 1954 1579 2012 ἀδόκιμον·
1612 1956 1718 1999 ἀντὶ
1747 1955 1800 1998 δὲ

112 2016 277 2061 τούτου
307 2015 701 2074 πραττόμενον
732 2017 908 2074 μισθὸν
939 2015 966 2073 ἢ
999 2018 1354 2060 ἀπαιτοῦντα
1389 2014 1456 2058 V'
1487 2014 1543 2059 cf.
1570 2014 1712 2059 schol.
1738 2014 1800 2057 ad

112 2088 157 2132 p.
178 2079 334 2130 13‚11.
366 2076 461 2121 t.11
485 2081 620 2132 78‚2;
655 2081 755 2131 526,
775 2081 829 2119 10

231 2229 252 2267 1
287 2225 441 2270 αὐτῶν
467 2226 537 2280 Vl
564 2227 741 2281 ληστῶν
767 2224 881 2268 IMo
1002 2227 1027 2265 3
1061 2223 1277 2268 ἔκεισθον
1308 2236 1391 2278 pro
1417 2218 1637 2276 ἐκείσθην
1661 2219 1798 2263 Liba-

110 2281 239 2325 nium
268 2283 466 2328 barbare
499 2284 739 2340 scripsisse
769 2295 1014 2339 perperam
1050 2282 1169 2325 dixit
1200 2280 1399 2326 Cobetus
1432 2280 1598 2323 Mnem.
1624 2279 1686 2322 m
1711 2282 1799 2322 248

112 2339 363 2398 (Coll.130)
507 2349 534 2386 4
566 2343 751 2401 signum
783 2341 1159 2398 interrogationis
1191 2343 1298 2396 post
1330 2335 1451 2383 εἶναι
1483 2341 1529 2382 et
1559 2337 1800 2405 εἴσπραξιν

49 2450 51 2455 Α
109 2401 266 2502 posuit
296 2402 364 2446 Re
486 2407 511 2445 9
536 2404 585 2446 et
611 2406 665 2446 10
697 2399 742 2447 δ’
768 2402 836 2445 Re
960 2406 1014 2444 10
1046 2399 1209 2456 φωνάς
1241 2400 1313 2443 Ρα
1337 2398 1406 2442 Re
1465 2397 1599 2452 τιμάς
1628 2397 1798 2453 reliqui

134 2458 222 2503 'bri
237 2460 341 2504 Mor
371 2461 451 2516 qui
474 2459 643 2512 ποίους
667 2487 722 2493 —
746 2459 913 2510 τόνους
936 2459 1041 2503 coni
1066 2459 1122 2502 cf.
1140 2461 1174 2503 t,
1193 2457 1234 2501 II
1257 2473 1300 2514 p.
1320 2461 1419 2511 319,
1434 2462 1487 2500 10
1504 2456 1545 2499 R
1666 2461 1715 2498 11
1745 2452 1793 2498 δ’

48 2545 54 2554 1
112 2515 182 2562 Re
304 2525 357 2563 12
390 2520 665 2576 μετάστασιν
697 2520 766 2563 Re
798 2519 923 2574 quod
956 2518 1155 2562 correxit
1180 2517 1379 2561 Cobetus
1403 2515 1572 2559 Mnem.
1597 2514 1653 2557 N.
1673 2514 1715 2558 S.
1734 2514 1798 2557 HI

55 2592 58 2594 ·
114 2580 198 2620 142
351 2583 405 2622 13
449 2580 505 2623 οὐ
537 2579 671 2623 δεινὰ
702 2577 985 2624 δεδοικότων
1017 2577 1182 2633 scripsi
1213 2579 1268 2619 ut
1298 2575 1402 2620 coni
1433 2574 1658 2618 ReAnim
1741 2573 1798 2617 οὐ

68 2648 70 2651 ’
113 2635 245 2680 δεινὰ
277 2636 500 2682 δεδιότων
533 2638 575 2681 V
644 2637 926 2682 δεδοικότων
959 2636 1014 2680 οὐ
1046 2635 1179 2679 δεινὰ
1211 2636 1284 2679 Ρα
1354 2631 1633 2678 δεδοικότων
1665 2631 1798 2697 δεινὰ

110 2694 279 2750 reliqui
315 2695 424 2740 libri
463 2697 546 2740 sed
585 2697 795 2741 ordinem
831 2695 1004 2739 litteris
1036 2696 1064 2753 β
1096 2696 1144 2738 et
1174 2711 1204 2737 α
1244 2691 1570 2750 suprascriptis
1610 2691 1800 2734 invertit

113 2752 183 2808 1⁸,
208 2753 310 2798 Mor
370 2754 650 2800 δεδοικότων
682 2757 737 2799 οὐ
771 2755 904 2799 δεινὰ
935 2755 1003 2797 Re
1064 2755 1181 2798 ἀδεᾶ
1214 2751 1495 2797 δεδοικότων
1520 2750 1665 2794 Cobet
1682 2748 1796 2793 Coll.

59 2846 62 2850 .
116 2815 199 2855 180
248 2815 254 2869 Ι
304 2814 355 2858 δὲ
387 2815 442 2858 οὐ
475 2814 609 2859 δεινὰ
643 2815 883 2860 GAPIMo
908 2813 1010 2856 Mor
1093 2813 1148 2856 οὐ
1180 2811 1257 2855 del
1281 2812 1349 2855 Re
1515 2814 1569 2853 14
1600 2809 1799 2857 πολλοὺς

41 2911 61 2930 Ἰ.
110 2867 236 2914 inser
257 2872 316 2915 1⁸
473 2878 527 2916 16
559 2871 666 2930 μήτ’
694 2871 755 2916 ἂν
786 2875 830 2917 Α
863 2873 943 2915 sed
975 2889 1030 2927 γρ
1055 2867 1225 2927 μήποτ’
1254 2868 1312 2913 ἂν
1343 2870 1391 2912 in
1423 2882 1555 2924 marg
1643 2867 1703 2924 μὴ
1734 2882 1798 2911 πο

59 2950 62 2951 ’
112 2925 198 2974 τᾶν
227 2931 263 2974 I
287 2931 368 2976 sed
398 2947 460 2976 πο
490 2932 540 2975 in
562 2946 639 2976 ras
662 2932 741 2975 m⁸

1446 2999 1532 3044 13‘
