1992 3094
219 104 329 156 274
716 102 942 146 LIBANII
975 102 1199 148 ORATIO
1232 103 1421 147 XXXIX

220 238 383 307 ἐγγὺς
445 240 678 308 συνεχὴς
738 234 821 307 ἦν.
907 237 1123 291 ἐκεῖνον
1183 235 1286 305 μὲν
1347 234 1452 291 οὖν
1513 237 1767 306 ἐξέβαλεν
1830 232 1914 302 οἷς

220 331 379 397 ἔφην,
418 326 509 380 καὶ
549 335 657 381 νῦν
689 328 939 396 Βηρυτὸς
979 325 1088 397 ἔχει
1123 329 1221 380 τὸν
1253 325 1399 394 νέον,
1441 327 1508 379 οὐ
1541 333 1912 397 σωφρονοῦσα

220 414 321 486 μὲν
373 418 554 484 πόλις,
610 416 786 469 ἐδόκει
842 413 902 468 δὲ
956 415 984 468 ὁ
1040 416 1164 478 νέος
1218 416 1361 482 ὅμως
1418 414 1477 468 ἐν
1531 416 1913 486 μετριωτέροις

219 503 467 559 ἔσεσθαι·
535 506 607 574 μὴ
678 506 781 574 γὰρ
852 503 1084 558 ἔσεσθαί
1148 525 1272 557 τινα
1343 505 1542 557 αὐτόθι
1593 503 1915 574 Μιξίδημον

178 618 196 648 5
222 593 424 664 ἕτερον.
978 583 981 585 ‚

336 683 418 735 18.
482 685 662 735 Ταῦτα
717 685 1085 751 λογιζόμενος,
1140 681 1406 751 Ἀντίοχε,
1460 682 1760 751 προσκύνει
1814 683 1918 751 τὴν

230 773 413 841 Τύχην
460 771 581 824 ἀντὶ
629 780 723 840 τῆς
768 772 933 824 τοῦδε
981 772 1320 838 δυσμενείας.
1399 771 1530 824 οὐδὲ
1585 772 1688 840 γὰρ
1744 778 1915 824 ταῦτα

222 864 337 914 ἔστι
382 863 549 930 μόνα,
606 858 723 912 ἀλλ’
755 862 838 913 ἔνι
892 853 985 930 μοι
1041 860 1292 913 διελθεῖν
1343 859 1500 929 ἕτερα
1550 861 1916 928 νεανικώτερα

222 959 334 1002 τῶν
373 948 690 1019 εἰρημένων.
767 949 864 1001 τὸν
911 950 1015 1019 γὰρ
1064 945 1135 1002 αὗ
1175 948 1300 1018 περὶ
1340 957 1441 1002 τοῦ
1486 949 1790 1019 Φρύνωνος
1829 950 1917 1001 λό-

156 1062 199 1092 10
223 1059 326 1107 γον
388 1039 490 1091 οὐκ
546 1037 607 1108 ἐᾷ
658 1037 972 1105 Μιξίδημος
1034 1037 1388 1091 ἀπιστεῖσθαι
1452 1038 1653 1106 λαβὼν,
1699 1037 1786 1090 ἐπὶ
1850 1043 1923 1109 τῷ

223 1126 379 1180 παιδὶ
418 1135 542 1196 νῦν,
591 1128 773 1196 ὥσπερ
823 1126 1031 1189 ἐκεῖνος
1069 1127 1262 1195 πάλαι,
1317 1125 1407 1179 καὶ
1451 1127 1553 1195 τὴν
1592 1125 1678 1179 ε’πὶ
1718 1132 1792 1198 τῷ
1825 1143 1917 1178 πε-

223 1215 518 1288 πραγμένῳ
586 1215 975 1284 πεπλασμένην
1052 1216 1227 1285 ὀργὴν
1296 1217 1563 1277 σπονδαῖς
1639 1215 1922 1278 τοιαύταις

224 1306 590 1373 καταπαύσας,
632 1305 704 1368 ὡς
737 1304 1084 1374 ἀμφοτέρους
1122 1308 1337 1373 χαίρειν
1372 1306 1534 1373 ἔχειν,
1573 1305 1671 1356 τὸν
1710 1300 1811 1370 μὲν
1849 1309 1927 1375 τῷ

224 1396 322 1447 τὸν
367 1395 639 1447 κίνδυνον
679 1395 992 1462 διαφυγεῖν,
1040 1395 1137 1447 τὸν
1184 1390 1244 1446 δὲ
1291 1399 1366 1465 τῷ
1410 1398 1612 1465 μισθῷ.
1694 1393 1775 1445 19.
1827 1390 1920 1445 καὶ

136 1495 340 1540 RH361
385 1483 508 1551 περὶ
548 1484 748 1551 ταύτης
789 1485 795 1551 1
838 1491 933 1552 τῆς
971 1483 1221 1551 πράσεως
1260 1490 1359 1535 τοῦ
1400 1484 1569 1550 λόγου
1609 1483 1777 1551 μεστὴ
1816 1477 1921 1550 μὲν

163 1596 201 1627 16
226 1572 263 1640 ἡ
301 1579 386 1639 γῆ,
425 1573 591 1640 μεστὴ
634 1572 695 1624 δὲ
733 1571 766 1640 ἡ
807 1572 1072 1639 θάλαττα,
1111 1573 1207 1624 καί
1241 1590 1386 1634 τινες
1425 1571 1650 1639 ἥκοντες
1684 1568 1736 1632 ἐξ
1770 1568 1918 1622 ’.Ωκε-

227 1668 366 1713 ανοῦ
400 1661 490 1713 καὶ
521 1670 633 1713 τῶν
666 1659 778 1713 ἐκεῖ
810 1663 1074 1713 Γαλατῶν
1106 1661 1310 1722 εἰδότες
1348 1667 1520 1712 ταῦτα
1562 1655 1715 1727 ἧκον.
1761 1655 1922 1726 ἔναγ-

226 1769 319 1818 χος
360 1748 424 1801 δέ
459 1769 552 1818 μοι
596 1758 707 1802 τῶν
754 1747 813 1801 ἐν
847 1747 1051 1819 Ἰταλίᾳ
1095 1768 1178 1811 τις
1225 1747 1539 1817 γενομένων
1578 1748 1666 1800 καὶ
1716 1748 1924 1817 διατρι-

227 1838 453 1901 ψάντων
507 1836 568 1890 ἐν
629 1845 692 1908 τῇ
756 1838 1125 1907 βασιλευούσῃ
1188 1839 1346 1890 πόλει
1388 1835 1663 1905 Ῥωμαίων
1719 1834 1925 1888 οὐδένα

162 1949 205 1981 20
230 1925 455 1994 ἀγνοεῖν
517 1926 875 1995 ἀπήγγελλεν,
939 1924 1056 1979 ἀλλ’
1097 1925 1202 1978 ἀπὸ
1266 1934 1362 1994 τῆς
1420 1926 1657 1993 μεγάλης
1716 1926 1925 1992 βουλῆς

230 2013 567 2082 ἀρξαμένους
626 2014 782 2084 μέχρι
844 2024 956 2067 τῶν
1010 2013 1071 2067 ἐν
1124 2021 1198 2086 τῷ
1246 2019 1470 2085 ποταμῷ
1518 2019 1592 2084 τῷ
1645 2012 1922 2080 Θύμβριδι

232 2104 449 2167 ζώντων
482 2102 870 2166 ἐξεπίστασθαι
901 2104 998 2155 τὸν
1031 2104 1214 2170 δόντα,
1246 2103 1343 2155 τὸν
1369 2103 1623 2170 λαβόντα,
1654 2101 1724 2154 τὸ·
1748 2097 1924 2153 δοθὲν

230 2190 320 2244 καὶ
361 2191 498 2260 ὑπὲρ
540 2191 685 2244 ὅτου.
762 2191 848 2244 20.
896 2192 985 2244 καὶ
1026 2198 1197 2244 ταῦτα
1236 2185 1388 2243 οἶδεν
1427 2185 1588 2252 οὗτος
1627 2189 1791 2251 αὐτὸς
1829 2186 1923 2241 καὶ

351 2386 375 2424 9
410 2381 467 2425 cf.
500 2396 544 2437 p.
573 2385 674 2436 275,
693 2387 761 2424 21.
810 2383 842 2424 t.
868 2380 933 2424 111
963 2386 1060 2436 114,
1079 2386 1117 2425 4.
1166 2380 1230 2424 IV
1257 2384 1384 2433 1002,
1406 2385 1426 2422 1
1447 2380 1499 2423 R.
1563 2379 1693 2422 Dem.
1726 2379 1784 2423 de
1815 2377 1922 2422 fals.

232 2441 320 2496 leg.
347 2457 389 2497 p.
417 2445 517 2494 412,
537 2445 591 2483 24
624 2442 672 2484 et
702 2445 803 2495 413,
824 2445 877 2484 22
894 2455 960 2496 sq.
1025 2439 1150 2484 Suid.
1178 2454 1210 2483 s.
1230 2455 1269 2483 v.
1299 2439 1491 2494 Φρύνων

188 2610 205 2635 ⁸
353 2630 378 2668 8
412 2625 742 2682 νεανικώτερα]
776 2622 1048 2683 ἰσχυρότερα
1087 2625 1129 2668 V

357 2802 376 2838 1
412 2802 568 2839 κεῖνον
604 2795 717 2840 CA]
887 2799 911 2838 3
945 2793 1219 2850 μετριωτέρα
1255 2794 1291 2838 O
1453 2798 1506 2836 16
1539 2791 1757 2836 θάλασσα
1789 2791 1862 2835 Ρα

239 2859 291 2897 18
324 2852 393 2905 τίς
423 2855 504 2899 IV
641 2858 695 2896 22
730 2852 931 2911 λαβόντα
965 2854 1010 2895 P
1040 2853 1120 2896 sed
1152 2854 1237 2911 βον
1267 2852 1317 2895 in
1340 2865 1414 2894 ras
1439 2851 1508 2894 m²
1659 2855 1714 2893 23
1747 2849 1826 2893 καὶ
1858 2849 1924 2904 (1)

235 2913 409 2956 inserui
442 2926 466 2956 e
501 2914 543 2956 V
599 2927 674 2956 om
704 2912 873 2967 reliqui
905 2911 1015 2954 libri
1047 2912 1137 2954 edd
