1992 3094
513 95 742 140 LIBANII
772 93 997 140 ORATIO
1030 95 1110 139 DE
1141 95 1379 141 VINCTIS
1686 95 1794 149 369

107 242 222 296 πῶς
251 233 355 302 γὰρ
389 230 491 301 οὐχ
524 231 743 299 αὑτούς,
775 231 908 284 ὅταν
934 231 1092 284 αὐτοὶ
1124 232 1562 302 διαπράττωνται
1593 241 1797 301 φοιτᾶν

108 320 196 376 ἐπὶ
243 321 425 391 θύρας
469 321 600 382 τοὺς
644 319 997 384 καλέσοντας;
1052 320 1138 373 21.
1184 322 1285 389 τὴν
1331 320 1578 391 ἀνάγκην
1624 322 1686 375 δὲ
1727 321 1798 375 ἂν

109 409 309 478 λέγωσι
338 409 429 462 καὶ
460 409 558 461 τὸν
590 409 771 477 φόβον
801 408 899 461 τὸν
934 407 1039 461 ἀπὸ
1072 416 1167 477 τῆς
1200 412 1404 478 ζημίας,
1443 408 1796 474 ἐξαπατῶσιν.

108 499 142 567 ἥ
179 517 239 551 τε
276 497 381 567 γὰρ
422 498 575 566 δείλη
614 497 836 566 καθαρὰ
872 497 1038 549 τοῦδε
1077 505 1176 550 τοῦ
1224 500 1408 566 φόβου
1452 500 1486 567 ἥ
1537 502 1543 565 Ι
1592 519 1650 553 τε
1680 512 1886 556 RII453

109 587 318 656 ἀνάγκη
349 594 446 655 τῆς
476 584 614 648 θεάς
643 585 863 655 ἡμερῶν
894 595 1065 639 τινῶν
1095 585 1263 655 ἐστιν,
1295 585 1416 639 ἀλλ’
1438 588 1540 658 οὐχ
1572 588 1797 658 ἀπάσης.
1846 611 1866 644 ⁵

110 677 168 729 oc
211 677 273 730 δὲ
319 674 409 729 ἐπὶ
456 675 633 743 πάσης
679 672 934 744 ἔρχονται
983 673 1111 728 καθ’
1151 674 1413 745 ἑκατέραν
1457 684 1553 745 τῆς
1597 677 1801 748 ἡμέρας

109 765 307 835 μερίδα
345 762 436 817 καὶ
479 764 545 816 τὰ
583 772 695 816 τῶν
733 761 1070 833 εἰσπράξεων
1117 764 1183 816 οὐ
1230 767 1394 832 χείρω
1432 766 1601 836 ταύτῃ
1639 769 1801 821 καθί·

111 868 315 907 σταται.
382 854 561 906 καίτοι
594 854 747 924 πόσῳ
780 851 1001 920 βέλτιον
1030 853 1120 905 καὶ
1153 852 1656 925 ἀνθρωπινώτερον
1685 864 1802 920 τοῖς

11 969 25 977 ν
109 942 409 1012 ἠτυχηκόσι
458 950 570 994 τῶν
619 940 938 1011 ἀνθρώπων
986 943 1223 1010 βοηθεῖν
1276 943 1354 1004 εἰς
1408 943 1544 996 ὅσον
1593 942 1802 1007 ἔξεστιν

114 1031 144 1100 ἢ
195 1029 257 1084 ἐν
305 1038 581 1100 περιττοῖς
628 1030 906 1098 θεάμασιν
957 1028 1250 1097 ἀναμένειν
1294 1033 1390 1094 τὰς
1435 1033 1660 1100 νύκτας,
1709 1032 1801 1086 καὶ
1827 1055 1870 1088 10

112 1121 447 1173 δειπνοῦντα
496 1117 503 1190 Ι
551 1124 836 1172 ποιεῖσθαι
884 1121 1084 1187 λόγους
1127 1117 1265 1189 ὑπὲρ
1319 1130 1432 1174 τῶν
1476 1125 1653 1184 καλῶς
1683 1135 1892 1179 RH454

113 1208 428 1278 ἀφειμένων
466 1208 499 1277 ἢ
539 1208 642 1260 ὅσα
680 1217 796 1271 τοῖς
833 1207 1079 1277 ἡνιόχοις
1124 1207 1205 1261 ἐπ’
1245 1208 1519 1278 ἀλλήλους
1564 1210 1803 1280 εὕρηται.

115 1297 199 1350 22.
261 1299 443 1350 πόθεν
498 1298 564 1365 δὴ
619 1297 834 1349 τούτων
887 1298 952 1350 τὰ
1006 1297 1108 1366 μὲν
1161 1297 1444 1367 ἠμέληται,
1506 1300 1574 1352 τὰ
1627 1296 1688 1352 δὲ
1742 1299 1804 1353 ἐν

115 1387 332 1456 σπουδῇ
371 1386 600 1456 μεγάλης
640 1383 772 1449 δόξα
810 1406 894 1448 τις
927 1387 1143 1455 πονηρὰ
1180 1388 1309 1449 τοὺς
1348 1387 1616 1456 ἄρχοντας
1653 1388 1805 1442 κατέ-

115 1490 263 1544 σχεν,
303 1475 387 1528 ὅτι
425 1476 491 1528 τὰ
530 1475 632 1541 μὲν
666 1476 805 1527 ἄλλα
843 1475 1020 1527 πάντα
1053 1478 1242 1544 φαῦλα
1278 1474 1370 1528 καὶ
1409 1475 1592 1545 οὐδέν,
1630 1479 1804 1546 μόνον
1829 1497 1871 1531 15

28 1562 30 1565 ⁵
115 1561 179 1617 δὲ
218 1564 439 1633 ἀγαθὸν
479 1566 535 1617 αἱ
573 1565 721 1634 παρὰ
751 1573 863 1617 τῶν
898 1568 1119 1617 πολλῶν
1152 1565 1228 1626 εἰς
1261 1563 1463 1627 αὐτοὺς
1493 1563 1605 1631 μετ’
1637 1565 1806 1634 εὐφη-

26 1656 29 1679 ÷
116 1662 260 1719 μιῶν
300 1651 427 1722 βοαὶ
469 1652 561 1706 καὶ
606 1653 668 1705 τὸ
718 1652 926 1706 εἰδέναι
973 1653 1134 1722 χάριν
1172 1653 1418 1715 ἐκείνους
1457 1653 1645 1716 αὐτοῖς
1683 1653 1805 1707 ἀντὶ

24 1743 33 1782 '-
114 1750 229 1794 τῶν
278 1742 499 1810 ἡδονῶν
550 1741 612 1805 ἃς
661 1745 948 1810 πορίζουσι
998 1748 1074 1813 τῷ
1123 1743 1340 1809 πλήθει.
1425 1741 1657 1810 ἀφέντες
1703 1737 1807 1795 οὖν

28 1840 37 1905 ’,-
116 1831 178 1883 τὸ
218 1831 311 1883 διὰ
356 1839 456 1883 τοῦ
501 1831 567 1884 τὰ
612 1834 963 1900 προσήκοντα
1000 1839 1185 1883 ποιεῖν
1222 1831 1369 1899 παρὰ
1414 1839 1530 1893 τοῖς
1568 1827 1630 1884 εὗ
1670 1851 1808 1900 φρο-

116 1926 319 1972 νοῦσιν
351 1919 684 1987 εὐδοκιμεῖν,
723 1918 818 1988 ἀφ’
850 1915 930 1972 ὧν
967 1919 1234 1988 ἡγοῦνται
1271 1921 1402 1982 τοὺς
1441 1918 1645 1987 ἀργοὺς
1683 1939 1808 1973 του-
1832 1941 1876 1973 20

115 2006 276 2060 τουσὶ
314 2006 406 2061 καὶ
452 2017 703 2077 κηφῆνας
742 2007 1108 2074 ἐπισπᾶσθαι,
1154 2015 1326 2059 ταῦτα
1371 2009 1707 2077 χαρίζονται,
1754 2009 1807 2062 οἱ

32 2111 36 2113 ‘
119 2093 221 2166 μὲν
260 2095 606 2166 ἐκδεχόμενοι
644 2098 711 2149 τὰ
745 2107 858 2149 τῶν
889 2100 1221 2165 ἔμπροσθεν,
1262 2097 1321 2148 οἱ
1357 2093 1418 2149 δὲ
1455 2095 1546 2149 καὶ
1585 2111 1810 2165 προστι-

28 2167 40 2191 ⁸
117 2184 330 2253 θέντες,
369 2184 474 2238 κᾶν
511 2186 716 2255 τύχωσι
754 2194 849 2253 τῆς
887 2189 1124 2254 κλαγγῆς
1161 2194 1274 2237 τῶν
1313 2186 1586 2254 γεράνων,
1627 2185 1809 2238 εὐδαι-

239 2350 268 2389 4
300 2345 357 2390 cf.
384 2345 483 2389 cod.
510 2345 682 2390 Theod.
709 2345 794 2389 XV
818 2350 894 2400 5‚2
921 2345 1042 2402 (XIII
1066 2343 1168 2388 Kal.
1193 2344 1291 2388 Iun.
1319 2347 1421 2400 386)
1447 2359 1552 2388 cum
1579 2358 1810 2389 commen·
1901 2383 1915 2389 ⁴⁷

37 2400 46 2451 1
120 2404 243 2448 tario
283 2403 559 2448 Gothofredi
597 2406 644 2448 et
682 2418 823 2461 supra,
862 2419 908 2460 p.
935 2409 1019 2448 356
1177 2409 1231 2447 16
1272 2403 1329 2447 cf.
1362 2419 1407 2460 p.
1435 2408 1601 2459 361‚6;
1642 2408 1808 2460 387,6;

124 2467 269 2519 398‚4
391 2468 446 2507 23
478 2463 529 2507 Π.
556 2481 582 2521 y
615 2469 640 2507 3

34 2472 36 2475 ·
31 2294 46 2408 -x-zu·
37 2266 43 2276 -

243 2616 268 2654 2
300 2612 455 2666 θύρας
486 2611 651 2667 scripsi
684 2624 709 2654 e
729 2611 779 2654 V
804 2610 908 2654 coll.
933 2625 977 2667 p.
1004 2614 1105 2665 289,
1125 2615 1201 2662 11,
1232 2611 1287 2652 ut
1317 2610 1422 2653 coni
1454 2610 1522 2654 Re
1553 2610 1693 2653 Anim

50 2704 58 2711 ,
121 2670 299 2725 θύραις
327 2670 497 2727 reliqui
527 2670 638 2728 libri
669 2670 759 2714 edd
881 2674 907 2711 4
938 2666 980 2712 τ’
1009 2669 1077 2712 Re
1199 2673 1224 2712 6
1257 2668 1303 2712 οἳ
1333 2670 1367 2712 Ι
1395 2672 1400 2724 Ι
1439 2666 1558 2712 καθ’
1587 2667 1810 2723 ἑκατέραν

126 2743 199 2772 om
233 2732 277 2773 A
317 2730 398 2773 sed
430 2747 484 2786 γρ
516 2729 566 2772 in
596 2742 750 2786 marg,
790 2729 825 2771 I
850 2728 932 2771 sed
965 2727 1058 2771 add
1090 2727 1139 2770 in
1169 2741 1304 2785 marg
1333 2727 1424 2782 ω’,
1464 2727 1555 2772 edd
1637 2727 1814 2771 inserui

127 2802 151 2831 e
182 2787 375 2844 reliquis
405 2788 539 2832 libris
582 2792 588 2843 Ι
631 2786 851 2841 ἑκατέρας
884 2787 921 2831 G
1040 2791 1063 2829 7
1098 2788 1249 2830 καὶ-
1267 2785 1548 2830 καθίσταται
1580 2801 1654 2830 om
1679 2789 1753 2831 Pa

40 2843 61 2974 ἃ
126 2847 305 2905 καὶτὰ]
330 2847 449 2891 κατὰ
482 2846 572 2891 Got
695 2851 748 2889 12
780 2845 990 2901 ἀλλήλοις
1022 2846 1065 2890 U
1183 2851 1236 2889 14
1268 2844 1338 2896 τίς
1369 2847 1414 2890 Β
1538 2851 1590 2889 16
1624 2843 1670 2889 δ’
1700 2846 1767 2889 Re
1803 2846 1807 2903 Ι

120 2905 255 2960 παρὰ
287 2920 362 2949 om
387 2907 431 2950 V

41 2972 63 3094 ἶ
214 2986 414 3019 anuus
438 2987 495 3019 ed.
519 2987 756 3020 Foerster.
794 2987 867 3019 111.
1492 2983 1548 3021 24
