1992 3094
26 2268 57 3094 mmmm-ranen-
24 2178 40 2258 »ab
31 2127 35 2131 ·
35 2098 38 2099 η

279 110 509 155 LIBANII
540 110 764 156 ORATIO
797 111 879 155 AD
913 111 1204 156 SENATUM
1234 112 1683 158 ANTIOCHENUM
1743 114 1849 166 431

160 249 258 315 μία
289 266 351 315 γε
381 248 608 316 νωθράς
638 246 807 301 ἐποίει
838 248 934 311 τὰς
957 250 1234 317 βοηθείας.
1296 249 1629 318 πολλάκις,
1666 248 1877 319 ἐρεῖτε,Ι

159 337 307 406 περὶ
343 336 593 390 τούτων
625 337 1000 405 εἰρήκαμεν,
1039 337 1154 390 τὸν
1191 340 1589 405 πεισόμενον
1628 334 1696 391 δὲ
1736 338 1854 391 οὐκ

163 430 440 495 εἴχομεν.
517 424 583 477 οὐ
624 425 747 494 γάρ,
787 425 860 488 ὡς
895 423 1080 494 ἐχρῆν,
1119 423 1243 496 περὶ
1284 427 1542 480 τοιούτου
1579 427 1853 496 διείλεχθε

159 514 476 583 πράγματος
515 510 647 567 οὐδὲ
687 514 886 567 ἅπαντι
925 521 1000 586 τῷ
1033 516 1177 587 τόνῳ
1211 512 1343 568 οὐδὲ
1383 514 1562 585 ἁπάσῃ
1601 524 1666 586 τῇ
1699 515 1852 585 ῥώμῃ

161 604 294 658 οὐδὲ
332 605 562 673 ἄραντες
592 604 695 671 τὴν
733 604 930 672 φωνὴν
965 600 1097 656 οὐδὲ
1137 605 1214 666 εἰς
1243 606 1383 672 γόνυ
1421 606 1682 667 πεσόντες
1721 605 1853 657 οὐδὲ
1899 625 1921 658 5

161 692 394 762 ἀφέντες
441 692 654 762 δάκρυα
702 690 823 746 οὐδ’
868 685 952 755 οἷς
1004 693 1316 761 ἠμείψασθε
1370 694 1716 761 δηλώσαντες
1770 693 1852 746 ὅτι

161 782 262 836 οὐκ
295 780 576 846 ἀνέξεσθε,
610 780 748 833 ἀλλὰ
778 782 874 844 τὰς
906 780 1107 851 ἑτέρων
1139 780 1305 844 ὁδοὺς
1328 781 1493 850 ἥξετε.
1556 774 1646 834 οἷα
1677 782 1854 834 πολλὰ

159 869 518 939 πεποιηκέναι
563 871 827 933 πολλάκις
875 871 1124 933 Γαλάτας
1170 871 1404 933 τούτους
1450 870 1747 939 ἀκούομεν,
1800 873 1858 923 οἳ

162 960 348 1029 ἐπειδὴ
389 958 642 1027 λέγοντες
682 959 784 1012 οὐκ
824 955 974 1028 εἶχον
1012 961 1233 1012 πείθειν
1269 959 1679 1026 Κωνστάντιον,
1718 977 1853 1028 πρη-

159 1058 275 1112 νεῖς
305 1050 703 1111 καταπεσόντες
735 1048 862 1118 [οὐκ
895 1044 1045 1117 εἶχον
1079 1048 1322 1117 πείθειν]
1355 1045 1555 1101 ἔκλαον
1586 1047 1676 1101 καὶ
1708 1048 1816 1117 ἅμα
1844 1047 1848 1119 Ι
1878 1069 1921 1102 ιο

159 1147 272 1191 τῶν
318 1157 375 1191 τε
421 1138 614 1190 ποδῶν
651 1138 908 1190 ἐἴλκοντο
954 1135 1045 1189 καὶ
1085 1135 1332 1205 ἐδέοντο,
1380 1137 1481 1199 ἕως
1521 1137 1707 1199 αὐτοῖς
1736 1149 1945 1193 ΒΠ529

160 1226 404 1296 ὑπῆρξεν
448 1226 587 1295 ὑπὲρ
635 1221 703 1279 οὗ
749 1233 919 1278 ταῦτα
965 1224 1207 1279 ἐποίουν.
1292 1226 1340 1278 6.
1401 1226 1557 1293 ὑμεῖς
1611 1226 1672 1278 δὲ
1726 1224 1847 1278 οὐδ’

162 1316 253 1369 ὅτε
300 1318 530 1384 ἔναγχος
575 1313 836 1382 ἐπέμπετε
882 1315 982 1382 τὴν
1028 1316 1350 1383 πρεσβείαν,
1397 1322 1561 1367 τοῦτο
1605 1314 1854 1383 ἐπηγγεί-

162 1407 314 1471 λατε,
361 1402 480 1456 ἀλλ’
516 1400 657 1473 ὑπὲρ
703 1400 806 1472 μὲν
849 1404 1033 1456 ἵππων
1071 1402 1162 1456 καὶ
1208 1405 1440 1473 χρυσίου
1487 1403 1577 1456 καὶ
1625 1411 1724 1472 γῆς
1761 1402 1854 1457 καὶ

163 1495 319 1546 σίτου
356 1493 445 1545 καὶ
484 1493 757 1546 τοιούτων
786 1502 957 1546 τινῶν
992 1491 1237 1562 ἐκόμιζεν
1269 1492 1297 1546 ὁ
1329 1493 1658 1563 πρεσβεύων
1684 1493 1854 1562 γράμ-
1878 1513 1926 1546 15

161 1601 303 1648 ματα
342 1582 434 1634 καὶ
472 1578 543 1649 ἦν
573 1589 673 1635 τοῦ
707 1585 943 1651 φορτίου
975 1590 1146 1634 ταῦτα
1179 1582 1246 1634 οὐ
1277 1582 1477 1650 μικρὸν
1507 1581 1690 1651 μέρος,
1728 1580 1854 1651 περὶ

163 1670 226 1723 δὲ
270 1678 370 1723 τοῦ
416 1675 759 1723 κεκενῶσθαι
806 1677 1007 1739 μικροῦ
1055 1671 1116 1723 τὸ
1164 1672 1562 1739 βουλευτήριον
1606 1670 1698 1723 καὶ
1743 1679 1855 1723 τῶν

163 1759 394 1812 δικαίων
440 1760 734 1827 βουλεύειν
781 1756 911 1812 οὐδὲ
959 1767 1079 1829 γρῦ.
1156 1761 1334 1812 καίτοι
1379 1757 1481 1812 τίν’
1523 1755 1631 1828 εἶχε
1676 1761 1859 1813 πόνον

282 1939 308 1978 5
341 1934 400 1978 ef.
423 1950 468 1992 p.
488 1938 588 1988 454,
601 1939 655 1978 20
674 1950 740 1991 sq.
867 1939 920 1978 10
954 1934 1010 1978 of.
1037 1936 1068 1978 t.
1095 1934 1136 1977 H
1160 1938 1327 1988 300‚13

281 2103 310 2142 4
333 2097 463 2142 πόνω
487 2098 523 2141 Ι
543 2100 549 2155 Ι
576 2104 630 2155 τῇ
655 2097 782 2141 inser
803 2097 871 2140 Re
934 2111 1009 2141 om
1031 2096 1141 2139 libri
1164 2096 1300 2153 Bong
1413 2101 1438 2140 5
1462 2095 1546 2152 τὴν
1572 2111 1647 2140 om
1674 2096 1796 2140 CMo

164 2161 189 2200 6
223 2156 333 2203 οὐδὲ
364 2157 433 2202 Re
475 2159 481 2214 Ι
525 2154 596 2209 οἷς
626 2156 720 2232 ΒΘ,
757 2157 818 2208 ὡς
847 2156 958 2200 libri
990 2156 1123 2214 Bong
1164 2157 1170 2214 Ι
1213 2152 1474 2213 ἠμείψεσθε
1509 2157 1593 2200 Mo
1625 2155 1706 2199 sed
1739 2171 1760 2200 ε
1792 2156 1858 2212 (2)

164 2289 220 2320 ex
251 2292 302 2318 αι
333 2290 436 2319 corr
465 2274 556 2330 m',
589 2276 635 2320 A
695 2232 957 2332 Ιι’ἰεῖμειίροέσθε
982 2275 1029 2318 Ρ
1146 2277 1169 2316 7
1204 2272 1323 2326 ἕξετε
1354 2273 1422 2317 Re
1481 2273 1538 2318 cf.
1563 2288 1608 2329 p.
1628 2277 1795 2326 465‚23

164 2338 190 2378 9
225 2335 310 2379 οὐκ
333 2361 390 2366 -
418 2339 472 2378 10
496 2333 837 2386 καταπεσόντες
867 2334 916 2376 in
947 2347 1081 2390 marg
1111 2332 1184 2377 Ρ3
1307 2337 1360 2375 10
1393 2333 1478 2376 οὐκ
1510 2328 1637 2390 εἶχον
1668 2330 1858 2376 πείθειν

165 2393 436 2448 caucellavi,
466 2394 522 2436 ut
551 2393 674 2438 male
708 2407 763 2437 ex
796 2393 1179 2437 antecedentibus
1211 2392 1427 2448 repetita,
1460 2405 1565 2435 cum
1596 2391 1777 2435 Sinteni
1809 2392 1861 2435 et

165 2450 339 2497 Cobeto
372 2451 485 2497 Coll.
514 2457 596 2497 137
690 2453 751 2503 ὡς
783 2448 923 2510 εἶχον,
956 2450 1223 2509 ἐπεχείρουν
1256 2451 1359 2494 coni
1392 2451 1459 2495 Re
1490 2451 1651 2504 Anim‚
1684 2449 1738 2495 ὃν
1770 2450 1858 2493 οὐκ

165 2507 291 2570 εἶχον
322 2509 526 2566 πείθειν,
557 2519 724 2556 τοῦτον
756 2509 1026 2570 ἐπεχείρουν
1059 2509 1206 2555 ἕλκειν
1237 2510 1287 2553 in
1318 2510 1417 2554 edit
1451 2513 1457 2566 Ι
1497 2510 1659 2554 ἔκλαον
1691 2508 1856 2565 scripsi

166 2572 355 2615 auctore
387 2570 569 2615 Sinteni
646 2570 793 2615 ἕλκειν
824 2570 936 2614 libri
967 2570 1058 2615 edd
1134 2569 1256 2628 (οὐκ
1289 2566 1349 2614 ἂν
1382 2569 1565 2624 ἔφασαν
1596 2569 1856 2623 ἀναστῆναι

165 2630 246 2673 καὶ
275 2628 522 2690 ἐκέλευον)
548 2629 695 2675 ἕλκειν
721 2630 827 2673 coni
850 2628 996 2674 Cobet
1119 2634 1170 2672 11
1206 2626 1359 2673 εἷλκον
1383 2628 1451 2671 Re
1475 2628 1614 2671 Anim
1675 2627 1724 2671 εἴ
1747 2642 1855 2670 οντο

167 2687 395 2743 Sintenis‚
428 2691 479 2733 at
509 2689 567 2733 cf.
593 2691 625 2733 t.
651 2689 695 2732 H
720 2688 945 2742 572,15R
976 2690 1023 2731 et
1055 2687 1140 2732 Od.
1164 2703 1199 2731 π
1232 2691 1317 2730 276
1500 2691 1554 2730 12
1587 2685 1697 2730 οὐδὲ
1771 2699 1795 2728 e

168 2751 224 2791 15
255 2748 336 2791 καὶ
368 2745 496 2792 σίτου
528 2762 603 2792 om
634 2749 669 2791 I
746 2745 895 2791 σιτίου
926 2747 1060 2803 Bong
1109 2747 1114 2803 Ι
1166 2742 1230 2790 ὧν
1260 2747 1368 2803 post
1397 2753 1538 2791 τινῶν
1573 2746 1742 2791 ΟΜοΑ
1773 2744 1854 2788 sed

165 2805 215 2849 in
244 2806 334 2850 hoc
365 2806 443 2851 del
472 2822 533 2852 m.
565 2820 678 2861 ree,
710 2807 854 2850 IBM
879 2806 1014 2863 Bong
1103 2805 1180 2849 del
1211 2805 1279 2849 Re
1452 2809 1507 2849 18
1540 2805 1736 2861 οὐδεγρῦ
1770 2805 1858 2848 Mo

166 2865 283 2966 ἵξᾶ·
309 2865 360 2910 e*
396 2879 498 2910 corr
557 2865 643 2923 γρύ
670 2867 729 2910 Μ
759 2865 841 2909 sed
863 2864 875 2879 ‘
902 2878 927 2908 e
951 2869 970 2878 ”
998 2879 1120 2919 corr,
1152 2864 1244 2909 edd
1276 2863 1332 2908 cf.
1359 2878 1403 2920 p.
1423 2867 1556 2919 320,1
1586 2866 1592 2920 Ι
1620 2860 1857 2920 πονηρίαν

206 2937 300 2981 ong
