1992 3094
204 86 313 138 416
712 85 940 129 LIBANII
971 85 1195 130 ORATIO
1227 85 1395 130 XLVII

115 234 318 278 RH517
354 222 594 290 δύναμιν
625 222 713 273 καὶ
747 223 877 284 τοὺς
915 220 1280 290 κεκτημένους
1311 221 1571 291 ἐλέγχειν,
1607 223 1614 290 Ι
1651 222 1765 276 ἐπεὶ
1805 224 1894 276 καὶ

203 311 344 379 γυνὴ
400 311 561 363 δυοῖν
617 310 850 380 ἀνδροῖν
905 306 1045 362 οὖσα
1093 310 1443 379 δυνατωτέρα
1490 310 1561 364 ἂν
1608 317 1715 379 εἴη,
1772 310 1891 364 ἀλλ’

203 400 303 451 οὐκ
343 398 412 451 ἂν
447 402 783 467 συνησθειής
815 397 1012 469 ἐχούσῃ
1052 400 1152 451 τὸν
1185 400 1287 466 μὲν
1326 400 1498 471 γάμῳ,
1537 401 1636 453 τὸν
1674 400 1735 453 δὲ
1773 421 1894 469 μοι-

203 490 334 558 χείᾳ.
403 490 580 540 καίτοι
618 488 708 540 καὶ
747 489 1161 556 πλουσιώτερον
1195 491 1346 541 ἔστιν
1386 485 1528 541 εἶναι
1569 491 1668 542 τὸν
1698 490 1896 558 μοιχὸν

159 598 177 630 5
201 580 499 646 πολλαχοῦ,
539 575 666 642 παρ’
706 571 772 629 οὗ
809 578 977 628 πλείω
1018 585 1082 646 τῇ
1115 575 1337 644 γυναικὶ
1371 575 1571 644 γένοιτ’
1612 577 1682 630 ἂν
1721 576 1754 645 ἢ
1793 585 1893 630 τοῦ

203 668 466 732 λαβόντος
513 665 685 733 αὐτὴν
723 663 847 733 μεθ’
881 663 1191 733 (Υμεναιόυ.
1270 661 1355 733 ἀρ’
1396 661 1500 718 οὗν
1547 667 1772 735 οἴσομεν
1811 672 1895 720 λε-

202 755 424 822 γούσης,
465 754 535 816 ὡς
575 754 676 806 οὐκ
719 758 842 806 ἴσον
878 747 957 816 εἷς
987 754 1078 806 καὶ
1119 755 1221 806 δύο
1263 754 1394 807 οὐδὲ
1433 754 1601 822 μέγας
1631 754 1720 808 καὶ
1760 758 1893 824 βρα-

201 845 299 911 χὺς
346 839 477 895 οὐδὲ
527 843 726 911 ὡραῖος
770 841 860 895 καὶ
908 844 1180 912 ἄμορφοςς
1237 842 1379 896 οὕτω
1435 843 1536 911 μὲν
1583 843 1612 896 ὃ
1659 844 1893 910 μάλιστα

201 931 416 999 συνέχει
448 932 546 984 τὸν
577 933 721 998 βίον,
755 931 783 984 ὁ
817 930 940 1001 περὶ
975 934 1104 993 τοὺς
1137 932 1345 1000 γάμους
1377 933 1561 999 νόμος,
1603 934 1892 1001 οἰχήσεται.

135 1043 177 1074 ιο
313 1019 395 1071 25.
447 1019 592 1089 Ἐρεῖ
623 1024 818 1073 τοίνυν
849 1040 932 1083 τις
963 1028 1220 1073 τοιοῦτον
1258 1030 1371 1073 τῶν
1408 1022 1503 1082 τὰς
1534 1020 1701 1089 ἀρχὰς
1731 1026 1891 1074 κολα-

198 1111 477 1162 κευόντων
516 1111 708 1177 λόγον,
750 1110 823 1172 ὡς
862 1108 1064 1162 ἐλάττω
1105 1111 1357 1178 πρόσεισι
1395 1118 1510 1171 τοῖς
1550 1119 1893 1178 στρατηγοῖς,

199 1198 246 1249 εἰ
286 1196 432 1250 τοῦτ’
473 1196 756 1267 ἐπισχήσει
793 1218 875 1260 τις
913 1199 973 1250 τὸ
1014 1198 1202 1266 ῥεῦμα.
1271 1197 1362 1250 καὶ
1401 1201 1458 1250 τί
1493 1199 1698 1266 δεινόν,
1739 1200 1786 1251 εἰ
1825 1200 1891 1251 τὰ

198 1294 305 1339 νῦν
349 1289 651 1355 προσιόντα
697 1297 876 1349 κακῶς
920 1288 1209 1351 παύσεται;
1265 1287 1331 1340 οὐ
1386 1289 1492 1354 γὰρ
1547 1285 1694 1340 τοῦτ’
1741 1289 1890 1340 ἔστιν

198 1374 351 1438 ἄξιον
383 1385 626 1444 σκοπεῖν,
667 1377 715 1428 εἰ
752 1376 952 1429 ἐλάττω
988 1379 1272 1444 λήψονται,
1313 1375 1430 1428 ἀλλ’
1464 1378 1511 1429 εἰ
1544 1378 1890 1445 δικαιότερον

130 1486 172 1517 15
198 1462 375 1517 ἐκεῖνο
414 1473 515 1517 τοῦ
554 1473 662 1517 νῦν
701 1463 790 1517 καὶ
831 1467 878 1517 εἰ
917 1475 1164 1534 πονηρᾶς
1204 1464 1364 1533 δόξης
1404 1465 1729 1517 ἀπαλλάττει
1760 1468 1890 1527 τοὺς

198 1551 284 1605 ἐπὶ
330 1561 430 1606 τοῦ
477 1564 815 1622 στρατηγεῖν.
892 1555 952 1606 τὸ
1001 1555 1103 1623 γὰρ
1153 1554 1286 1606 αὐτὸ
1334 1555 1425 1606 καὶ
1471 1561 1586 1615 τοῖς
1633 1553 1888 1606 ἀδικοῦσι

195 1641 389 1707 κέρδος
435 1643 523 1695 καὶ
563 1652 678 1705 τοῖς
717 1642 1126 1711 ἀδικουμένοις,
1171 1652 1286 1705 τοῖς
1324 1643 1425 1709 μὲν
1462 1641 1646 1711 μηκέτ’
1685 1642 1886 1695 ἀδικεῖ-

198 1735 349 1798 σθαι,
388 1740 504 1793 τοῖς
543 1727 603 1784 δὲ
642 1730 823 1799 μηκέτ’
863 1731 1088 1784 ἀδικεῖν.

308 1820 391 1871 26.
436 1818 921 1889 Ἀθυμήσουσιν
972 1822 1031 1873 οἱ
1080 1821 1430 1889 στρατηγοὶ
1478 1823 1885 1887 κωλυόμενοι

128 1929 173 1961 20
195 1915 394 1960 ταῦτα
431 1911 737 1978 θερίζειν.
814 1911 904 1962 καὶ
951 1911 1055 1978 γὰρ
1089 1911 1142 1962 οἱ
1201 1909 1424 1963 κλέπται
1463 1909 1553 1962 καὶ
1602 1910 1662 1962 οἰ
1695 1929 1884 1978 τοιχω-

315 2103 339 2141 9
374 2098 430 2141 cf.
456 2101 487 2142 t.
514 2099 555 2142 Π
581 2104 716 2154 591,5
734 2100 775 2142 R
897 2105 949 2143 11
985 2099 1041 2144 cf.
1067 2101 1099 2143 b.
1126 2099 1270 2154 Ι114,
1288 2105 1340 2143 18

315 2282 340 2318 3
366 2276 420 2319 σύ
445 2274 491 2334 γ’
520 2275 715 2333 ἡσθείης
739 2277 806 2321 Re
829 2278 967 2321 Anim
996 2283 1001 2332 Ι
1028 2277 1178 2334 γάμον
1203 2279 1237 2321 Ι
1352 2282 1377 2319 4
1404 2278 1496 2322 ἐστι
1520 2278 1555 2320 Ι
1663 2282 1687 2320 5
1713 2279 1880 2320 πολλα-

194 2341 279 2392 χοῦ
306 2336 350 2378 Β
375 2337 456 2379 sed
481 2339 556 2379 ολλ
579 2336 629 2379 in
651 2350 727 2379 ras
751 2335 821 2379 m²
844 2337 846 2394 Ι
869 2335 896 2392 ἢ
921 2344 1003 2380 τοῦ
1027 2336 1252 2394 λαβόντος
1275 2350 1347 2380 om
1376 2336 1466 2380 (ἰοὺ
1588 2342 1612 2379 6
1633 2333 1881 2391 (Τμεναίου

196 2394 360 2450 scripsi
392 2395 495 2438 coll.
520 2410 565 2451 p.
586 2400 751 2448 331‚10
813 2394 1037 2452 ὑμεναίου
1060 2395 1169 2439 libri
1194 2396 1285 2439 edd
1438 2401 1460 2438 7
1495 2395 1597 2439 ἴσον
1621 2395 1667 2438 Ρ
1688 2395 1770 2438 sed
1786 2391 1806 2408 ’‘
1831 2395 1880 2436 in

194 2466 268 2494 ras
293 2453 362 2495 m⁴
482 2458 508 2497 8
533 2454 756 2510 ἄμορφος.
783 2455 851 2498 Re
975 2460 1029 2498 10
1054 2457 1102 2499 et
1129 2460 1180 2498 12
1205 2453 1274 2505 τίς
1298 2456 1342 2498 Β
1463 2460 1515 2497 13
1549 2461 1635 2497 νῦν
1661 2469 1735 2497 om
1761 2453 1850 2497 Goss
1871 2454 1875 2511 Ι
1951 2471 1980 2491 2:

195 2519 348 2563 κακῶς
379 2525 453 2555 om
477 2515 616 2557 IBM
639 2515 719 2557 Sed
751 2514 799 2556 in
825 2515 912 2557 hoc
936 2531 990 2570 γρ
1016 2515 1096 2557 καὶ
1119 2511 1162 2557 τί
1187 2512 1343 2558 δεινόν
1369 2514 1409 2557 εἰ
1433 2513 1490 2557 τὰ
1515 2521 1601 2558 νῦν
1625 2510 1879 2567 προσιόντα

194 2577 360 2625 κακῶς,
391 2572 619 2616 παύσεται
650 2573 699 2615 in
729 2586 863 2630 marg
890 2576 895 2629 Ι
923 2571 1047 2617 τοῦτ’
1086 2573 1131 2615 P
1159 2573 1240 2616 sed
1271 2589 1296 2615 τ
1327 2575 1388 2629 (2)
1422 2574 1469 2615 in
1500 2587 1575 2615 ras
1606 2572 1676 2614 m²
1735 2568 1875 2614 τοῦθ’

199 2658 276 2701 CA
327 2660 332 2713 ι
384 2659 504 2703 ἔστιν
537 2659 628 2704 Got
689 2661 758 2705 ἔνι
788 2660 899 2704 libri
1056 2666 1110 2704 14
1143 2661 1183 2704 εἰ
1215 2675 1288 2704 om
1322 2661 1414 2704 σοι
1463 2662 1468 2716 ι
1510 2647 1704 2715 λήψὲἴαι
1739 2660 1819 2705 CA

193 2715 390 2772 λήψεται
413 2720 548 2763 ΙΒΜ
672 2725 725 2763 18
755 2727 853 2770 τοῖς
881 2720 1068 2776 reposui
1100 2734 1124 2763 e
1152 2720 1325 2764 CIBM
1353 2723 1408 2763 ut
1431 2720 1535 2763 coni
1565 2720 1634 2762 Re
1695 2720 1802 2769 τοὺς
1833 2719 1878 2762 Α

195 2776 284 2818 edd
345 2792 455 2820 τουσ
479 2780 525 2822 Ρ
645 2783 697 2821 19
730 2777 1083 2836 Άθυμήσουσιν]
1110 2780 1513 2835 „praeponendum
1537 2779 1714 2822 videtur
1737 2775 1835 2821 ἀλλ’
1851 2781 1875 2800 “

195 2834 262 2876 Re
351 2837 619 2892 ἀθυμοῦσιν
658 2839 798 2882 ΙΒΜ
835 2839 915 2882 Sed
954 2838 1002 2879 in
1042 2838 1129 2881 hoc
1168 2837 1492 2893 ἀθυμήσουσιν
1531 2837 1581 2880 in
1618 2850 1753 2894 marg

256 2899 310 2937 20
342 2894 558 2950 θερίζειν.
593 2896 682 2939 Got
741 2895 967 2951 θερίζειν,
997 2896 1107 2939 libri
1143 2899 1148 2952 Ι
1182 2897 1445 2954 τοιχορύχοι
1480 2899 1539 2941 Μ
