1992 3094
195 84 296 128 LIV
734 80 1073 124 PRAEFATIO
1107 79 1342 124 CRITICA

198 223 337 271 Certe
387 222 564 270 melius
612 224 685 269 est
731 236 881 282 quam
930 219 1148 268 είλοῦντο
1202 219 1333 281 quod
1387 220 1614 268 Reiskius
1670 221 1879 269 coniecit

195 299 274 346 vel
312 296 529 346 εἰλοῦντο
567 295 695 357 quod
727 294 1108 355 Herwerdenus3
1149 290 1376 341 ὠθοῦντο
1415 309 1531 341 vero
1573 294 1704 356 quod
1734 293 1879 342 Pola.-

195 372 305 419 kius
344 371 602 432 proposuit
645 395 706 400 —
751 367 960 415 debebat
998 382 1102 415 esse
1142 365 1394 415 ἐωθοῦντο
1435 394 1503 400 ——
1547 367 1743 414 admitti
1782 383 1882 415 non

195 447 372 507 potest,
411 446 585 504 utpote
619 441 750 504 quod
790 442 1128 489 additamento
1169 441 1465 503 explieativo
1505 444 1684 489 careat.

306 532 584 579 Articulum
637 527 661 578 ὅ
713 533 826 577 ante
875 529 1112 592 δεσπότης
1159 529 1355 577 delendi
1401 546 1511 577 oum
1548 529 1880 579 Herwerdeno

196 606 499 667 Polakioque
550 620 747 652 oausam
800 604 919 652 satis
971 603 1199 651 idoneam
1231 606 1508 667 ¹agnoscere
1557 604 1692 650 haud
1740 619 1878 665 queo.

198 680 494 741 Saepissime
526 678 763 726 Libanius
798 694 907 724 eum
939 677 1090 726 semel
1123 677 1363 725 adhibuit.
1423 677 1591 725 Etiam
1621 678 1881 739 rhythmus

200 756 246 801 ei
284 754 431 801 favet.

307 858 353 903 p.
389 843 509 901 342,
539 842 604 888 14
644 839 734 888 εἴτε
770 838 859 905 γὰρ
897 839 1118 904 παρίοιεν
1150 839 1203 888 οἱ
1229 846 1512 903 στρατιῶται
1542 843 1644 898 τοῖς
1675 839 1882 903 πλοίοις,

197 914 288 963 οὐκ
342 907 405 978 ἦν
456 917 749 1005 προσελθεῖν
803 917 906 972 ταῖς
960 912 1181 975 πόλεσιν,
1231 908 1315 961 εἴτ’
1373 908 1454 962 ἐπ’
1505 911 1692 971 ἐκείνας
1743 912 1880 977 ἴοιεν,

198 982 467 1037 ἀπώλλυντ’
497 1007 559 1036 αν
591 987 755 1045 αὐτοῖς
787 987 843 1034 αἱ
869 994 1000 1050 νῆες,
1032 981 1120 1035 εἴτ’
1150 984 1436 1035 ἀναπλέοιεν
1469 985 1551 1035 διὰ
1581 993 1668 1035 τοῦ
1705 986 1881 1053 Τίγρη-

198 1080 301 1125 τος,
349 1061 534 1126 μόχθος
572 1080 618 1109 τε
665 1059 811 1126 μέγας
850 1059 931 1108 καὶ
971 1058 1111 1124 μέσαι
1156 1064 1265 1108 ταῖν
1304 1059 1492 1127 πόλεων
1531 1054 1769 1126 ἐγίγνοντ’
1805 1058 1880 1109 ἄν.

199 1137 468 1198 Responsio
515 1136 716 1183 suadere
763 1135 982 1196 videtur,
1028 1138 1086 1182 ut
1131 1132 1193 1182 ἂν
1241 1137 1392 1182 etiam
1430 1111 1560 1182 inter
1599 1134 1690 1183 οὐκ
1730 1137 1779 1183 et
1817 1126 1882 1198 ἦν

199 1226 309 1257 cum
348 1210 676 1257 Herwerdeno
716 1210 976 1270 inseratur,
1018 1211 1070 1256 at
1107 1223 1301 1257 neeesse
1340 1225 1440 1256 non
1479 1211 1565 1257 est.

309 1316 354 1360 p.
391 1300 509 1359 344,
549 1301 577 1345 2
630 1301 850 1361 κατεῖχον
904 1296 994 1360 τὴν
1049 1294 1209 1361 ὄχθην
1259 1294 1428 1345 ἀσπίσι
1478 1315 1525 1345 τε
1575 1296 1882 1360 λαμπούσαις

198 1369 279 1419 καὶ
327 1371 494 1430 ἵπποις
540 1371 863 1436 χρεμετίζουσι
916 1369 998 1418 καὶ
1052 1370 1219 1429 τόξοις·
1262 1368 1559 1434 ἠσκημένοις
1609 1369 1691 1418 καὶ
1746 1368 1881 1436 μεγέ-

199 1449 341 1492 θεσιν
388 1443 676 1507 ἐλεφάντων.
753 1446 933 1492 Mirum
979 1445 1031 1492 in
1077 1446 1278 1492 modum
1320 1445 1679 1493 Herwerdenus
1726 1442 1881 1508 ἠσκη-

199 1517 363 1581 μένοις
403 1535 512 1567 oum
552 1518 719 1576 ἵπποις
758 1521 1033 1567 construxit
1072 1521 1120 1566 et
1159 1518 1317 1577 τόξοις
1357 1519 1418 1566 ab
1450 1516 1747 1582 ἠσκημένοις
1779 1534 1880 1567 sus-

199 1608 406 1655 pensum
445 1593 574 1640 fecit.
651 1593 782 1640 Nam
820 1591 933 1650 τόξα
973 1590 1226 1656 ἠσκημένα
1273 1595 1390 1641 sunt
1436 1608 1580 1641 arcus
1624 1594 1882 1652 artificiose

199 1668 316 1725 facti
357 1660 439 1731 (cf.
478 1669 513 1714 t.
545 1667 570 1713 I
604 1668 724 1726 509,
753 1669 818 1713 14
859 1666 911 1715 τὸ
951 1665 1127 1732 γήδιον
1158 1694 1230 1700 -
1260 1663 1489 1730 ἤσκηται)
1530 1669 1580 1713 et
1617 1667 1881 1714 manifesta

201 1742 276 1787 est
328 1740 512 1787 locutio
563 1740 823 1802 bipartita:
885 1737 1055 1788 ἀσπίσι
1116 1758 1163 1789 τε
1217 1739 1524 1803 λαμπούσαις
1577 1739 1658 1788 καὶ
1713 1739 1882 1806 ἵπποις

202 1813 555 1877 χρεμετίζουσιν
588 1816 636 1860 et
666 1812 822 1872 τόξοις
853 1811 1149 1877 ησκημένοις
1187 1811 1269 1862 καὶ
1301 1812 1555 1879 μεγέθεσιν
1588 1812 1880 1876 ἐλεφάντων.

311 1918 358 1962 p.
394 1902 512 1962 344,
541 1903 609 1949 20
649 1900 700 1949 ἐν
740 1891 776 1949 ὦ
812 1899 863 1950 δὲ
902 1907 1002 1961 τοῖς
1042 1902 1244 1968 δρόμοις
1282 1909 1379 1950 τῶν
1419 1901 1584 1950 ἵππων
1625 1899 1650 1950 ὃ
1682 1901 1882 1968 στρατὸς

202 1972 576 2039 ἐψυχαγωγεῖτο,
615 1974 751 2023 κεναὶ
790 1983 886 2023 τῶν
927 1977 1144 2042 φορτίων
1183 1975 1236 2025 ἐκ
1274 1974 1639 2042 παραγγέλσεως
1672 1977 1798 2039 ἦσαν
1831 1975 1887 2023 αἱ

200 2054 332 2110 νῆες,
364 2051 427 2115 τῷ
445 2047 569 2115 λόγῳ
595 2046 699 2112 μέν,
732 2048 863 2107 ὅπως
888 2047 1076 2113 ὀφθείη
1100 2048 1152 2098 τὸ
1178 2047 1466 2115 σιτηρέσιον,
1499 2049 1548 2098 εἴ
1565 2067 1632 2118 πη
1660 2049 1880 2116 παρανά-

201 2123 369 2183 λωται,
417 2120 468 2170 τὸ
509 2119 560 2170 δὲ
600 2121 741 2187 ἔργον
789 2123 875 2186 ἠν,
920 2123 978 2172 οὐ
1018 2122 1303 2188 προειδότας
1342 2122 1580 2186 ἐξαίφνης
1619 2122 1881 2188 ἐμβιβάσαι

202 2193 316 2252 τοὺς
370 2194 658 2259 στρατιώτας
713 2195 948 2260 ἐβούλετο.
1027 2197 1166 2254 Quod
1219 2213 1309 2260 pro
1364 2197 1707 2262 παρανάλωται
1757 2197 1881 2244 Her-

202 2268 455 2315 werdenus
510 2268 828 2332 παρανήλωτο
884 2270 1169 2319 dubitanter
1221 2272 1498 2334 proposuit,
1553 2271 1882 2320 necessarium

201 2357 299 2388 non
354 2344 450 2401 est,
507 2343 637 2403 quod
683 2342 905 2406 ἐβούλετο
961 2360 1071 2392 oum
1121 2345 1324 2393 librario
1379 2345 1559 2393 codicis
1607 2347 1644 2392 I
1685 2345 1881 2404 delevit,

201 2414 595 2475 improbandum.

313 2519 358 2563 p.
394 2504 601 2562 347,14
642 2503 757 2567 τάχα
796 2503 988 2568 εὑρήσει
1027 2505 1220 2570 λαμπρὰ
1269 2504 1355 2570 μὲν
1394 2504 1617 2570 κάκεῖνα,
1663 2504 1789 2555 πολὺ
1829 2503 1881 2555 δὲ

203 2575 346 2637 μείζω
386 2583 557 2637 ταῦτα,
604 2574 684 2624 καὶ
727 2576 782 2624 τὰ
823 2576 911 2640 μὲν
951 2578 1153 2638 οὐδενὸς
1191 2577 1505 2639 ἀπαντῶντος
1550 2577 1880 2645 πεπραγμένα,

202 2646 259 2695 τὰ
299 2646 351 2697 δὲ
391 2646 546 2697 ὄντων
588 2657 684 2697 τῶν
732 2649 1015 2714 μαχομένων
1061 2651 1399 2716 τετολμημένα.
1474 2654 1757 2714 Probabile,
1796 2653 1882 2701 sed

202 2738 300 2769 non
339 2724 665 2771 necessarium
706 2727 778 2771 est
817 2725 947 2785 quod
985 2729 1098 2773 ante
1141 2724 1295 2774 ὄντων
1334 2727 1691 2775 Herwerdenus
1730 2728 1882 2773 inseri

202 2795 310 2842 vult
347 2798 551 2844 πολλῶν.

313 2886 359 2929 p.
395 2870 516 2930 352,
538 2873 563 2916 1
598 2868 754 2927 εὐθὺς
779 2869 1081 2930 ἐκκλίναντες
1105 2871 1327 2937 ἔφευγον.
1383 2874 1713 2922 Herwerdeno
1737 2889 1877 2935 prae-
