1992 3094
376 152 605 197 LIBANH
636 151 860 198 ORATIO
894 152 1139 198 CONTRA
1170 153 1427 198 ICARIUM
1458 155 1478 198 Ι
1718 155 1787 206 27

100 293 289 346 σκόπει
334 291 546 355 τοίνυν,
591 295 702 341 ποῦ
749 289 850 341 τὸν
894 287 1102 358 πατέρα
1146 291 1332 359 τίθης,
1388 290 1520 342 ὅταν
1565 297 1791 343 τοιαῦτα

100 384 435 449 φιλοσοφῇς,
481 375 572 430 καὶ
618 378 727 446 πρὸ
767 385 868 430 τοῦ
914 379 1119 447 πατρὸς
1163 381 1405 441 πολλοὺς
1451 378 1792 447 ὀνομαστοὺς

100 466 189 522 ἀπ’
219 468 402 520 ἄλλων
447 485 505 519 τε
544 466 753 534 ἀρετῶν
799 467 890 519 καὶ
931 470 1288 536 φιλοσοφίας,
1339 469 1388 520 εἰ
1427 469 1498 536 μὴ
1538 468 1627 520 καὶ
1670 472 1791 520 Σω-

98 556 266 627 κράτη
313 556 411 608 τὸν
457 554 816 619 ἀποθανόντα
854 557 1064 627 κωνείῳ
1111 561 1448 625 μεμισῆσθαι
1494 557 1642 625 παρὰ
1679 565 1791 609 τῶν

97 651 250 699 θεῶν
287 643 479 713 λέγοις.
558 643 605 696 8.
658 645 751 696 καὶ
797 645 908 713 μὴν
954 644 1036 697 ὅτι
1083 641 1185 712 μὲν
1232 646 1288 697 αἱ
1338 646 1523 707 πόλεις
1570 646 1647 708 εἰς
1692 646 1791 698 τὸν

96 734 341 805 ἀριθμὸν
393 731 715 801 ἐζημίωνται
764 742 877 785 τῶν
927 733 1195 802 σωμάτων
1241 735 1332 786 διὰ
1378 734 1477 786 τὸν
1527 736 1689 800 λιμόν
1734 754 1792 786 τε

97 822 189 877 καὶ
228 824 440 892 λοιμόν,
477 824 649 874 παντί
683 839 792 875 που
834 823 1022 891 δῆλον,
1079 824 1126 875 εἰ
1175 820 1223 875 δ’
1257 822 1596 876 ἀπόλλυνται
1646 825 1792 891 μίσει

98 917 266 980 θεῶν,
304 910 608 981 ἐπιχαίροις
646 910 716 964 ἂν
755 911 943 973 αὐτοῖς
975 912 1212 974 εἰκότως.
1274 913 1487 980 χαίρειν
1519 906 1624 964 οὖν
1664 910 1791 980 ὁμο-

101 1005 278 1069 λογεῖς
315 998 378 1054 ἐν
414 1008 480 1070 τῇ
522 1002 680 1070 ζημίᾳ
717 1008 830 1053 τῶν
868 1001 1108 1064 πόλεων;

209 1088 257 1142 9.
302 1089 420 1142 Οὐκ
460 1085 587 1142 οἶδα
627 1088 706 1157 δέ,
746 1089 777 1142 ὅ
808 1108 860 1142 τι
900 1099 1077 1143 ποιῶν
1116 1089 1413 1159 ἄνθρωπος
1451 1090 1683 1158 χρηστὸς
1721 1088 1791 1141 ἂν

83 1179 244 1248 ’παρὰ
289 1176 378 1231 σοὶ
425 1180 744 1247 νομισθείη,
794 1179 842 1231 εἰ
889 1179 986 1241 τὰς
1022 1174 1125 1246 μὲν
1172 1179 1435 1247 διαβολὰς
1483 1178 1660 1248 ἡγήσῃ
1707 1196 1794 1231 πι-

99 1267 246 1335 στάς,
284 1269 415 1330 τοὺς
454 1264 515 1320 δὲ
555 1266 817 1330 ἐπαίνους
853 1267 1230 1330 ὑποπτεύσεις.
1307 1267 1444 1336 πρὸς
1481 1268 1538 1319 τί
1574 1268 1641 1335 δὴ
1674 1266 1795 1335 βλέ-

96 1374 218 1409 πων
262 1363 426 1409 τοῦτο
475 1355 642 1424 λέγω;
697 1357 869 1409 παῖδα
918 1363 1121 1410 τοῦτον
1165 1355 1443 1418 Εὐπλόῑος
1495 1359 1651 1408 καλεῖ
1703 1354 1793 1408 καὶ

96 1443 302 1515 πατέρα
340 1440 503 1508 οὗτος
542 1444 799 1499 ἐκεῖνον.”
839 1441 972 1513 ἧκεν
1008 1445 1296 1498 Εὐπλοΐου
1336 1441 1468 1497 ποτὲ
1507 1445 1795 1513 γράμματα

98 1536 411 1603 βουλόμενα
463 1543 639 1603 τιμῶν
681 1535 1000 1603 Χαρίδημον
1045 1534 1193 1587 πάνυ
1245 1534 1542 1603 τυγχάνειν
1595 1532 1685 1586 καὶ
1733 1532 1794 1586 ἐν

98 1615 182 1685 οἷς
217 1620 445 1691 ἔξεστιν,
484 1619 632 1676 εἷναί
666 1643 718 1676 τι
757 1621 927 1676 πλέον
966 1623 1125 1695 αὐτῷ.
1194 1631 1366 1676 ταῦτα
1404 1618 1568 1685 οὗτος
1607 1622 1794 1689 λαβὼν

97 1711 163 1764 τὰ
211 1712 500 1781 γράμματα
552 1712 642 1764 καὶ
697 1721 809 1765 τῶν
861 1714 1136 1781 πρότερον
1190 1711 1505 1780 γενομένων
1552 1711 1794 1781 ἀφεῖλεν,

101 1799 239 1853 ὥστε
277 1804 487 1867 μᾶλλον
524 1800 557 1869 ἢ
597 1803 851 1870 πρόσθεν
890 1800 1063 1855 αὐτὸν
1101 1802 1290 1869 ἠγνόει
1330 1802 1568 1868 νομίζων
1605 1801 1793 1869 ἠδικῆ-

99 1893 232 1942 σθαι
286 1898 403 1952 τοῖς
454 1890 784 1958 γράμμασιν.
862 1886 997 1961 ςὸετο
1060 1891 1164 1958 γὰρ
1219 1891 1367 1957 παρὰ
1421 1890 1586 1961 τοῦδε
1639 1889 1795 1957 ἥκειν

1819 1112 1859 1143 10

1819 1555 1859 1586 15

83 1975 280 2030 ’ἐκεῖνα
310 1976 401 2031 καὶ
435 1977 502 2031 οὐ
534 1986 634 2031 τοῦ
666 1977 982 2045 πέμψαντος
1015 1974 1156 2030 εἶναι
1188 1977 1456 2046 μᾶλλονῆ
1493 1978 1499 2045 Ι
1536 1985 1634 2031 τοῦ
1673 1989 1715 2032 R
1736 1989 1881 2032 11115

42 2093 47 2097 ·
98 2065 305 2134 πέμψαι
358 2069 664 2130 πείσαντος.
754 2067 836 2119 10.
900 2065 1005 2134 ἐγὼ
1061 2068 1255 2119 τοίνυν
1309 2067 1412 2120 οὐκ
1467 2065 1793 2119 ἐπέστελλον

219 2275 242 2314 1
276 2270 571 2315 Theodorum
596 2271 652 2315 cf.
679 2271 751 2316 t.1
778 2275 876 2325 182,
895 2276 920 2315 6
1046 2275 1097 2314 11
1126 2270 1239 2314 Xen.
1259 2270 1435 2315 Mem.I
1462 2275 1583 2325 6‚13.
1617 2269 1659 2313 11
1684 2274 1791 2323 3‚15

219 2466 244 2505 3
276 2418 391 2518 255&
422 2465 491 2519 Vl
519 2464 600 2507 καὶ
625 2466 685 2521 (2)
717 2463 893 2507 inserui
925 2477 949 2507 e
980 2462 1115 2506 libris
1175 2475 1251 2505 om
1284 2462 1375 2506 edd
1403 2465 1408 2518 Ι
1438 2461 1678 2518 σωκράτην
1709 2463 1793 2506 Mo

101 2548 193 2593 edd
312 2557 339 2595 4
369 2559 460 2595 τῶν
492 2566 567 2596 om
590 2552 660 2596 Re
796 2556 821 2594 5
854 2538 999 2607 λέγέιις
1022 2552 1055 2594 I
1110 2549 1255 2608 λέγεις
1281 2551 1350 2601 Vt
1380 2551 1426 2602 ἐς
1449 2552 1476 2594 1
1614 2555 1638 2594 6
1672 2551 1791 2594 ἀσω-

100 2607 256 2664 μάτων
289 2612 374 2655 Mo
396 2610 499 2654 Mor
540 2612 546 2668 Ι
587 2609 749 2668 λοιμόν
779 2627 828 2655 τε
859 2611 939 2654 καὶ
969 2610 1101 2666 λιμὸν
1136 2612 1220 2654 Mo
1252 2610 1343 2653 edd
1503 2614 1526 2652 7
1560 2609 1701 2653 παντὶ
1733 2607 1794 2662 δή

101 2682 193 2711 που
212 2669 367 2714 VaMo
384 2670 475 2713 edd
502 2672 508 2726 Ι
537 2671 588 2714 δὲ
605 2670 673 2714 Re
701 2674 706 2725 Ι
733 2674 796 2737 τῷ
820 2668 940 2725 μίσει
958 2670 1050 2712 edd
1163 2674 1189 2712 8
1215 2669 1355 2720 αὐτὸς
1374 2670 1417 2712 V
1471 2683 1580 2711 num
1599 2669 1791 2717 αὐταῖςῖ)

161 2730 187 2769 9
218 2727 405 2785 signum
419 2729 802 2787 interrogatioms
825 2728 962 2784 posui
979 2742 1004 2772 e
1021 2727 1167 2783 libris,
1185 2730 1410 2784 punctum
1427 2728 1518 2770 edd
1642 2731 1696 2770 10
1722 2725 1792 2770 ὅτι

100 2785 217 2830 ΙΜο
259 2788 265 2843 Ι
308 2785 368 2830 ἂν
397 2787 576 2832 inserui
600 2802 624 2832 e
650 2789 694 2830 V
772 2802 847 2831 om
877 2786 1047 2844 reliqui
1069 2786 1181 2830 libri
1205 2787 1297 2830 edd
1435 2791 1486 2830 11
1520 2785 1680 2843 ἡγήσει
1704 2786 1739 2828 Ι

105 2847 159 2887 15
190 2844 466 2902 Χαρίδημον
497 2846 641 2905 πάνυ]
685 2847 814 2901 „fuit
844 2861 946 2890 cum
975 2846 1058 2890 τὸν
1090 2846 1467 2902 interponendum
1497 2846 1789 2901 suspicarer“

91 2900 170 2945 Re
291 2909 344 2948 1⁷
375 2905 458 2950 τὸν
490 2907 564 2962 ΡΙ
593 2904 854 2961 γενομένων
887 2904 1053 2961 scripsi
1083 2907 1137 2947 ut
1168 2905 1272 2948 coni
1301 2904 1403 2947 Mor
1464 2901 1720 2960 γινομένων
1755 2904 1799 2947 V

160 2961 445 3020 γιγνομένων
475 2964 645 3019 reliqui
676 2964 786 3008 libri
819 2964 901 3007 sed
934 2963 946 2978 '
980 2977 1121 3020 supra
1153 2980 1176 3007 ο
1210 2977 1312 3006 eras
1346 2964 1391 3006 P

1817 2087 1859 2118 ‘21
