1992 3094
177 140 284 192 330
699 136 882 180 LIBAN
884 135 926 179 11
958 135 1181 180 ORATIO
1215 136 1337 180 XLII

174 277 260 327 47.
314 277 369 327 τί
412 274 643 335 τούτους
689 271 877 335 ἀξίους
924 272 1078 340 δίκης
1123 275 1341 341 ποιήσει
1386 274 1517 334 τοὺς
1562 271 1862 342 μάρτυρας;

175 366 221 416 εἰ
261 363 361 432 μὲν
401 358 503 415 οὗν
542 360 632 414 καὶ
672 360 778 428 ἐγὼ
818 362 1006 427 κακός,
1055 360 1155 413 οὐκ
1197 363 1312 412 ἔστι
1358 362 1520 427 λόγος
1566 369 1681 423 τοῖς
1728 361 1862 427 μάρ-

174 467 353 505 τυσιν·
395 452 442 503 εἰ
481 449 541 502 δ’
565 450 631 502 οὐ
671 457 946 517 τοιοῦτος,
985 451 1161 511 πολὺς
1200 447 1430 511 ἐκείνοις
1473 447 1638 502 ἐστίν.
1708 442 1863 502 εἷπον

174 540 220 593 δ’
253 539 321 592 ἂν
361 537 451 591 καὶ
490 539 690 606 ταύτης
727 536 1170 603 ἀξιοπιστοτέρας
1202 536 1508 601 ἀποδείξεις
1540 536 1741 590 ἐκεῖνοι
1773 538 1861 591 καὶ

129 651 146 681 ⁵
173 630 479 696 διελόμενοι
529 629 660 690 τοὺς
710 625 972 688 ἐπαίνους
1021 627 1200 694 μακρὰ
1255 625 1324 678 ἂν
1375 625 1601 688 ἕκαστος
1647 628 1862 696 διῆλθε,

170 718 444 785 τοσαύτην
483 715 769 785 ἀφθονίαν
801 714 829 768 ὁ
867 718 1183 768 Θαλασσίου
1217 716 1337 783 βίος
1366 713 1663 783 πεποιήκεν
1694 714 1863 784 εὐφη-

170 815 325 874 μιῶν.
394 806 483 858 καὶ
524 807 693 873 ἔγωγε
732 802 927 873 ἠξίουν
964 805 1063 856 τὸν
1105 806 1388 866 Γαίσωνος
1426 805 1500 872 μὴ
1539 804 1640 857 τὸν
1678 802 1860 873 ε’χόμε-

171 914 272 947 νον
318 893 541 963 ἀφεῖναι
579 894 852 963 μάρτυρα,
901 892 1038 945 ἀλλὰ
1081 894 1212 955 τοὺς
1249 895 1623 956 πεπλευκότας
1662 891 1862 946 ἐπανά-

170 1002 290 1051 γειν
322 980 458 1052 μηδὲ
491 981 708 1050 ἐκείνην
739 980 871 1050 ἡμῖν
897 981 1113 1033 διδόναι
1145 982 1246 1049 τὴν
1278 981 1455 1051 χάριν,
1489 980 1627 1033 ἀλλὰ
1656 981 1864 1050 ταύτην

106 1093 147 1124 10
171 1073 259 1124 καὶ
299 1074 397 1124 τόν
442 1091 503 1140 γε
546 1071 860 1124 Θαλάσσιον
898 1074 1088 1123 καλεῖν
1125 1070 1217 1123 καὶ
1255 1071 1504 1138 παρόντα
1551 1070 1864 1137 δοκιμάζειν

170 1159 259 1213 καὶ
293 1162 634 1230 φαινόμενον
665 1159 767 1228 μὲν
793 1158 1012 1227 ἀγαθὸν
1043 1157 1363 1228 ἐγγράφειν,
1403 1156 1765 1228 ἐλεγχόμενον
1802 1156 1862 1212 δὲ

171 1253 389 1317 φαῦλον
435 1249 508 1311 ὡς
554 1247 635 1301 ἐπ’
676 1247 968 1316 ἀδικήματι
1013 1254 1088 1320 τῷ
1130 1256 1226 1316 τῆς
1271 1249 1478 1315 βουλῆς
1524 1246 1862 1317 ἐπιθυμῆσαι

171 1338 430 1402 κολάζειν.
492 1345 599 1391 νῦν
631 1338 693 1390 δὲ
725 1337 1007 1406 λοιδορίας
1039 1335 1430 1401 ἀνεξετάστους
1461 1339 1806 1405 κεκινηκότες
1829 1337 1862 1390 ἃ

82 1437 286 1480 R11417
319 1425 678 1494 βουλομένοις
717 1423 788 1494 ἦν
825 1434 941 1488 τοῖς
979 1425 1111 1494 ἡμῖν
1151 1430 1437 1494 φθονοῦσι
1483 1424 1490 1496 1
1532 1428 1859 1494 πεποιήκασι

104 1536 144 1567 15
169 1524 279 1567 τῶν
317 1511 417 1582 μὲν
457 1514 775 1585 εἰρημένων,
814 1523 927 1568 τῶν
968 1511 1028 1567 δὲ
1069 1514 1135 1568 οὐ
1175 1516 1519 1583 πεφηνότων.
1582 1534 1584 1536 ’
1839 1509 1842 1511 ’

278 1603 363 1657 48.
419 1596 556 1657 Εἶτα
596 1602 684 1656 σοὶ
723 1604 826 1672 μὲν
864 1604 896 1672 ἡ
934 1604 1170 1672 σπουδή,
1207 1605 1455 1671 βασιλεῦ,
1494 1604 1861 1674 πολυάνθρω-

168 1709 276 1744 πον
315 1692 733 1762 ἀπεργάσασθαι
764 1694 865 1761 τὴν
896 1694 1125 1761 βουλήν,
1165 1694 1218 1745 οἱ
1259 1692 1321 1745 δὲ
1360 1692 1462 1745 οὐκ
1495 1693 1861 1746 αἰσθάνονται

168 1788 329 1833 τοῦτο
389 1780 782 1849 ἐμποδίζοντες.
875 1782 928 1834 οἱ
982 1782 1085 1851 γὰρ
1148 1780 1321 1850 ἡδέως
1382 1780 1452 1834 ἂν
1513 1782 1862 1844 εἰσελθόντες

170 1870 324 1940 φόβῳ
364 1879 474 1922 τῶν
515 1875 649 1922 ἴσων
689 1869 1113 1939 ἀποτρέπονται·
1160 1870 1232 1938 μὴ
1276 1874 1576 1938 κεκτῆσθαι
1615 1866 1717 1936 μὲν
1755 1871 1859 1938 γὰρ

102 1977 143 2008 20
168 1955 375 2027 ἐχθρὸν
414 1957 693 2030 ἀνθρώπῳ
732 1968 845 2011 τῶν
876 1958 1185 2027 ἀδυνάτων,
1224 1959 1372 2028 παρὰ
1412 1955 1471 2011 δὲ
1510 1952 1622 2010 τῶν
1661 1959 1860 2027 δυσμε-

168 2054 282 2097 νῶν
312 2045 463 2114 ἤξειν
493 2067 546 2099 τι
576 2055 832 2100 τοιοῦτον
863 2045 1172 2112 ἐλπίζοντες
1210 2047 1313 2116 οὐχ
1351 2046 1705 2115 ὑποθήσουσι
1743 2056 1861 2110 τοῖς

168 2137 446 2203 πολεμίοις
478 2135 680 2199 αὑτοὺς
710 2135 772 2189 ἐν
805 2136 1015 2207 ὅτῳπερ
1048 2137 1181 2204 εἰσί,
1214 2134 1485 2203 μένοντες.
1551 2136 1860 2198 Θαλάσσιος

170 2222 230 2274 δὲ
274 2224 406 2291 πρὶν
455 2223 487 2292 ἢ
535 2232 630 2292 τῆς
668 2227 874 2293 βουλῆς
915 2233 1126 2293 τυχεῖν,
1174 2222 1511 2294 ἐλειτούργει
1555 2232 1620 2294 τῇ
1669 2225 1857 2294 γνώμῃ

169 2311 257 2362 καὶ
296 2312 431 2379 πρὸς
463 2313 564 2380 τὴν
596 2313 850 2381 δαπάνην
881 2314 1132 2381 ἠπείγετο
1164 2312 1494 2366 τούναντίον
1525 2320 1641 2375 τοῖς
1671 2314 1859 2376 ἄλλοις
1952 2382 1959 2390 „

103 2417 143 2449 25
167 2408 356 2452 ποιῶν.
434 2398 462 2451 ὃ
496 2401 599 2469 γὰρ
635 2400 880 2464 ἐκείνους
911 2401 1125 2471 ὁρῶμεν
1162 2402 1307 2472 πάσῃ
1339 2400 1499 2472 τέχνῃ
1533 2402 1857 2470 φεύγοντας,
1947 2472 1961 2477 1

286 2653 311 2690 4
343 2648 515 2702 ταύτην
548 2649 679 2705 Bong
839 2654 864 2691 ὃ
897 2651 1090 2705 διῆλθεν
1123 2651 1167 2694 A
1330 2654 1355 2692 9
1388 2649 1449 2706 μὴ
1482 2648 1533 2694 δὲ
1565 2650 1752 2693 ΑΙΒΜ
1762 2650 1801 2692 V

230 2710 281 2748 12
323 2707 383 2757 ὡς
415 2734 469 2739 -
511 2707 799 2764 ἐπιθυμῆσαι
839 2722 914 2751 om
953 2709 1087 2766 Bong
1328 2714 1381 2751 14
1413 2707 1696 2762 πεποιήκατε
1727 2707 1796 2751 Re

171 2769 221 2806 17
256 2765 600 2821 ἀπεργάζεσθαι
625 2767 666 2809 V
845 2772 898 2810 18
931 2768 972 2811 εἰ
1005 2769 1066 2810 Μ
1252 2771 1304 2811 19
1338 2767 1398 2824 μὴ
1430 2793 1486 2799 -—
1520 2771 1576 2810 20
1608 2765 1855 2811 ἀδυνάτων

168 2824 419 2877 praemisso
455 2828 549 2868 Τοῦ
581 2824 696 2879 ὑπὲρ
735 2823 1018 2869 Θαλασσίουε
1053 2825 1145 2883 λόγ.
1179 2831 1240 2870 κᾶ
1272 2826 1387 2870 citat
1417 2826 1577 2869 Macar
1606 2825 1684 2869 fol.
1715 2829 1796 2868 90v

171 2886 223 2923 19
256 2882 338 2936 μὲν
372 2882 457 2938 γὰρ
490 2898 565 2926 om
597 2883 755 2927 Macar
797 2887 801 2939 Ι
845 2884 932 2940 γὰρ
966 2900 1039 2928 om
1067 2887 1111 2930 V
1236 2889 1291 2928 20
1324 2885 1594 2940 ἀνθρώπων
1627 2886 1672 2928 Β
1715 2886 1719 2938 Ι
1763 2891 1854 2927 τῶν

169 2953 242 2982 om
270 2941 304 2983 V
426 2946 477 2983 21
512 2940 555 2984 τί
586 2944 660 2986 ΙΒ
783 2948 837 2985 22
870 2945 1042 2994 αὐτοὺς
1075 2944 1215 2988 CIVa
1339 2948 1396 2986 23
1428 2943 1512 3000 τὴν
1544 2943 1732 3000 γνώμην
1759 2944 1802 2986 V

1904 1218 1922 1248 l
1962 1217 1965 1243 ,“
