1992 3094
148 89 187 133 X
682 84 1023 129 PRAEFATIO
1057 83 1295 129 CRITICA

151 243 498 290 nonnunquam
535 226 770 289 praebere
804 225 1095 274 meminerit.
1165 225 1240 273 De
1279 226 1489 273 veritate
1529 227 1696 272 autem
1737 225 1832 272 for-

149 318 255 351 mae
295 301 582 367 προάστειον
617 299 875 348 dubitandi
914 299 1054 346 nulla
1086 301 1285 348 omnino
1326 301 1432 347 erat
1471 313 1634 346 causa.
1703 298 1834 347 Nam

149 378 274 424 hanc
313 390 478 423 omnes
518 375 707 422 codices
747 373 930 436 ubique
971 372 1215 421 exhibent.

256 450 423 497 Etiam
461 450 655 511 longius
695 462 980 511 progressus
1021 449 1095 494 est
1132 446 1490 495 Herwerdenus
1502 441 1564 509 ¹),
1615 448 1667 493 at
1714 463 1835 493 nun-

149 540 295 584 quam
343 523 463 570 mihi
509 522 825 584 persuadebit
869 522 1054 568 formas
1101 521 1274 583 quales
1322 523 1438 568 sunt
1483 513 1835 586 Amo-nomast)

148 600 197 644 et
236 596 424 660 Πνυκί,
471 595 693 658 ψεκάδας
733 598 782 643 et
820 595 1032 659 φατρίαν
1073 596 1122 642 et
1161 593 1399 660 σήμερον,
1446 591 1666 657 ἐξώσθη,
1713 610 1835 642 τετε-

147 669 365 733 λευτήκει
405 673 454 717 et
493 667 729 731 δέδεικτο,
776 665 1129 732 ἀναλωμένων,
1177 665 1368 731 ἄστεος,
1414 661 1576 734 ταῑνῧ)
1626 684 1650 714 e
1693 669 1840 715 textu

148 760 250 792 csse
283 744 607 806 expellendas.
676 743 806 790 Nam
839 745 966 791 esset
996 758 1095 790 non
1127 742 1368 790 librorum
1400 743 1710 804 scripturam,
1751 741 1835 790 sed

146 834 345 865 manum
391 817 589 864 Libanii
643 819 898 880 corrigere.
975 816 1120 863 Hunc
1175 832 1273 864 non
1329 817 1528 864 omnino
1582 813 1836 874 ἀττικίζειν

146 892 224 940 hic
276 892 381 939 illic
432 907 492 938 ne
547 891 931 938 Herwerdenum
985 890 1183 952 quidem
1237 891 1389 954 fugit,
1446 890 1616 951 quales
1671 891 1836 937 autem

146 966 331 1012 fuerint
390 965 575 1013 formae
637 965 687 1011 in
743 964 1102 1027 exemplaribus
1164 964 1459 1026 scriptorum
1521 965 1743 1012 veterum
1805 979 1834 1010 a

145 1039 352 1086 Libanio
392 1040 641 1099 usurpatis
682 1054 914 1100 quaerere
952 1054 1151 1099 prorsus
1193 1038 1372 1086 omisit.

256 1112 361 1159 Iam
395 1113 457 1159 ad
489 1113 671 1160 crisin
706 1115 868 1175 ipsam
899 1112 1228 1160 factitandam
1259 1129 1337 1160 me
1369 1113 1615 1160 converto.
1675 1109 1834 1167 Quam

145 1188 197 1233 in
235 1187 516 1233 universum
556 1202 721 1234 omnes
760 1186 1108 1248 probaverunt,
1151 1188 1225 1234 ita
1262 1189 1430 1234 tamen
1469 1188 1526 1234 ut
1565 1187 1615 1233 et
1652 1185 1834 1233 Asmus

147 1263 195 1306 et
233 1260 588 1308 Herwerdenus
627 1261 791 1323 plures
833 1276 954 1322 quas
1000 1263 1051 1308 in
1101 1262 1347 1323 apparatu
1387 1260 1556 1307 critico
1595 1260 1835 1322 proposui

145 1335 448 1382 coniecturas
479 1335 531 1381 in
562 1336 751 1382 textum
784 1351 861 1382 me
892 1337 1107 1396 recipere
1131 1335 1220 1394 vel*
1241 1336 1464 1396 potuisse
1496 1335 1575 1382 vel
1607 1333 1832 1382 debuisse

144 1406 432 1455 iudicarent.
507 1407 636 1455 Nolo
678 1408 920 1473 refragari
959 1409 1204 1457 iudicibus
1244 1409 1416 1471 aequis
1456 1410 1605 1470 atque
1644 1407 1831 1469 peritis.

144 1480 212 1527 At
265 1496 421 1542 neque
474 1481 682 1542 probavi
734 1498 890 1544 neque
952 1482 1172 1544 probabo
1234 1482 1366 1545 quod
1418 1475 1830 1548 Herwerdenus4)

143 1558 261 1615 „aut
284 1556 487 1615 nullam,
517 1556 696 1618 inquit,
727 1558 922 1604 omnino
947 1560 1034 1604 aut
1046 1557 1326 1617 probabiles
1351 1570 1511 1604 omn-es
1535 1558 1833 1604 coniecturas

143 1629 291 1687 recipi
328 1643 454 1676 sana
493 1630 652 1677 iubere
688 1632 877 1678 videtur
907 1629 1194 1678 methodus“.
1264 1631 1373 1694 Ego
1404 1632 1458 1677 in
1489 1632 1680 1678 textum
1710 1629 1830 1678 reci-

143 1701 345 1763 piendas
393 1717 494 1751 esse
540 1719 638 1751 non
686 1703 802 1751 duxi
848 1705 945 1752 nisi
992 1721 1118 1766 quae
1161 1707 1322 1752 certae
1361 1705 1485 1751 mihi
1522 1704 1832 1765 viderentur3

143 1774 419 1836 probabiles
466 1778 730 1839 apparatui
778 1778 971 1840 reliqui.
1046 1778 1117 1826 At
1163 1780 1355 1826 cautior
1402 1793 1551 1840 quam
1598 1777 1832 1826 audacior

145 1863 246 1896 esse
293 1849 459 1896 malui.
538 1850 666 1898 Nam
714 1851 890 1899 iterum
944 1853 1247 1914 experientia
1296 1868 1374 1900 me
1425 1851 1594 1900 docuit
1640 1853 1689 1899 et
1737 1852 1830 1899 hae

143 1924 354 1985 paginae
394 1924 615 1985 exempla
654 1925 842 1973 dabunt
887 1943 946 1974 ne
995 1942 1075 1974 eas
1117 1926 1317 1988 quidem
1360 1925 1666 1974 coniecturas
1706 1940 1829 1987 quas

143 2011 232 2056 pro
271 1998 417 2043 certis
455 1997 709 2045 habuerim
750 2015 916 2048 omnes
957 2015 1059 2047 esse
1101 1999 1396 2062 probabiles,
1434 2000 1616 2047 nedum
1657 2002 1828 2048 certas.

254 2069 330 2116 Ab
382 2071 539 2117 altera
588 2074 729 2133 parte
780 2072 1020 2122 Henricus
1073 2066 1518 2139 Schenkelius5)
1555 2087 1828 2122 ‘numerum

144 2143 531 2191 coniecturarum
573 2160 602 2191 a
640 2162 715 2192 me
758 2148 810 2193 in
859 2150 1105 2208 apparatu
1150 2148 1456 2210 prolatarum
1497 2149 1628 2195 iusto
1674 2146 1826 2195 maio-

142 2231 245 2262 rem
278 2231 379 2264 esse
412 2219 674 2266 contendit.
744 2220 814 2267 At
843 2221 963 2281 quid
994 2221 1137 2282 dicet,
1170 2222 1211 2269 si
1244 2221 1305 2268 ab
1337 2221 1489 2269 Asmo
1522 2223 1571 2269 et
1601 2221 1826 2269 Herwer-

142 2287 266 2336 deno
303 2290 548 2338 audiverit
585 2292 715 2340 inter
751 2293 864 2342 illas
903 2296 980 2342 tot
1021 2310 1123 2343 esse
1163 2295 1338 2358 dignas
1379 2311 1504 2356 quae
1546 2296 1598 2342 in
1636 2297 1825 2342 textum

141 2362 505 2423 reciperentur?
574 2366 744 2428 Neque
784 2367 830 2414 ei
870 2368 1122 2430 obsequar.
1192 2369 1322 2417 Nam
1359 2369 1592 2430 exemplis
1624 2368 1825 2417 edoctus

263 2534 303 2586 1)
336 2532 451 2576 Mus.
477 2533 622 2577 Rhen.
649 2535 726 2578 LX
754 2541 835 2579 106
847 2551 912 2592 sq.

169 2647 177 2655 ³
261 2593 303 2645 2)
335 2590 495 2648 Nuper
526 2594 667 2636 etiam
699 2594 747 2636 in
780 2596 1116 2652 epigrammate
1146 2597 1435 2640 Messeniaco
1469 2611 1497 2641 a
1530 2596 1696 2640 Kolbio
1722 2597 1823 2652 (Be—

142 2648 290 2691 r1chte
323 2650 404 2693 der
435 2650 641 2694 Berliner
671 2653 930 2698 Akademie
965 2660 1078 2698 1905
1110 2671 1154 2712 p.
1175 2658 1248 2712 53)
1281 2657 1407 2700 edito
1441 2655 1714 2711 comparuit.

139 2765 186 2807 te
222 2710 303 2808 di)
336 2708 508 2752 Iniuria
539 2710 578 2753 is
611 2726 654 2767 p.
683 2716 765 2754 107
798 2726 872 2756 me
903 2713 1082 2773 πολέῳν
1113 2728 1197 2771 pro
1228 2713 1407 2773 πόλεῳν
1447 2715 1686 2771 scripsisse
1717 2728 1825 2758 con-

189 2779 218 2807 n
254 2780 270 2808 1
296 2800 303 2807 .

260 2827 303 2879 4)
337 2825 452 2870 Mus.
478 2826 623 2870 Rhen.
650 2828 727 2871 LX
755 2834 851 2873 123.

260 2885 303 2938 5)
335 2883 542 2928 Berliner
573 2885 915 2944 Philologische
947 2889 1325 2934 Wochenschrift
1359 2895 1472 2934 1904
1503 2890 1559 2935 N.
1584 2895 1655 2934 46.
