1992 3094
167 103 276 155 402
671 99 902 144 LIBANII
934 99 1157 145 ORATIO
1189 99 1355 144 XLVII

284 244 331 290 6.
370 241 738 290 Barberinus
769 241 820 288 Π
846 242 910 288 41
942 233 1036 306 (=
1055 233 1120 306 Β)
1155 255 1280 289 saec.
1297 239 1390 286 XV
1420 240 1505 288 fol.
1536 240 1679 287 189'.
1737 239 1867 290 Vide
1923 302 1925 306 ι

168 320 203 364 t.
236 317 261 364 I
299 335 346 379 p.
374 318 442 363 24
457 331 527 377 sq.
607 314 822 362 Contuli.
1915 324 1917 326 ·

283 393 326 438 7.
382 389 752 437 Marcianus
799 405 882 452 gr.
917 389 1021 436 437
1066 381 1160 454 (=
1191 382 1267 454 M)
1313 403 1437 436 saec.
1469 387 1563 434 XV
1600 388 1686 435 fol.
1722 389 1867 437 146&
1929 383 1931 403 ³

168 464 295 512 Vide
327 467 359 511 t.
393 463 419 510 I
456 481 503 525 p.
540 464 644 510 213
665 478 734 524 sq.
769 464 818 509 et
859 463 979 509 236.
1061 461 1275 510 Contuli.

281 538 492 585 Maxime
548 537 814 585 dolendum
861 537 936 583 est
983 536 1115 597 quod
1163 536 1323 584 oratio
1376 537 1430 582 in
1477 535 1643 584 codice
1681 535 1869 584 Vindo-

170 612 374 660 bonensi
422 611 559 658 deest
603 627 762 672 neque
808 610 940 658 ullus
988 610 1116 658 alius
1163 610 1370 658 alterius
1425 610 1595 658 classis
1642 610 1870 659 codicum
1935 611 1938 613 ’

173 687 314 734 testis
355 687 528 734 exstat.
1850 738 1854 741 ,

280 759 364 807 Illi
418 775 534 807 vero
590 760 780 820 septem
835 757 1026 807 codices
1081 773 1179 820 quo
1236 758 1614 806 necessitudinis
1667 758 1870 807 vinculo
1935 770 1938 774 ’

171 836 304 882 inter
342 849 391 882 se
433 833 603 882 conexi
642 834 758 893 sint,
796 833 888 880 hoc
926 831 1022 880 tibi
1061 834 1271 880 stemma
1283 825 1324 898 ¹)
1363 832 1600 879 ostendit:

844 1435 1217 1608 A&

815 1616 854 1659 B
978 1616 1028 1660 M
1117 1616 1213 1661 Urb

171 1741 212 1787 E
269 1756 365 1802 quo
420 1741 568 1789 simul
623 1742 804 1791 codicis
859 1743 1118 1791 Urbinatis
1172 1742 1466 1791 lectionibus
1521 1742 1676 1790 careri
1725 1755 1874 1804 posse

173 1814 443 1878 intelleges.

285 1887 573 1950 Complures
605 1890 691 1938 sed
722 1892 867 1957 parvi
898 1890 1114 1938 ambitus
1145 1891 1278 1939 locos
1309 1891 1556 1952 excerpsit
1579 1888 1874 1937 Maximus

171 1956 549 2028 Planudes2)‚
599 1980 755 2011 unum
801 1980 1011 2026 eumque
1057 1980 1317 2026 perperam
1362 1962 1472 2028 περὶ
1525 1970 1611 2028 τῆς
1658 1961 1874 2021 στάσεως-

172 2037 466 2098 inscriptum
507 2037 807 2086 Macarius
848 2031 1438 2105 Chrysocephalus3).

285 2108 458 2158 Oratio
496 2112 716 2172 primum
751 2129 810 2160 ex
841 2113 1129 2175 apographo
1162 2112 1343 2161 codicis
1374 2111 1661 2174 Augustani
1690 2126 1874 2172 parum.
1930 2129 1932 2131 ’

173 2183 437 2247 diligenter
497 2185 558 2232 ab
620 2186 870 2247 Ehingero
931 2187 1064 2234 facto
1127 2202 1156 2234 a
1214 2186 1395 2234 Iacobo
1465 2183 1710 2233 Gothof
1716 2183 1875 2232 redo

174 2250 269 2322 (=
303 2251 423 2323 Got)
474 2257 707 2308 Coloniae
752 2259 1080 2323 Allobrogum
1127 2275 1256 2308 anno
1307 2260 1444 2308 1631
1503 2259 1692 2321 publici
1745 2258 1874 2306 iuris

173 2331 308 2451 facita
347 2333 442 2470 est)
461 2332 675 2382 editione
716 2335 854 2382 cuius
894 2334 1099 2381 titulum
1141 2334 1456 2396 pretiumque
1496 2348 1648 2394 supra
1685 2348 1733 2394 p.
1760 2332 1863 2379 357
1927 2392 1931 2394 ῃ

173 2421 226 2451 m
261 2420 390 2453 1cavi
447 2443 458 2453 .

295 2564 336 2618 1)
371 2560 504 2614 Quod.
535 2561 679 2605 etiam
712 2563 770 2606 de
802 2563 1012 2607 oratione
1042 2562 1186 2606 XLIX
1216 2561 1332 2617 ὑπὲρ
1363 2569 1454 2606 τῶν
1486 2563 1664 2620 βουλῶν
1695 2559 1834 2604 valet.

295 2622 340 2734 ἓξ
372 2619 439 2722 ἓξ.
464 2622 497 2723 its]
522 2621 715 2736 {5321
751 2682 799 2724 et,
830 2693 970 2736 supra
1000 2696 1045 2738 p.
1065 2685 1150 2724 335
1184 2682 1231 2724 et
1262 2685 1361 2724 352.

296 2739 339 2794 4)
371 2737 542 2781 Textus
567 2751 761 2795 graecus
786 2739 973 2796 paginis
997 2744 1128 2783 4—25
1154 2739 1432 2792 continetur,
1459 2736 1648 2781 ‘Notae'
1674 2752 1719 2793 p.
1737 2741 1864 2780 1—11

179 2795 418 2840 subiectae
449 2799 569 2840 sunt.
632 2797 854 2854 Repetite,
890 2800 961 2841 est
990 2798 1107 2842 haec
1146 2798 1290 2842 editio
1330 2798 1379 2840 in
1410 2797 1568 2841 Iacobi
1601 2795 1877 2849 Gothofredi‘

178 2856 388 2910 operibus
410 2856 622 2900 iuridicis
645 2858 898 2901 minoribus
921 2857 1138 2914 Lugduni
1157 2856 1437 2902 Batavorum
1464 2868 1585 2898 anno
1605 2859 1718 2898 1733
1741 2853 1876 2898 foras.
1924 2875 1925 2879 =

179 2912 304 2956 datis
337 2913 421 2958 col.
447 2919 532 2958 359
546 2941 597 2946 —
612 2919 710 2958 380.
