1992 3094
441 134 668 178 LlBANH
700 133 924 179 ORATIO
957 135 1076 180 PRO
1110 135 1366 180 TEMPLIS
1677 137 1747 190 85

57 278 164 325 tani
202 292 300 324 non
338 277 411 323 ita
450 275 716 338 diligenter
755 275 816 323 ab
848 276 962 322 Elia
993 276 1243 340 Ehingero
1275 278 1408 325 facto
1441 278 1599 326 forma
1640 279 1747 340 qui-

58 351 166 398 dem
205 349 438 397 mendosa
478 349 564 397 sed
602 364 712 396 cum
760 351 1113 398 commentario
1155 351 1437 400 doctissimo
1486 352 1619 400 edita
1659 355 1750 401 est.

56 423 215 472 Multa
246 423 349 471 eius
381 423 506 471 vitia
538 423 806 471 divinando
839 425 1036 471 sanavit
1066 424 1347 473 Reiskius
1383 419 1475 490 (=
1501 420 1596 492 Re)
1628 427 1747 474 Ani-

57 498 452 547 madversionum
476 498 726 545 volumine
759 499 933 559 quinto
964 514 1011 559 p.
1032 499 1341 559 483—492,
1372 500 1517 560 plura
1546 515 1636 561 ope
1671 516 1748 549 co-

58 572 178 620 dicis
201 571 486 634 Augustani
517 573 569 617 in
602 571 818 619 editione
852 587 1002 632 quam
1033 573 1165 620 notis
1198 571 1487 620 Gothofredi
1521 577 1749 622 ornatam

59 662 180 693 uxor
229 646 422 693 curavit
467 648 502 692 t.
527 645 579 692 II
613 662 660 706 p.
691 647 996 693 144—204.
1074 645 1326 694 Lacunam
1382 663 1481 708 qua
1534 651 1748 710 utraque

59 718 208 768 editio
248 719 309 766 ob
349 719 527 767 folium
566 736 718 766 unum
770 721 822 766 in
862 719 1027 768 codice
1067 718 1361 783 Augustano
1403 723 1638 769 amissum
1677 723 1748 769 la-

56 793 263 842 borabat
297 795 483 854 primus
516 792 782 856 Angelus
813 794 1005 841 Maius
1039 811 1062 840 e
1097 795 1262 842 codice
1287 794 1516 843 Palatino
1550 813 1621 859 gr.
1641 797 1745 843 282

59 868 292 916 adhibitis
325 868 473 914 simul
505 867 753 915 codicibus
786 867 1111 916 Urbinatibus
1144 870 1332 932 gr.125
1360 872 1410 915 et
1437 870 1539 916 126
1575 873 1624 917 et
1651 869 1749 918 Va-

56 943 234 990 ticanis
276 942 339 988 81
384 944 434 988 et
476 943 579 989 939
622 935 890 1007 explevit¹)
936 944 988 989 in
1028 942 1294 990 Frontonis
1336 943 1550 991 editione
1591 944 1750 992 altera

58 1015 240 1064 Romae
280 1030 408 1063 anno
446 1016 584 1063 1823
627 1016 759 1064 foras
797 1017 948 1063 missa
986 1033 1031 1078 p.
1061 1018 1370 1065 421-423.
1448 1015 1597 1065 Cuius
1636 1033 1748 1080 sup—

56 1090 292 1152 plementi
343 1091 602 1138 immemor
650 1106 785 1137 anno
838 1091 977 1138 1828
1034 1090 1115 1138 Io.
1166 1090 1488 1153 Casparus
1538 1090 1750 1139 Orelli

61 1163 183 1211 nihil
223 1164 319 1211 nisi
348 1165 540 1211 textum
572 1164 893 1229 Reiskianum
933 1180 1043 1212 cum
1074 1166 1246 1226 paucis
1278 1167 1437 1227 iisque
1468 1165 1748 1214 infelicibus

58 1237 348 1285 coniecturis
397 1238 632 1299 repetivit
679 1239 730 1285 in
770 1238 939 1286 libello
979 1241 1243 1300 inscripto:
1290 1240 1506 1287 Ioannes
1545 1239 1749 1300 Chryso-

57 1315 235 1359 stomus
265 1314 319 1359 ‘in
348 1312 658 1372 Eutropium.
722 1313 969 1361 Libanius
1005 1313 1062 1361 de
1094 1314 1294 1372 templis.
1369 1314 1660 1361 Themistius
1692 1314 1749 1362 de

56 1379 432 1452 reliyionibusfl)
473 1387 647 1446 quibus
687 1388 826 1434 editis
861 1386 1122 1448 Gya->masii
1157 1387 1201 1434 Τ
1198 1389 1493 1435 abricensium
1529 1387 1749 1436 Carolim‘

57 1474 231 1508 novum
271 1475 467 1508 cursum
504 1460 687 1517 indicit,
731 1461 900 1510 Turici
942 1463 1087 1509 1828
1125 1478 1171 1523 p.
1203 1462 1433 1509 15-27,

166 1533 415 1598 Integram
464 1535 664 1596 quidem
712 1537 985 1583 orationem
1035 1537 1110 1582 ita
1155 1538 1213 1583 ut
1251 1535 1481 1584 lacunam
1529 1552 1585 1583 ex
1634 1550 1748 1596 apo-

57 1608 243 1672 grapho
283 1609 464 1656 codicis
503 1609 767 1657 Barberini
806 1626 835 1658 a
874 1608 1052 1658 Iacobo
1093 1609 1391 1671 Leopardi
1438 1611 1616 1657 comite
1656 1609 1748 1657 Re-

0 1741 1 1744 ,
59 1684 311 1730 canatensi
365 1698 494 1730 anno
553 1684 693 1731 1822
751 1685 883 1731 facto
940 1686 988 1730 et
1043 1699 1100 1730 ex
1156 1683 1369 1731 editione
1420 1683 1599 1747 Angeli
1646 1683 1750 1730 Mai

0 1756 1 1764 ’
61 1756 331 1817 suppleret,
386 1757 472 1805 sed
524 1758 578 1804 in
631 1757 837 1819 reliquis
884 1760 1075 1805 textum
1122 1757 1443 1805 Reiskianum
1489 1760 1748 1819 repeteret,

56 1831 242 1891 primus
280 1830 559 1880 Ludovicus
599 1831 658 1879 de
700 1831 914 1879 Sinner
959 1832 1011 1878 in
1049 1832 1193 1880 Novo
1235 1831 1318 1879 SS.
1352 1831 1559 1878 Patrum
1600 1831 1748 1879 Grae-

58 1918 222 1951 corum
269 1906 453 1953 saeculi
501 1908 668 1967 quarti
708 1906 900 1954 delectu
950 1905 1156 1954 Parisiis
1200 1906 1340 1953 1842
1381 1923 1428 1967 p.
1456 1906 1746 1953 227-248

58 1976 222 2025 edidit.
235 1971 277 2044 3)
354 1979 515 2027 Huius
555 1995 654 2028 non
693 1981 855 2028 minus
896 1996 1046 2042 quam
1086 1979 1317 2028 editionis
1349 1980 1453 2026 Mai
1490 1981 1749 2026 immemor

56 2049 382 2101 Mauricius
432 2053 700 2101 Schmidt
754 2054 1151 2116 supplementum
1198 2054 1346 2113 illud,
1401 2055 1458 2100 ut
1505 2069 1529 2099 e
1581 2053 1746 2100 codice

57 2122 426 2175 Vindobonensi
458 2127 519 2174 ab
543 2128 772 2192 Augusto
806 2127 971 2175 Gasda
1003 2128 1303 2189 descriptum
1336 2129 1456 2187 erat,
1495 2128 1547 2174 in
1579 2126 1745 2174 Philo-

58 2293 170 2338 duni
201 2295 480 2340 Batavorum
521 2311 642 2342 anno
678 2302 791 2341 1733
825 2298 965 2342 editis
997 2313 1040 2354 p.
1067 2301 1317 2342 458—498.
1379 2297 1608 2354 Equidem
1650 2296 1748 2340 edi-

45 2351 232 2398 tionem
262 2355 522 2413 principem
556 2357 765 2402 adhibui.

179 2417 219 2469 1)
250 2414 493 2460 Lectiones
516 2417 670 2460 varias
695 2431 787 2460 non
812 2415 988 2470 attulit,
1022 2416 1102 2459 sed
1135 2417 1321 2459 tantum
1352 2418 1533 2460 textum
1558 2430 1580 2460 e
1605 2415 1745 2459 Pala-

57 2472 154 2515 tino
170 2487 277 2527 uno,
302 2475 598 2519 Urbinatibus
613 2476 678 2519 II
686 2481 726 2520 et
750 2476 932 2520 totidem
950 2476 1188 2519 Vaticanis
1212 2488 1260 2519 se
1283 2475 1507 2531 praebere
1531 2476 1743 2518 testatur.

177 2534 221 2588 2)
252 2532 381 2577 Haec
413 2535 484 2577 est
516 2534 666 2578 oratio
698 2534 783 2578 illa
806 2533 1296 2578 Pseudothemietiana
1328 2548 1469 2589 quam
1500 2546 1746 2591 perperam

58 2587 111 2632 in
140 2590 335 2636 latinum
366 2606 625 2638 conversam
655 2594 714 2638 ab
746 2593 937 2638 Andrea
962 2593 1191 2637 Dudithz'o
1224 2593 1340 2637 dicit
1372 2592 1571 2637 Orellius
1602 2608 1646 2649 p.
1674 2596 1744 2645 28,

61 2645 120 2690 ab
149 2648 237 2694 hoc
266 2651 340 2694 vel
372 2651 431 2695 ab
457 2651 551 2696 alio
584 2651 670 2695 sub
702 2652 840 2695 huius
872 2651 1058 2695 nomine
1090 2651 1267 2696 factam
1299 2665 1399 2696 esse
1430 2652 1530 2709 ipse
1561 2649 1749 2695 ostendi

58 2718 159 2751 nov.
177 2721 281 2752 ann.
297 2709 428 2754 class.
448 2711 626 2766 antiqu.
650 2711 761 2755 anni
782 2711 952 2755 190011
976 2726 1019 2767 p.
1042 2715 1096 2753 74
1108 2725 1173 2766 sq.
1201 2714 1248 2754 et
1272 2713 1433 2754 contra
1458 2710 1747 2767 Stephanum

14 2775 20 2823 ᾗ
57 2761 275 2823 Hegediis
306 2769 456 2822 teneo,
490 2770 571 2825 qui
599 2771 857 2814 orationem
890 2771 943 2812 ut
973 2770 1151 2813 foetum
1177 2769 1423 2813 Themistii
1455 2770 1502 2813 in
1535 2769 1746 2826 linguam

20 2854 22 2858 .
58 2819 372 2883 Eungaricam
405 2842 672 2873 conversam
704 2829 865 2872 Budae
898 2842 1018 2871 anno
1055 2832 1163 2872 1901
1201 2829 1351 2872 edidit
1387 2829 1672 2885 (Themistios
1702 2829 1760 2871 e's.

50 2879 240 2934 ,Dudith
270 2887 489 2944 Andr-as).

51 2951 57 2994 ζ
177 2947 220 3001 3)
252 2943 317 2989 Cf.
342 2947 375 2988 t.
394 2946 436 2989 11
458 2961 502 3003 p.
523 2951 607 2991 383
632 2948 726 2990 not.
747 2951 786 2990 3.
