1992 3094
116 616 135 647 5

158 107 228 159 92
669 103 897 147 LIBANII
928 102 1151 147 ORATIO
1183 102 1311 145 XXX

160 241 444 310 ρουμένων
477 241 720 309 ὀροφῶν,
751 237 1528 307 κατασκαπτομένωντοίχων,
1565 250 1848 290 κατασπω-

161 331 342 398 μένων
355 330 699 397 ἀγαλμάτων,
724 326 1123 396 ἀνασπωμένον
1146 329 1365 395 βωμῶν,
1390 327 1521 387 τοὺς
1548 327 1710 393 ἱερεῖς
1735 321 1796 377 δὲ
1813 325 1876 394 ἢ

160 428 324 487 σιγᾶν
354 418 385 486 ἢ
419 419 685 471 τεθνάναι
718 418 823 469 δεῖ·
863 425 976 469 τῶν
1006 417 1239 482 πρώτων
1265 415 1326 467 δὲ
1350 413 1617 483 κειμένων
1643 415 1873 483 δρόμος.

160 507 246 561 ἐπὶ
270 509 335 560 τὰ
359 507 588 574 δεύτερα
620 506 708 558 καὶ
733 507 905 574 τρίτα,
937 503 1028 556 καὶ
1053 506 1287 572 τρόπαια
1319 504 1602 572 τροπαίοις
1627 502 1848 555 ἐναντία

159 604 232 668 τῷ
257 597 408 666 νόμῳ
440 596 764 662 συνείρεται.
828 593 875 646 9.
908 597 1169 659 τολμᾶται
1201 592 1301 661 μὲν
1334 587 1439 644 οὖν
1470 591 1574 644 κάν
1605 600 1723 654 ταῖς
1751 593 1847 644 πό-

161 688 295 751 λεσι,
325 684 386 735 τὸ
412 685 554 735 πολὺ
587 679 646 735 δὲ
681 682 740 735 ἐν
764 691 878 744 τοῖς
909 682 1112 751 ἀγροῖς.
1174 682 1265 733 καὶ
1289 679 1483 733 πολλοὶ
1508 681 1610 747 μὲν
1634 681 1686 733 οὶ
1714 679 1845 733 καθ’

73 784 274 827 R11167
316 771 545 824 ἕκαστον
583 770 851 837 πολέμιοι,
887 769 892 840 Ι
929 769 1017 823 ἐπὶ
1057 767 1117 822 δὲ
1157 772 1374 838 μυρίοις
1412 779 1600 832 κακοῖς
1639 770 1699 821 τὸ
1741 770 1849 821 διε-

97 1059 149 1090 10<

98 1500 137 1531 15

162 860 477 928 σπαρμένον
515 858 662 912 τοῦτ’
695 859 1008 925 ἀθροίζεται
1047 859 1137 911 καὶ
1178 860 1348 925 λόγον
1380 858 1652 926 ἀλλήλους
1691 857 1848 911 ἀπαι-

161 956 317 1001 τοῦσι
372 958 481 1000 τῶν
536 947 910 1015 εἰργασμένων
964 948 1051 999 καὶ
1108 947 1339 1015 αἰσχύνη
1392 948 1453 999 τὸ
1500 948 1573 1015 μὴ
1621 946 1850 1016 μέγιστα

162 1036 490 1105 ἠδικηκέναι.
567 1044 808 1105 χωροῦσι
863 1037 1058 1088 τοίνυν
1113 1036 1205 1087 διά
1259 1045 1371 1087 τῶν
1425 1035 1613 1103 ἀγρῶν
1667 1037 1848 1105 ὥσπερ

162 1128 443 1194 χείμαρροι
489 1125 888 1192 κατασύροντες
944 1125 1035 1176 διὰ
1081 1133 1193 1176 τῶν
1241 1125 1406 1192 ἱερῶν
1451 1127 1583 1186 τοὺς
1629 1123 1848 1193 ἀγρούς.

1959 590 1971 602 ῃ
1947 566 1961 575 ’Ὗ
1947 373 1972 554 savhe-04
1923 0 1992 353 -mquvffi

162 1214 292 1266 ὅτου
332 1214 434 1281 γὰρ
476 1212 544 1266 ἂν
585 1213 735 1282 ἱερὸν
775 1211 1081 1276 ε’κκόψωσιν
1121 1212 1313 1282 ἀγροῦ,
1365 1209 1527 1275 οὗτος
1572 1214 1848 1282 τετύφλω-
1883 1264 1886 1268 ,
1955 1212 1957 1214 ’

162 1305 254 1354 ταί
287 1321 344 1353 τε
383 1302 471 1354 καὶ
511 1310 683 1354 κεῖται
722 1299 813 1354 καὶ
853 1300 1100 1370 τέθνηκε.
1169 1302 1316 1369 ψυχὴ
1357 1302 1479 1369 γάρ,
1520 1298 1561 1354 ὦ
1602 1299 1849 1370 βασιλεῦ,

162 1400 275 1452 τοῖς
313 1390 504 1459 ἀγροῖς
543 1391 608 1442 τὰ
649 1391 766 1458 ἱερά
805 1392 1065 1459 προοίμια
1115 1398 1219 1458 τῆς
1248 1388 1310 1443 ἐν
1349 1398 1464 1452 τοῖς
1502 1390 1694 1458 ἀγροῖς
1740 1393 1850 1443 κτί-

164 1494 300 1541 σεως
338 1477 670 1546 γεγενημένα
709 1476 798 1531 καὶ
838 1479 930 1530 διὰ
969 1482 1191 1531 πολλῶν
1229 1489 1435 1547 γενεῶν
1474 1481 1551 1542 εἰς
1581 1481 1714 1542 τοὺς
1744 1486 1851 1531 νῦν

163 1569 323 1628 ὄντας
362 1565 650 1634 ἀφιγμένα.
731 1567 813 1619 10.
865 1565 954 1619 καὶ
994 1575 1111 1629 τοῖς
1161 1575 1509 1636 γεωργοῦσιν
1555 1567 1617 1621 ἐν
1662 1563 1851 1630 αὐτοῖς

164 1656 219 1707 αἱ
274 1654 489 1717 ἐλπίδες
542 1656 664 1707 ὅσαι
719 1657 849 1723 περί
899 1675 958 1708 τε
1013 1655 1236 1725 ἀνδρῶν
1286 1655 1376 1709 καὶ
1429 1666 1710 1724 γυναικῶν
1759 1657 1850 1709 καὶ

164 1742 370 1796 τέκνων
423 1741 513 1795 καὶ
563 1745 713 1809 βοῶν
765 1741 851 1796 καὶ
903 1751 998 1811 τῆς
1050 1744 1410 1814 σπειρομένης
1461 1753 1560 1813 γῆς
1613 1743 1704 1797 καὶ
1755 1752 1852 1812 τῆς

163 1830 586 1899 πεφυτευμένης.
664 1830 692 1883 ὁ
742 1828 803 1883 δὲ
850 1839 1012 1884 τοῦτο
1067 1834 1362 1895 πεπονθὼς
1416 1833 1584 1903 ἀγρὸς
1638 1833 1851 1886 ἀπολώ-

100 1940 142 1971 20
165 1924 284 1971 λεκε
331 1920 419 1971 καὶ
458 1929 568 1971 τῶν
608 1930 866 1988 γεωργῶν
913 1922 1045 1989 μετὰ
1091 1931 1200 1973 τῶν
1248 1920 1487 1975 ἐλπίδων
1534 1923 1594 1975 τὸ
1635 1923 1848 1990 πρόθυ-

166 2023 291 2075 μον·
330 2009 503 2074 μάτην
535 2008 638 2076 γὰρ
678 2007 943 2075 ἡγοῦνται
983 2011 1247 2077 πονήσειν
1286 2019 1397 2063 τῶν
1437 2013 1514 2074 εἰς
1554 2010 1683 2064 δέον
1722 2012 1855 2072 τοὺς

166 2098 374 2157 πόνους
412 2095 662 2163 ἀγόντων
694 2095 1042 2165 ἐστερημένοι
1077 2103 1241 2152 θεῶν.
1304 2107 1398 2167 τῆς
1430 2108 1529 2168 γῆς
1561 2097 1621 2152 δὲ
1655 2097 1843 2152 οὐκέθ’

81 2196 117 2237 R
140 2195 281 2238 11168
323 2183 528 2250 ὁμοίων
562 2184 568 2251 Ι
602 2186 788 2237 πόνων
820 2184 1204 2254 ἀπολαυούσης
1237 2186 1357 2239 οὐδ’
1381 2186 1450 2240 ἂν
1483 2193 1600 2250 ἴσος
1632 2187 1659 2239 ὁ
1692 2183 1855 2249 τόκος

287 2377 308 2415 1
355 2371 804 2448 κατασκαπτομένων
837 2375 870 2416 Ι
911 2375 991 2418 sed
1039 2390 1215 2420 σκαπτο
1262 2376 1310 2418 111
1342 2389 1418 2419 las
1452 2381 1566 2420 3—4
1613 2377 1692 2420 litt
1723 2377 1792 2419 m⁸

168 2436 193 2473 ἵ)
233 2437 378 2474 ταῦτα
409 2433 516 2487 post
547 2429 630 2475 οὖν
669 2432 794 2475 inser
825 2434 929 2476 coni
955 2434 1021 2477 Re
1203 2439 1227 2477 9
1275 2435 1331 2478 τὰ
1364 2438 1472 2479 ante
1503 2435 1690 2492 μέγιστα
1728 2435 1855 2478 inser

169 2490 271 2532 coni
297 2490 363 2532 Re
486 2495 536 2533 11
571 2487 810 2566 χείμαρροι
841 2492 889 2534 111
913 2492 1152 2560 χειμάρροι
1185 2507 1286 2537 corr
1311 2493 1378 2537 V²
1410 2495 1483 2551 (cf.
1509 2495 1650 2538 schol.
1677 2495 1791 2538 Ven.
1811 2496 1851 2537 A

170 2548 228 2591 ad
261 2548 311 2591 ll.
339 2550 486 2605 6452)
633 2554 685 2591 12
719 2546 854 2601 οὗτος
885 2551 1049 2607 scripsi
1082 2566 1186 2595 oum
1211 2553 1278 2596 Re
1302 2553 1443 2596 Anim
1476 2556 1522 2598 et
1547 2553 1719 2597 Cobeffio
1738 2553 1851 2597 Coll.

172 2611 253 2649 126
343 2607 488 2665 τούτῳ
515 2608 609 2651 PU
635 2608 725 2651 edd
815 2616 949 2653 τοῦτο
981 2610 1150 2666 reliqui
1182 2611 1306 2666 libri,
1347 2613 1427 2655 sed
1458 2612 1604 2656 τούτω
1637 2626 1854 2668 suprascr

181 2664 258 2718 1⁷²,
290 2665 338 2708 111
363 2667 507 2709 τούτω
540 2680 641 2709 corr
665 2668 721 2709 1³
843 2673 895 2710 13
930 2668 1070 2726 ψυχή.
1103 2671 1210 2725 post
1233 2668 1431 2726 τέθνηκε
1463 2672 1588 2714 inser
1611 2672 1693 2725 Re,
1726 2670 1853 2726 quod

169 2724 549 2780 improbaverunt
573 2724 718 2768 Cobet
750 2728 797 2769 et
820 2726 1033 2770 Monnier
1071 2729 1076 2784 Ι
1119 2727 1307 2778 κτίσεως
1341 2729 1377 2773 Ο
1406 2731 1485 2772 sed
1519 2747 1535 2772 ι
1567 2731 1615 2773 111
1647 2748 1675 2787 η
1708 2744 1808 2773 corr
1830 2731 1860 2784 f

230 2782 427 2836 κτήσεως
449 2784 632 2827 IBMV
752 2788 804 2826 17
838 2801 884 2828 τε
916 2787 950 2829 Ι
975 2787 1056 2829 sed
1089 2802 1109 2830 ε
1140 2787 1188 2830 111
1214 2801 1288 2830 ras
1313 2788 1382 2830 m³
1504 2794 1557 2831 19
1591 2787 1671 2833 ὅδε
1703 2788 1795 2832 Got

171 2845 225 2883 22
258 2846 337 2914 τῆς
366 2848 450 2898 γῆς
474 2868 528 2874 -
555 2846 625 2897 93,
641 2847 663 2885 1
698 2842 919 2902 ἀπαντῴη
953 2844 1069 2889 cim
1098 2845 1215 2889 Plan
1247 2845 1323 2889 fol.
1355 2851 1438 2889 104
1571 2852 1626 2890 22
1660 2845 1706 2890 δ’
1734 2846 1853 2891 Plan

230 2903 284 2941 23
318 2896 413 2951 ἶσος
445 2902 490 2944 Ρ
517 2901 640 2944 sed‘
676 2900 723 2943 in
756 2900 767 2914 '
800 2862 1005 2958 σοι-1711113,
1029 2903 1146 2948 Plan
1209 2904 1316 2954 ἴσως
1348 2904 1438 2948 Got

1959 1626 1972 1684 ·-<-·
1955 1524 1979 1599 Μ
1955 1410 1973 1507 ''vsu-31·
1959 1380 1972 1396 Α
1963 1351 1971 1363 v-
1965 1331 1967 1334 Α

1963 2500 1966 2503 ,
1957 2429 1986 2471 ,,,
