1992 3094
211 115 282 170 56
700 116 927 160 LIBANII
959 116 1182 161 ORATIO
1214 116 1405 162 XXVIII

324 254 408 305 21.
465 254 536 305 Εἰ
576 251 624 306 δ’
658 248 762 305 οὖν
801 254 891 306 καὶ
937 261 1032 321 τῆς
1078 252 1269 316 ἀνοίας
1314 253 1513 321 ταύτης
1559 251 1651 306 καὶ
1697 271 1901 323 προπε-
1975 301 1983 307 ,

212 343 357 405 τείας
402 339 514 394 ἔδει
569 342 731 410 δίκην
774 343 872 394 τὸν
909 342 1176 411 Λάμαχον
1225 342 1491 410 ὑποσχεῖν
1545 342 1635 394 καὶ
1681 351 1792 394 τῶν
1838 362 1902 411 γε

211 429 338 500 περὶ
377 431 478 499 τὴν
515 429 874 499 Ἀντιπάτραν
911 429 1002 483 καὶ
1041 431 1139 483 τὸν
1172 431 1478 499 Κυριακόν,
1518 426 1588 498 ἦν
1627 432 1927 500 δεσμωτή-

214 536 358 589 ριον·
407 521 572 581 ἄλλος
611 517 659 571 δ’
692 518 763 572 ἀν
801 513 918 572 εἶπε
957 519 1047 572 καὶ
1086 519 1323 588 πληγάς,
1364 518 1482 572 ἀλλ’
1514 519 1580 572 οὐ
1619 520 1902 582 τοσαύτας.

171 629 190 662 5
214 610 286 678 μὴ
327 609 431 677 γὰρ
473 608 636 670 αὐτός
673 626 806 661 ποτε
845 616 1008 661 τοῦτο
1050 610 1478 678 συγχωρήσαιμι.
1541 609 1642 678 χρὴ
1677 605 1738 661 δὲ
1770 609 1905 662 οὐδὲ

216 696 294 765 σε’,
334 700 583 763 βασιλεῦ·
623 705 786 750 τοῦτο
827 697 949 767 γάρ,
988 705 1152 750 τοῦτο
1190 699 1341 750 ἔστιν
1374 697 1402 750 ὃ
1437 698 1502 749 τὰ
1534 700 1906 768 βουλευτήρια

214 785 478 839 κεκένωκε
516 786 765 853 μάλιστα.
844 791 975 849 ἴσως
1013 786 1114 856 μὲν
1161 787 1264 856 γάρ
1312 806 1364 839 τι
1411 787 1500 839 καὶ
1541 787 1698 855 ἄλλο,
1750 787 1903 839 τουτὶ

215 872 276 928 δὲ
316 876 708 945 διαφερόντως,
749 876 804 927 αἱ
835 877 1055 943 πληγαί,
1094 875 1183 927 καὶ
1217 875 1277 927 τὸ
1318 881 1392 947 τῷ
1429 876 1637 943 σώματι
1675 883 1903 928 τοιαῦτα

214 965 461 1033 πάσχειν,
501 957 591 1017 οἶα
628 964 767 1033 μηδὲ
805 965 869 1016 τὰ
909 966 1320 1033 κακουργότατα
1370 974 1482 1017 τῶν
1522 964 1904 1034 ἀνδραπόδων.

148 1073 191 1104 10
215 1053 308 1105 διὰ
346 1060 509 1105 τοῦτο
547 1053 748 1115 πάντες
787 1053 860 1115 ὡς
899 1054 1075 1106 εἰπεῖν
1119 1054 1265 1121 πλὴν
1310 1056 1628 1121 βουλευτῶν
1666 1061 1906 1121 γαμοῦσι

214 1140 305 1194 καὶ
344 1150 456 1193 τῶν
494 1143 881 1208 βουλευόντων
920 1141 1105 1194 αὐτῶν
1144 1140 1495 1209 ἐκδιδόντων,
1535 1142 1608 1205 ὡς
1647 1141 1716 1194 ὀὲν
1753 1142 1905 1211 ἀκρι-

213 1229 476 1299 βέστερον
532 1228 734 1300 ἑτέρων
787 1231 881 1292 τὰς
936 1229 997 1283 ἐν
1051 1237 1125 1303 τῷ
1174 1231 1466 1298 βουλεύειν
1527 1230 1906 1298 ἐπισταμένων

213 1319 416 1389 ὕβρεις.
491 1318 524 1387 ἢ
565 1320 668 1387 γὰρ
708 1317 911 1386 ἔλαβον
949 1320 1160 1387 πληγὰς
1197 1318 1229 1388 ἢ
1270 1321 1657 1388 προσδοκῶσιν
1696 1319 1755 1372 ἐκ
1793 1330 1907 1372 τῶν

213 1408 684 1478 παραδειγμάτων.
761 1409 846 1460 22.
908 1408 997 1460 καὶ
1052 1415 1159 1460 νῦν
1211 1410 1377 1461 δυοῖν
1430 1407 1726 1477 ἀδελφοῖν
1753 1408 1781 1462 ὁ
1832 1410 1908 1477 μὴ

150 1517 191 1549 15
215 1499 500 1564 βουλεύων
539 1503 613 1568 τῷ
647 1497 976 1565 βουλεύοντι
1014 1500 1477 1566 παρακαθήμενος
1521 1497 1908 1567 πεπληγμένον

215 1585 429 1639 ἐκεῖνον
475 1587 737 1655 κρείττων
785 1586 948 1648 αὐτὸς
994 1586 1074 1639 ὢν
1119 1585 1152 1654 ἢ
1192 1594 1357 1639 τοῦτο
1403 1592 1610 1640 παθεῖν
1654 1605 1905 1656 παραμυ-

216 1680 413 1727 θεῖται.
489 1677 547 1726 τί
590 1670 693 1728 οὗν
734 1679 837 1727 οἴει
877 1675 943 1727 οὐ
978 1674 1181 1744 ταχέως
1220 1674 1477 1727 κάκεῖνον
1517 1674 1603 1727 ἐπὶ
1643 1676 1710 1727 τὰ
1740 1677 1906 1728 τοῦδε

216 1764 532 1832 βαδιεῖσθαι
588 1759 719 1815 οὐδὲ
767 1762 1064 1832 ἐγγράψειν
1111 1763 1282 1816 αὑτὸν
1329 1765 1406 1826 εἰς
1451 1766 1582 1826 τοὺς
1626 1771 1798 1817 ταῦτα
1837 1764 1906 1817 οὐ

216 1851 605 1920 πεισομένους;
666 1861 778 1904 τῶν
839 1851 1275 1921 συλληψομένων
1330 1852 1391 1905 δὲ
1453 1854 1531 1915 εἰς
1584 1861 1748 1906 τοῦτο
1803 1853 1907 1906 οὐκ

150 1961 193 1992 20
218 1941 496 2011 ἀπορήσει.
572 1939 662 1993 καὶ
709 1944 990 2010 πολλαχοῦ
1038 1942 1105 2009 δὴ
1144 1949 1239 2010 τῆς
1278 1943 1510 2009 πόλεως,
1568 1938 1609 1994 ὦ
1656 1944 1907 2010 βασιλεῦ,

216 2030 348 2096 μετὰ
395 2031 488 2092 τὰς
542 2031 753 2098 πληγὰς
807 2029 1017 2092 ἐκείνας
1062 2028 1273 2083 τοιαυτὶ
1321 2031 1469 2099 παρὰ
1514 2039 1625 2083 τῶν
1676 2033 1906 2098 βουλευ-

217 2120 392 2171 όντων
453 2127 564 2170 τῶν
625 2118 828 2186 ὀλίγων
891 2117 1124 2186 λέγεται·
1194 2117 1464 2188 χαιρέτω
1526 2119 1642 2187 μὲν
1705 2120 1908 2187 οἰκία,

218 2208 582 2275 χαιρόντων
622 2203 689 2259 δὲ
729 2206 945 2275 ἀγροί,
985 2209 1328 2259 πωλείσθω
1369 2207 1485 2275 μὲν
1516 2215 1740 2275 ταῦτα,
1779 2225 1906 2260 πω-

129 2306 336 2350 RH142
386 2298 627 2347 λείσθω
670 2292 738 2347 δὲ
777 2294 1019 2363 ἐκεῖνα,
1077 2295 1083 2364 Ι
1139 2303 1210 2365 τῇ
1252 2295 1320 2347 δὲ
1358 2304 1505 2365 τιμῇ
1544 2305 1614 2366 τῇ
1655 2297 1907 2349 τούτων

154 2403 195 2436 25
221 2383 518 2435 ὠνείσθω
559 2403 655 2445 τις
695 2381 1102 2450 ἐλευθερίαν.

331 2471 415 2523 23.
478 2474 715 2523 Τοιαῦτα
769 2472 901 2540 ἡμῖν
940 2470 1172 2542 Ἰκάριος
1225 2471 1611 2525 ἐπολιτεύσατο
1658 2473 1747 2525 καὶ
1795 2493 1905 2525 τοι-
1948 2476 1953 2477 ’

340 2694 365 2730 3
398 2690 640 2744 Κυριακὸν
672 2706 731 2745 ην
763 2690 830 2733 Re
952 2696 978 2733 4
1012 2689 1108 2734 ἄλλ’
1137 2691 1205 2733 Re
1326 2695 1351 2733 8
1384 2694 1446 2750 τῷ
1476 2692 1649 2747 σωματι
1681 2691 1846 2747 scripsi
1879 2704 1905 2734 e

223 2749 478 2792 CAPIBN
488 2750 555 2792 Va
638 2748 688 2791 τὸ
723 2756 849 2803 σῶμα
884 2751 926 2793 V
1002 2749 1060 2793 τὰ
1092 2750 1277 2806 σώματα
1309 2749 1375 2792 Re
1404 2753 1409 2805 Ι
1437 2757 1630 2793 τοιαῦτα
1660 2750 1845 2805 reposui
1879 2763 1906 2793 e

219 2807 351 2850 libris
411 2814 558 2851 ταῦτα
588 2806 655 2850 Re
777 2813 802 2850 9
835 2808 894 2863 μὴ
929 2808 979 2853 δὲ
1012 2810 1141 2852 IBV
1257 2812 1311 2851 10
1344 2810 1559 2852 διατοῦτο
1591 2810 1746 2864 IBV!
1774 2808 1904 2851 ὡσει-

220 2873 326 2909 πεῖν
350 2867 394 2909 Β
518 2871 570 2908 16
605 2863 795 2910 ἐκείνων
821 2869 880 2923 ΙΙ
909 2865 972 2911 ὢν
998 2882 1072 2911 om
1096 2869 1139 2911 V
1255 2872 1307 2910 17
1334 2864 1439 2922 οὖν;
1471 2868 1538 2910 Re
1662 2872 1715 2911 18
1742 2866 1904 2924 ἐγγρά-

222 2940 328 2980 φειν
361 2925 430 2968 Va
550 2929 604 2967 ⁶23
637 2924 792 2969 πάντα
817 2927 862 2969 Β
983 2930 1039 2968 24
1071 2933 1124 2983 τῇ
1159 2929 1220 2984 (2)
1254 2940 1328 2969 om
1353 2927 1398 2970 B
1520 2931 1574 2969 25
1605 2924 1675 2976 τίς
1706 2927 1836 2971 IBV
