1992 3094
183 113 285 165 158
677 118 904 163 LIBANII
936 117 1160 162 ORATIO
1193 116 1363 161 XXXII

179 252 505 320 συγγνώμης
550 251 699 323 ἐρεῖν
745 254 997 322 γονάτων
1042 272 1101 306 τε
1146 253 1360 306 τούτων
1406 251 1669 322 ἐχόμενον
1707 251 1865 317 ἀξιώ-

178 352 297 390 σειν
342 350 529 408 τυχεῖν
575 337 758 412 ὧνπερ
806 344 893 411 ἄν,
948 343 996 395 εἰ
1043 340 1310 411 ἐμεμήνει.
1387 340 1416 394 ὁ
1465 339 1516 394 δ’
1546 341 1729 410 ὥσπερ
1776 340 1865 395 ἐπὶ

178 429 444 495 τιμωρίαν
498 430 770 483 εἰσελθὼν
831 429 921 484 καὶ
977 431 1200 493 δικαίως
1255 428 1324 483 ἂν
1379 429 1681 492 ἱκετευθεὶς
1733 429 1856 500 παρ’

178 513 311 582 ἐμοῦ
351 519 537 585 θυμόν
575 537 634 571 τε
673 517 892 573 ἐδείκνυ
931 517 1023 572 καὶ
1063 520 1262 588 μικρόν
1306 538 1360 571 τι
1398 524 1565 588 μικρᾷ
1602 526 1668 588 τῇ
1708 526 1866 588 φωνῇ

133 623 151 654 5
177 604 557 671 φθεγξάμενος
595 605 776 679 ᾤχετο.
852 608 938 660 21.
996 601 1110 660 εἶτα
1156 609 1294 676 πρὸς
1331 609 1462 669 τοὺς
1501 605 1866 675 ἐντυγχάνον-

176 712 270 754 τας
323 693 746 764 Μενέδημον
801 693 872 749 δὲ
926 695 1097 766 ἐμοῦ
1148 700 1723 766 προτετιμῆσθαι
1774 693 1866 748 καὶ

175 789 401 835 τοιαῦτα
462 782 763 853 ἐσχετλίαζε
825 784 1018 853 λέγων,
1089 785 1163 848 ὡς
1224 783 1473 852 ἐπαινοίη
1536 782 1866 852 Μενέδημος

175 872 303 933 τοὺς
357 872 527 925 αὑτοῦ
583 874 963 937 διδασκάλους.
1047 878 1225 936 καλῶς
1277 893 1339 941 γε
1394 871 1604 934 ἐκεῖνος
1657 869 1748 924 καὶ
1801 873 1867 925 τὰ

138 959 140 961 ’
176 960 359 1012 δίκαια
397 970 591 1028 ποιῶν,
632 960 746 1015 ἐπεὶ
786 962 876 1015 καὶ
915 962 1111 1030 γονέας
1149 964 1281 1024 τοὺς
1323 961 1494 1014 αὑτοῦ
1535 961 1867 1029 θεραπεύων

109 1068 151 1099 10
175 1049 405 1116 χρηστὸς
443 1048 513 1101 ἂν
551 1046 621 1117 ἦν
673 1051 764 1103 καὶ
809 1048 936 1120 περὶ
989 1052 1092 1119 τὴν
1138 1051 1314 1120 φύσιν
1363 1050 1606 1118 εὐσεβής.
1683 1049 1750 1102 οὐ
1799 1050 1866 1118 δὴ

173 1139 426 1205 μισήσειν
471 1140 702 1205 ἔμελλον
750 1138 858 1208 ἐγὼ
907 1137 979 1192 δι’
1011 1139 1211 1209 ἀρετὴν
1261 1140 1583 1208 ἄνθρωπον,
1638 1137 1710 1206 ἣν
1755 1139 1867 1191 ἔδει

87 1236 296 1280 R11234
335 1225 426 1279 καὶ
464 1224 525 1280 σὲ
564 1233 868 1298 μιμεῖσθαι.
947 1227 1032 1281 22.
1072 1236 1181 1282 νῦν
1215 1228 1221 1295 Ι
1257 1226 1305 1281 δ’
1338 1227 1366 1281 ὁ
1406 1227 1508 1296 μὲν
1546 1225 1636 1279 καὶ
1676 1232 1860 1280 τεθνε-

175 1323 313 1377 ῶτας
353 1314 597 1379 ἐκείνους
634 1318 934 1386 θεραπεύει
973 1318 1063 1370 καὶ,
1104 1317 1133 1370 ὅ
1165 1336 1219 1370 τι
1258 1317 1447 1378 αὐτοῖς
1486 1320 1658 1368 οἴεται
1695 1317 1867 1368 καλὸν

175 1405 458 1472 εἰρῆσθαι,
504 1412 669 1458 τοῦτο
711 1407 786 1468 εἰς
825 1405 996 1474 μέσον
1034 1405 1117 1458 ἀεὶ
1156 1404 1248 1458 καὶ
1288 1404 1445 1475 φέρει
1483 1402 1575 1456 καὶ
1614 1402 1754 1474 ᾅδει,
1794 1406 1865 1456 σὺ

108 1512 148 1543 15
175 1489 234 1544 δὲ
281 1494 379 1546 τὸν
425 1502 632 1546 σαυτοῦ
681 1497 854 1558 ζῶντα
898 1503 1087 1557 κακοῖς
1131 1495 1328 1562 ἥδιστα
1375 1490 1477 1563 μὲν
1524 1492 1594 1545 ἂν
1632 1491 1723 1546 καὶ
1763 1510 1863 1545 πα-

174 1580 348 1649 τάξας,
387 1580 634 1648 ἐγκαλῶν
666 1579 726 1635 δὲ
766 1589 839 1654 τῷ
872 1589 1044 1635 ταῦτα
1084 1583 1187 1636 οὐκ
1227 1583 1387 1636 ἐῶντι
1427 1583 1591 1653 νόμῳ.
1655 1580 1761 1649 ἐγὼ
1802 1578 1863 1634 δὲ

171 1669 348 1722 πάντα
391 1666 494 1738 μὲν
532 1671 750 1723 δίκαιον
787 1671 992 1733 παντὸς
1031 1671 1228 1724 ἀδίκου
1267 1674 1479 1740 μᾶλλον
1518 1667 1854 1736 ἐπαινέσαιμ’

173 1758 259 1822 ἄν,
299 1757 366 1810 οὐ
405 1759 516 1827 μὴν
553 1761 683 1821 τοὺς
723 1758 926 1828 ἑτέροις
966 1779 1026 1827 γε
1059 1760 1397 1827 ὡμιληκότας
1433 1768 1545 1811 τῶν
1581 1756 1701 1827 ἐμοὶ
1740 1757 1856 1810 κατ’

172 1845 305 1899 αὐτό
344 1865 405 1913 γε
443 1853 607 1900 τοῦτο
645 1851 856 1915 μᾶλλον
903 1847 1130 1915 ἀγαπῶν
1176 1849 1413 1915 φανείην
1451 1848 1538 1914 ἄν,
1585 1843 1717 1899 οὐδὲ
1757 1847 1860 1916 γὰρ

106 1956 149 1987 210
173 1935 337 1997 ἄλλος
384 1934 570 1997 οὐδεὶς
616 1944 942 2005 σωφρονῶν,
998 1936 1132 1988 οὐδὲ
1177 1936 1276 1988 τὸν
1323 1931 1424 2004 μὲν
1470 1936 1681 2003 ἤθελον
1718 1940 1862 1988 οἴκοι

172 2022 374 2092 μένειν,
420 2020 481 2076 σὲ
521 2021 581 2076 δὲ
622 2022 762 2077 ἰέναι
799 2022 915 2077 κατ’
947 2024 1079 2077 αὐτὸ
1127 2031 1292 2077 τοῦτο
1337 2025 1399 2076 τὸ
1439 2024 1537 2076 τὸν
1575 2020 1679 2092 μὲν
1717 2018 1862 2076 εἷναι

171 2118 270 2163 τοῦ
304 2112 484 2175 δεῖνος
514 2115 788 2181 μαθητήν,
824 2110 883 2165 σὲ
916 2109 977 2165 δὲ
1010 2111 1155 2181 ἐμόν.
1218 2111 1335 2165 ἀλλ’
1361 2113 1506 2175 ὅπως
1537 2109 1659 2181 ἔσχε
1692 2119 1862 2165 ταῦτα

173 2200 530 2268 διηγησάμην.

282 2288 368 2340 23.
409 2289 479 2341 Εἰ
520 2285 580 2341 δὲ
611 2289 940 2358 ΛΙενέδημος
979 2291 1249 2359 πρότερον
1288 2286 1390 2357 μὲν
1429 2289 1532 2341 οὐκ
1571 2285 1641 2356 ἧν
1681 2290 1858 2356 φίλος,

107 2399 144 2428 ετ.
176 2384 279 2427 νῦν
325 2375 409 2444 δέ,
463 2378 519 2429 τί
561 2379 912 2446 θαυμαστόν;
966 2380 1109 2430 πολὺ
1159 2378 1261 2446 γὰρ
1311 2378 1378 2445 δὴ
1425 2385 1590 2430 τοῦτο
1639 2375 1699 2429 ἐν
1745 2384 1859 2438 τοῖς

291 2571 315 2608 2
350 2565 374 2609 ὅ
407 2567 485 2609 IV
505 2566 636 2623 Bong
699 2565 723 2611 ὃ
747 2568 791 2610 Α
821 2569 826 2622 Ι
854 2567 904 2611 δὲ
937 2567 1004 2610 Re
1126 2571 1152 2608 4
1185 2581 1296 2608 num
1328 2564 1528 2620 πικρόνὶ)
1650 2570 1676 2608 5
1710 2568 1857 2622 φθεγ-

173 2623 362 2680 γόμενος
392 2625 523 2682 Bong
652 2630 677 2668 6
711 2623 819 2670 δι’ἐ
853 2633 909 2669 οῦ
942 2626 1046 2669 coni
1077 2626 1210 2681 Bong
1330 2629 1355 2666 8
1389 2625 1533 2668 αὐτοῦ
1565 2625 1647 2668 IV
1664 2624 1798 2680 Bong
1914 2636 1919 2640 ·

173 2689 197 2724 9
230 2685 374 2727 αὐτοῦ
406 2685 440 2726 Ι
457 2684 588 2740 Bong
727 2689 780 2728 10
812 2702 869 2741 ην
901 2684 972 2727 bis
1004 2686 1038 2728 Ι
1064 2684 1145 2728 sed
1175 2684 1303 2739 prius
1336 2684 1460 2727 inser
1482 2683 1552 2726 m3
1689 2689 1740 2726 11
1776 2680 1856 2726 διὰ

171 2744 262 2787 ΑΡ
293 2743 375 2787 sed
405 2743 454 2785 in
481 2743 570 2786 hoc
601 2742 632 2786 ἁ
672 2756 773 2786 eras
807 2746 855 2787 et
881 2741 893 2757 '
928 2757 1012 2799 pos
1036 2743 1107 2786 m²
1156 2745 1161 2799 Ι
1212 2741 1266 2786 ὃν
1297 2743 1364 2785 Re
1547 2747 1600 2785 12
1645 2741 1696 2786 δὲ
1727 2741 1796 2785 Re

175 2806 228 2844 15
271 2801 480 2854 πατάξας
521 2801 651 2845 VRe
741 2802 971 2855 πατάξαις
1002 2804 1095 2847 ΑΡ
1130 2802 1211 2845 sed
1250 2801 1298 2844 in
1337 2801 1424 2844 hoc
1463 2802 1511 2844 in
1551 2813 1684 2856 marg
1725 2796 1854 2855 οἶμαι

168 2859 334 2910 οὕτως·
367 2859 652 2915 παρατάξας,
685 2862 717 2903 Ι
744 2861 874 2918 Bong
1057 2865 1109 2904 16
1155 2859 1205 2904 δὲ
1237 2860 1284 2903 in
1317 2860 1376 2916 δὴ
1409 2874 1509 2903 corr
1533 2861 1578 2904 P
1665 2858 1722 2914 δὴ
1759 2859 1802 2902 V

171 2924 226 2961 22
261 2920 385 2962 ἔσται
418 2921 448 2962 l
470 2919 601 2975 Bong
