1992 3094
914 814 1023 867 XL.

549 932 781 995 ΠΡΟΣ
828 934 1201 996 ETMOAH
1214 935 1380 998 ION.

234 1080 278 1131 1.
330 1076 496 1132 Εἶναι
540 1079 655 1147 μέν.
683 1094 770 1133 σοι
811 1083 975 1149 φίλος
1013 1082 1102 1134 καὶ
1141 1084 1321 1135 πολὺν
1370 1083 1475 1152 ἤδη
1515 1085 1642 1152 χρό-
1688 1096 1729 1139 R
1753 1096 1900 1140 11364

120 1188 238 1237 νον,
278 1168 587 1238 Εὐμόλπιε,
629 1167 768 1238 φημὶ
816 1170 906 1222 καὶ
947 1170 1047 1222 οὐκ
1089 1169 1158 1222 ἂν
1199 1170 1522 1241 ἀρνηθείην,
1571 1171 1708 1241 λέγω
1751 1172 1811 1225 δὲ

118 1256 208 1310 καὶ
248 1259 310 1311 τὸ
350 1265 459 1311 νῦν
497 1257 760 1324 ἐσόμενον
800 1257 1004 1328 ἀνδρὸς
1044 1253 1184 1312 εἶναι
1231 1264 1533 1329 φιλοῦντος
1572 1261 1644 1324 ὡς
1684 1261 1811 1330 ἀλη-

121 1351 251 1415 θῶς,
290 1348 350 1399 τὸ
389 1355 506 1410 τοῖς
545 1347 647 1400 οὐκ
679 1347 864 1415 ὀρθῶς
893 1347 1299 1418 πεπραγμένοις
1330 1347 1598 1419 ἐπιτιμᾶν.
1661 1352 1810 1403 ἔπαι-
1858 1371 1877 1404 5

116 1455 213 1498 νος
259 1435 360 1504 μὲν
399 1437 503 1505 γὰρ
546 1435 647 1489 οὐκ
686 1434 828 1505 ἔχων
873 1437 935 1490 τὸ
992 1438 1209 1490 δίκαιον
1247 1437 1733 1508 προσδιέφθειρεν,
1781 1438 1810 1491 ὁ

118 1521 168 1577 δ’
201 1523 234 1576 ἃ
279 1533 419 1595 χρῆν
465 1526 788 1595 αἰτιώμενος
835 1524 1172 1595 ἐνουθέτησέ
1213 1546 1270 1579 τε
1317 1525 1407 1579 καὶ
1454 1535 1567 1580 τῶν
1606 1518 1812 1594 ὁμοίων

118 1611 519 1684 ἁμαρτημάτων
550 1613 845 1683 ἀπήγαγεν.
909 1615 1119 1668 οὔκουν
1145 1623 1309 1668 τοῦτο
1340 1623 1654 1683 μισοῦντος,
1688 1613 1805 1668 ἀλλ’

117 1699 325 1768 ἐκεῖνα,
389 1702 418 1755 ὅ
481 1722 538 1755 τε
592 1702 681 1757 ἐπὶ
737 1712 853 1767 τοῖς
906 1703 1306 1774 ἡμαρτημένοις
1360 1701 1584 1766 ἔπαινος
1638 1704 1726 1756 καὶ
1778 1704 1809 1772 ἡ

117 1793 294 1860 σιωπὴ
341 1794 758 1859 παραλείπουσα
804 1794 905 1862 τὴν
950 1801 1062 1845 τῶν
1112 1792 1507 1862 ἡμαρτημένων
1552 1790 1811 1856 ἐξέτασιν.
1836 1815 1879 1847 ιο

119 1877 247 1932 ὥστ’
279 1884 334 1933 εἴ
373 1894 435 1933 σε
482 1878 687 1934 πώποτ’
724 1880 1076 1950 εὐεργέτηκα,
1131 1880 1285 1934 τουτὶ
1341 1878 1402 1934 δὲ
1457 1884 1671 1951 εἴρηταί
1722 1895 1810 1934 σοι

118 1969 397 2037 πολλάκις,
435 1969 602 2022 ταύτὸ
645 1971 874 2039 δοκοίην
913 1968 983 2023 ἂν
1022 1971 1241 2032 εἰκότως
1279 1968 1369 2022 καὶ
1410 1978 1517 2023 νῦν
1553 1956 1751 2023 ποιεῖν.

240 2115 276 2160 Ο
334 2137 389 2151 =
423 2115 579 2160 Codex
611 2114 858 2160 Chisianus

237 2175 310 2218 Pa
334 2197 390 2211 =
421 2175 632 2219 Patmius
657 2180 740 2218 471

236 2235 282 2277 A
336 2256 388 2270 =
422 2234 715 2278 Monacensis
747 2249 812 2291 gr.
841 2238 927 2277 483
960 2234 1297 2291 (Augustanus)

237 2293 283 2335 P
341 2315 396 2330 =
428 2293 672 2337 Palatinus
704 2309 772 2351 gr.
799 2298 884 2337 282

236 2352 271 2394 Ι
337 2374 392 2388 =
426 2352 692 2396 Marcianus
726 2352 926 2409 append.
954 2351 1053 2396 XCI
1071 2357 1095 2394 2

239 2411 283 2455 V
337 2433 392 2447 =
424 2411 801 2456 Vindobonensis
833 2411 947 2468 phil.
973 2426 1040 2469 gr.
1066 2410 1209 2454 XCIII

240 2548 261 2586 1
300 2546 362 2603 μβ
399 2546 507 2589 ante
545 2545 663 2600 πρὸς
701 2544 950 2600 εὐμόλπιον
982 2545 1047 2599 A,
1087 2546 1196 2600 post
1230 2545 1267 2589 G
1313 2546 1318 2599 Ι
1368 2541 1503 2600 λόγος
1540 2543 1810 2598 τριακοστὸς

115 2598 269 2656 τρίτος
291 2605 399 2659 post
422 2601 674 2661 εὐμόλπιον
708 2605 750 2647 V
770 2603 883 2647 rubr
1003 2601 1075 2660 vy'
1098 2603 1147 2646 in
1170 2616 1304 2659 marg
1330 2603 1369 2648 Ο
1389 2603 1471 2646 sed
1494 2620 1521 2659 γ
1553 2603 1602 2646 in
1625 2616 1701 2646 ras
1724 2604 1807 2656 ω’,

118 2657 252 2717 λόγος
282 2661 354 2706 ιθ’
375 2664 411 2706 Ι
533 2668 558 2706 3
592 2662 650 2719 δὴ
682 2664 718 2707 Ι
740 2663 874 2720 Bong
1005 2667 1027 2706 7
1062 2659 1195 2705 ἰδίων
1218 2663 1260 2706 V
1382 2665 1408 2705 8
1441 2662 1615 2706 οὐκοῦν
1645 2661 1803 2719 Bong3

119 2727 361 2773 μισοῦντος
384 2722 429 2766 Α
454 2722 535 2766 sed
561 2738 578 2764 ι
601 2722 650 2764 in
673 2735 749 2766 ras
773 2737 831 2765 m.
850 2735 941 2765 rec.
1061 2725 1086 2763 9
1115 2718 1187 2765 ὅτε
1212 2722 1245 2764 Ι
1265 2722 1272 2777 Ι
1298 2728 1396 2771 τοῖς
1418 2719 1758 2777 ἡμαρτημένοις
1781 2723 1817 2765 Ι

118 2778 201 2821 sed
225 2795 294 2830 οις
318 2783 366 2824 et
388 2779 511 2831 ένοις
533 2780 582 2823 in
604 2794 681 2824 ras
705 2781 775 2824 m²
899 2784 952 2824 10
979 2778 1310 2836 ἡμαρτημένων
1334 2781 1365 2823 I
1386 2779 1468 2823 sed
1493 2777 1544 2824 έν
1568 2779 1617 2823 in
1641 2793 1716 2824 ras
1740 2779 1809 2822 m²

180 2842 232 2881 11
267 2838 542 2896 εὐεργέτηκα
574 2839 740 2896 scripsi
771 2853 796 2882 e
832 2839 960 2884 GAP
1018 2837 1299 2896 εὐηργέτηκα
1331 2840 1438 2883 Pal
1466 2838 1557 2882 edd
1622 2837 1808 2895 εὐηργέ-

115 2909 233 2952 τησα
267 2898 337 2956 Vl
366 2912 438 2942 σοι
469 2898 636 2955 scripsi
668 2899 858 2942 auctore
889 2898 957 2942 Re
1018 2914 1097 2954 μοι
1127 2897 1238 2941 libri
1269 2898 1360 2941 edd
