1992 3094
619 123 958 169 PRAEFATIO
993 123 1230 169 CRITICA
1634 125 1777 168 LXIII

200 285 247 331 p.
281 268 489 328 491‚17
538 262 647 313 ἀντὶ
692 263 784 330 γὰρ
831 257 901 313 ὧν
947 257 1001 312 εὖ
1049 262 1241 312 ἔπαθον
1291 271 1388 313 τῶν
1438 267 1631 313 πολλῶν
1680 272 1776 313 τῶν

89 341 323 408 πρότερον
361 338 484 404 ἔχειν
523 337 576 387 ἐν
610 336 786 406 ἑκάστῃ
820 341 953 406 φυλῇ
987 336 1068 386 καὶ
1099 339 1296 397 ταύταις
1327 337 1412 386 τὸν
1444 335 1602 403 ἄνδρα
1633 336 1775 402 ἐβού-

92 419 254 479 λοντο,
301 413 434 472 ὅπως
480 411 534 462 ἐν
580 410 668 476 μὲν
706 416 810 471 ταῖς
855 412 1148 477 παρουσίαις
1187 410 1339 460 αὐτοῦ
1386 430 1434 460 τε
1480 410 1776 461 ἀπολαύοιεν

93 488 173 539 καὶ
211 495 296 538 τοῦ
337 485 579 553 δευτέρου,
618 484 831 544 ἀπόντος
863 483 914 534 δὲ
948 485 1013 550 μὴ
1046 485 1273 535 τοιούτου
1305 485 1487 545 παντὸς
1518 483 1775 552 στέροιντο.

89 565 278 612 Iniuria
322 561 680 610 Herwerdenus
728 563 779 609 et
824 561 1090 609 articulum
1139 567 1237 608 τῶν
1285 563 1398 609 ante
1444 559 1680 626 πρότερον
1729 563 1778 608 613

89 637 239 688 verba
291 634 372 684 καὶ
425 634 622 693 ταύταις
676 635 883 683 delenda
941 636 1116 682 censet.
1204 635 1336 682 Nam
1390 636 1432 682 si
1484 635 1569 682 1116
1624 635 1778 694 abest,

90 711 323 778 πρότερον
361 710 543 758 falsum
581 712 717 771 post
755 715 852 757 τῶν
890 711 1085 756 πολλῶν
1123 708 1273 756 habet
1306 709 1488 768 Iocum,
1529 711 1578 756 et
1617 710 1660 756 si
1697 706 1778 756 καὶ

90 784 286 844 ταύταις
324 784 537 844 deletur,
576 785 715 831 notio
756 784 1053 848 gravissima
1093 782 1243 830 abest.
1319 783 1493 844 Neque
1533 783 1778 844 quomodo

91 859 240 908 verba
270 855 352 906 καὶ
389 855 592 921 ταυτησὶ
625 885 695 890 —
726 859 801 905 ita
833 859 964 905 enim
994 873 1085 919 pro
1117 855 1315 915 ταύταις
1346 859 1397 904 111
1429 856 1570 904 libris
1603 859 1676 904 est
1711 883 1774 890 —

91 950 149 982 ex
188 932 587 981 antecedentibus
626 929 708 979 καὶ
746 930 946 990 ταύταις
983 932 1196 993 repetita
1235 931 1334 978 dici
1370 932 1576 992 possint,
1619 931 1778 979 video.

93 1007 146 1056 Si
185 1007 302 1069 quid
339 1006 655 1067 mutandum,
697 1003 791 1054 κάν
829 1005 1027 1064 ταύταις
1067 1005 1376 1053 scribendum
1416 1020 1518 1053 esse
1557 1004 1680 1065 dixi,
1728 1007 1780 1053 at

92 1083 325 1144 quoniam
363 1078 416 1128 ἐν
451 1077 627 1148 ἑκάστῃ
649 1082 802 1148 ,φυλῇ
845 1080 1107 1140 antecedit,
1145 1080 1198 1126 in
1236 1081 1377 1128 textu
1407 1095 1587 1141 ponere
1627 1079 1779 1126 nolui.

779 1212 866 1262 Or.
906 1213 1084 1261 XXIV.

201 1321 247 1367 p.
284 1304 405 1364 517,
439 1304 468 1351 3
512 1299 537 1350 ὅ
578 1299 630 1351 δὲ
669 1299 958 1366 προσπεσὼν
998 1293 1063 1365 ἦν
1108 1299 1190 1350 καὶ
1235 1301 1422 1366 τρώσας
1466 1299 1677 1364 Ταϊηνός
1710 1319 1781 1360 τις

92 1375 292 1440 ἐντολὴν
337 1380 539 1441 πληρῶν
585 1380 650 1444 τῷ
692 1384 835 1439 σφῶν
882 1375 1045 1424 αὐτῶν
1084 1372 1293 1441 ἄρχοντι.
1373 1376 1514 1434 Quod
1556 1375 1780 1423 Herwer-

93 1451 243 1499 denus
281 1468 327 1514 p.
366 1453 468 1499 117
516 1453 654 1499 1116116
692 1451 857 1500 verbis
897 1451 1159 1513 Epitaphii
1191 1449 1222 1512 ξ
1257 1451 1360 1498 275
1402 1468 1448 1513 p.
1484 1451 1692 1510 356,13
1709 1465 1779 1512 sq.

92 1524 279 1574 Olearii
302 1528 351 1574 et
377 1524 549 1574 Cobeti
573 1527 907 1573 coniecturam
931 1523 1227 1590 Χριστιανός
1250 1542 1322 1582 τις
1346 1525 1581 1586 amplecti
1603 1518 1781 1586 potuit,

92 1600 247 1648 doleo.
317 1599 565 1648 Abhorret
604 1601 735 1647 enim
774 1615 804 1646 a
843 1614 1064 1648 sermone
1096 1598 1386 1647 Libaniano.
1456 1599 1629 1660 Neque
1670 1601 1782 1645 Ταῖ-

93 1671 212 1737 ηνός
251 1675 507 1722 attrectari
547 1673 712 1734 debet,
757 1674 810 1720 in
857 1690 954 1736 quo
1002 1689 1119 1721 sane
1162 1689 1282 1734 non,
1329 1675 1387 1720 ut
1424 1672 1782 1720 Herwerdenus

93 1751 292 1810 putasse
331 1748 542 1808 videtur,
582 1763 834 1810 personae,
874 1747 957 1796 sed
997 1749 1160 1811 gentis
1199 1763 1377 1796 nomen
1416 1749 1559 1795 inest.

203 1838 250 1884 p.
278 1823 440 1883 525,ss
483 1818 509 1869 ὃ
549 1820 769 1886 αὐτόχειρ
810 1817 962 1891 ᾕρητο
1002 1820 1135 1870 πάνυ
1176 1820 1238 1885 δὴ
1277 1820 1520 1870 πιστεύων
1558 1818 1782 1885 ἀνωτέρω

94 1894 254 1959 πάσης
300 1893 432 1955 ἰδέας
477 1893 682 1961 ἐλέγχων
728 1893 1031 1960 ἠδικηκέναι.
1115 1895 1381 1957 Perperam
1426 1895 1783 1943 Herwerdenus

95 1966 322 2035 ἀπωτέρω
369 1972 593 2018 coniecit.
682 1971 813 2018 Nam
860 1970 1159 2032 opinabatur
1207 1969 1454 2018 homicida
1501 1970 1630 2032 quod
1678 1971 1783 2031 ipse

94 2045 364 2106 peccasset,
409 2044 461 2091 id
501 2046 728 2106 quamvis
777 2046 992 2106 speciem
1039 2046 1441 2106 argumentorum
1480 2059 1783 2104 superare,

94 2116 147 2164 id
186 2121 259 2166 est
297 2133 348 2166 66
388 2120 607 2166 criminis
645 2134 902 2180 nunquam
941 2119 1168 2167 convinci
1206 2133 1361 2179 posse.

206 2208 252 2254 p.
280 2193 441 2253 527‚1
476 2189 652 2256 ἠξίουν
683 2189 745 2240 ἅν
778 2205 829 2240 σε
860 2195 1034 2257 χωρεῖν
1072 2188 1151 2240 ἐπὶ
1190 2189 1305 2249 τοὺς
1336 2189 1537 2240 ἐκείνων
1569 2188 1785 2255 σφαγέας

98 2263 323 2313 δείσαντα
361 2265 451 2330 τὴν
490 2272 578 2314 τοῦ
617 2265 899 2332 πράγματος
931 2262 1132 2329 μελέτην
1172 2264 1237 2329 μὴ
1278 2262 1360 2312 καὶ
1398 2263 1522 2329 πρὸς
1560 2263 1612 2312 τὸ
1653 2262 1784 2329 μέγι-

98 2350 212 2386 στον
243 2336 338 2387 ἀπὸ
377 2347 475 2388 τῶν
514 2338 782 2389 ἐλαττόνων
813 2339 1007 2406 βαδίσῃ.
1071 2338 1210 2396 Quod
1250 2339 1430 2388 Asmus
1461 2342 1574 2400 post
1605 2338 1783 2405 βαδίσῃ

99 2412 316 2461 excidere
365 2416 586 2475 potuisse
637 2414 763 2462 dixit
813 2412 1095 2478 σχημάτων,
1147 2414 1190 2460 61
1239 2429 1434 2461 6611611111
1483 2413 1785 2474 respicimus,

97 2485 274 2536 melius
314 2487 474 2536 aberit
513 2491 562 2536 et
592 2487 859 2535 Libanium
896 2491 1075 2535 neutra
1115 2487 1284 2548 qualia
1315 2485 1438 2551 πρὸς
1476 2485 1528 2535 τὸ
1563 2484 1786 2551 μέγιστον

100 2561 151 2606 et
187 2556 284 2609 ἀπὸ
322 2567 420 2609 τῶν
459 2559 728 2611 ἐλαττόνων
767 2577 957 2610 amasse
996 2577 1146 2622 supra
1186 2554 1254 2627 (p.
1281 2553 1416 2626 LXI)
1458 2560 1574 2607 dixi.

805 2693 893 2742 Or.
933 2693 1083 2741 XXV.

211 2796 257 2842 p.
300 2781 420 2842 546,
441 2784 503 2829 21
560 2777 615 2840 ὃς
660 2781 819 2831 πάντα
870 2779 1064 2844 οἰκέτην
1114 2781 1397 2846 στιγματίαν
1446 2779 1785 2843 παρελήλυθεν

101 2848 308 2921 ἀθυμίᾳ.
383 2856 497 2903 Non
536 2859 610 2904 est
649 2871 736 2903 cur
774 2853 966 2918 οἰκέτην
1006 2870 1116 2902 cum
1154 2855 1306 2903 Asmo
1346 2855 1580 2902 deleatur.
1661 2851 1785 2901 οἰκέ-

101 2941 193 2988 την
232 2929 512 2992 στιγματίαν
553 2931 704 2977 etiam
743 2929 876 2991 apud
907 2929 1218 2976 Athenaeum
1250 2928 1371 2975 XIII
1402 2945 1446 2989 p.
1475 2929 1616 2974 6126
1647 2927 1783 2990 legis.
