1992 3094
199 122 268 175 70
715 120 943 164 LIBANII
972 120 1197 165 ORATIO
1230 121 1378 165 XXIX

195 279 375 313 νοντο.
454 258 519 311 οὐ
576 258 678 327 γὰρ
727 254 788 309 ἐν
835 263 911 328 τῷ
957 257 1194 310 κωλύειν
1239 277 1291 310 τι
1342 262 1549 311 παθεῖν
1601 267 1881 328 πανταχοῦ

194 349 256 402 τὸ
298 350 533 415 δίκαιον,
580 346 717 399 ἀλλὰ
755 345 816 398 τὸ
855 353 951 412 τῆς
988 347 1248 415 τιμωρίας
1295 346 1506 416 ἀρκοῦν
1555 355 1670 409 τοῖς
1709 348 1882 401 δικαί-

195 457 278 499 οις
317 435 446 489 ἐστί.
510 436 592 488 14.
631 444 744 487 τῶν
781 430 883 500 μὲν
915 429 1020 486 οὖν
1059 435 1136 496 εἰς
1175 431 1268 503 ἐμὲ
1303 434 1717 504 τετολμημένων
1757 432 1883 490 οἶδα

195 527 267 593 μὴ
308 528 498 594 λαβεῖν
538 525 716 592 δίκην,
756 522 946 589 ἑτέρου
987 521 1051 574 δέ
1086 542 1138 574 τι
1177 525 1456 585 παθόντος
1495 523 1561 576 οὐ
1601 523 1766 594 φέρω.
1833 526 1882 578 εἰ

150 634 170 667 5
197 614 257 667 δὲ
310 615 479 667 καλὸν
532 614 593 666 τὸ
647 611 856 681 μηδένα
909 611 1126 664 πώποτε
1182 613 1396 680 διῶξαι,
1452 609 1584 664 οὐδὲ
1637 611 1882 666 ἐνταῦθα

195 704 555 773 κατηγόρουν,
588 701 724 755 ἀλλὰ
755 701 855 769 τὴν
884 707 979 767 τῆς
1009 700 1271 767 γυναικὸς
1303 699 1533 770 ἐρημίαν
1563 700 1782 770 ἠλέουν,
1811 701 1884 770 ἣν

195 791 226 860 ἡ
259 789 359 860 μὲν
391 791 693 860 φιλανδρία
724 791 1035 858 κατήγορον
1067 787 1255 857 ἐποίει,
1295 789 1355 842 τὸ
1399 787 1446 841 δ’
1479 788 1710 859 ἀπορεῖν
1746 804 1882 857 συμ-

194 881 382 948 μάχων
437 880 629 932 ἔπειθέ
678 898 745 947 με
798 881 1046 946 βοηθεῖν.
1123 879 1251 930 πότε
1306 878 1409 946 γὰρ
1464 877 1534 930 ἂν
1587 876 1884 947 ἐτόλμησεν

195 968 374 1036 ἐκείνη
429 967 586 1037 ῥῆξαι
641 968 836 1036 φωνὴν
881 966 914 1035 ἢ
963 974 1208 1034 φανῆναι
1254 967 1314 1018 τὸ
1361 976 1583 1036 πρῶτον
1630 967 1691 1019 ἐν
1735 967 1882 1039 μέσῳ

128 1078 170 1112 10
194 1059 264 1126 μὴ
305 1067 419 1120 τοῖς
457 1055 584 1127 παρ’
614 1057 769 1125 ἡμῶν
807 1054 1176 1124 ἀφαιρεθεῖσα
1222 1056 1321 1108 τὸν
1368 1057 1571 1124 φόβον;
1623 1056 1730 1109 ὑπὸ
1778 1057 1882 1126 γὰρ

195 1148 261 1215 δὴ
309 1156 420 1199 τῶν
466 1152 543 1218 τῷ
583 1145 847 1215 Κανδίδῳ
900 1145 1315 1212 συνεστηκότων
1361 1144 1462 1196 οὐκ
1510 1145 1579 1196 ἄν
1617 1162 1748 1198 ποτε
1787 1145 1882 1198 αὐ-

193 1237 322 1298 τοὺς
376 1240 631 1288 λαθοῦσα
682 1233 885 1305 ῥᾳδίως
939 1231 1211 1284 ἀπώλλυτ’
1251 1233 1337 1300 ἄν,
1399 1232 1433 1309 ᾃ
1479 1237 1656 1295 καλῶς
1702 1234 1883 1287 εἰδυῖα

194 1323 462 1376 στένουσα
509 1322 579 1376 ἄν
627 1323 770 1375 οἴκοι
817 1327 1044 1389 καθῆτο.
1125 1320 1207 1373 15.
1262 1323 1323 1374 τὸ
1363 1327 1644 1391 θαρρῆσαι
1690 1325 1883 1375 τοίνυν

195 1412 329 1482 αὐτῇ
391 1409 516 1479 παρ’
552 1411 708 1479 ἡμῶν
762 1409 1049 1478 γεγένηται
1101 1418 1166 1479 τῇ
1211 1409 1519 1480 ἠδικημένη
1583 1412 1717 1464 κατὰ
1770 1420 1883 1464 τῶν

128 1522 169 1555 15
195 1500 546 1568 ἠδικηκότων.
618 1498 737 1552 ἀλλ’
770 1499 913 1566 ὅμως
950 1500 1055 1567 ἤδη
1094 1500 1176 1560 τίς
1214 1517 1280 1567 με
1314 1502 1737 1568 συνκαθήμενος
1767 1508 1884 1562 τοῖς

195 1588 364 1651 αὑτοῦ
405 1590 589 1657 φίλοις
629 1586 849 1641 ἐκάλεσε
887 1587 1329 1655 κακοπραγμονα.
1384 1596 1516 1656 πῶς,
1556 1585 1598 1640 ὦ
1632 1591 1882 1656 φι’λτατε;

194 1678 242 1729 εἰ
281 1678 384 1747 γὰρ
427 1677 455 1730 ὁ
495 1686 610 1740 τοῖς
655 1678 827 1730 κακόν
865 1696 917 1728 τι
955 1678 1279 1744 πεποιηκόσι
1327 1679 1672 1745 χαλεπαίνων
1718 1684 1882 1730 τοῦτο

194 1764 263 1818 ἂν
302 1767 519 1828 εἰκότως
556 1769 795 1833 καλοῖτο,
834 1769 891 1817 τί
917 1773 1031 1827 τοῖς
1064 1766 1357 1833 δεδρακόσι
1390 1769 1682 1818 καλεῖσθαι
1713 1779 1884 1833 προσ-

192 1856 347 1921 ήκειν
385 1857 654 1923 φήσομεν;

127 1965 170 1997 20
309 1943 390 1995 16.
433 1941 525 2005 Ὡς
563 1945 757 1996 τοίνυν
797 1941 918 1995 οὐδ’
951 1944 998 1995 εἰ
1039 1943 1257 2011 σφόδρα
1296 1941 1549 1995 ἐδέδοκτό
1588 1963 1681 2011 μοι
1720 1945 1882 2012 μηδε-

195 2032 288 2094 νὸς
349 2033 605 2084 τοιούτου
675 2031 945 2100 μηδέποτε
1007 2030 1217 2100 μηδένα
1276 2033 1486 2100 τρόπον
1555 2030 1880 2100 ἐφάψασθαι

193 2120 526 2190 πράγματος,
581 2121 781 2173 τούτου
839 2140 899 2189 γε
947 2120 1048 2173 οὐκ
1097 2118 1228 2188 ε’νῆν
1283 2118 1506 2183 εἰσάπαξ
1560 2120 1880 2189 ἀποστῆναι,

194 2207 309 2262 ἀλλ’
343 2209 488 2271 εἰκὸς
526 2207 595 2261 ἂν
627 2208 855 2262 ἐποίουν
890 2230 942 2261 τι
973 2207 1063 2262 καὶ
1097 2209 1318 2277 γραφὴν
1350 2209 1516 2271 αὐτὸς
1547 2209 1879 2278 ἀπενεγκών,

194 2296 411 2349 ἐκεῖθεν
450 2296 520 2349 ἂν
557 2301 715 2365 γνοίη
755 2317 850 2359 τις.

312 2446 367 2485 23
400 2442 528 2486 Dem.
554 2457 598 2498 p.
620 2447 718 2498 243,
739 2447 806 2487 11.
840 2458 883 2499 p.
904 2447 1005 2498 817,
1024 2447 1092 2486 12.
1126 2458 1170 2499 p.
1192 2447 1319 2498 1332,
1339 2448 1363 2485 2

315 2579 338 2617 1
371 2590 416 2617 τι
447 2574 497 2618 in
521 2589 596 2618 ras
620 2575 692 2620 1³⁸
752 2573 797 2619 τί
823 2577 907 2620 Mo
1029 2581 1054 2619 2
1085 2573 1309 2633 τιμωρίας
1332 2576 1378 2619 Ρ
1405 2577 1487 2620 sed
1516 2594 1561 2621 τι
1591 2591 1789 2634 praepos
1813 2577 1882 2620 m⁵

254 2638 278 2675 3
313 2630 436 2677 ἐστίν
461 2634 506 2677 Α
643 2639 667 2677 6
699 2633 784 2689 τὴν
815 2634 940 2678 inser
964 2635 1033 2679 ,Β2
1076 2637 1082 2691 Ι
1124 2642 1205 2692 τῆς
1236 2648 1260 2678 e
1290 2634 1375 2691 τὴν
1409 2649 1511 2679 corr
1537 2637 1606 2679 B*
1748 2640 1773 2679 9
1805 2652 1880 2680 το-

194 2699 381 2747 πρῶτον
418 2693 575 2749 BV11
603 2693 669 2742 εἰς
699 2691 836 2748 μέσον
868 2695 901 2737 Ι
1018 2699 1070 2738 11
1105 2693 1163 2749 δὴ
1196 2707 1271 2738 om
1296 2694 1364 2738 Va
1487 2699 1540 2737 12
1572 2692 1802 2739 ἀπώλλυτ’
1832 2695 1882 2738 in

193 2764 269 2794 ras
302 2751 372 2795 Ρ2
495 2757 548 2794 13
581 2750 765 2807 κάθητο
797 2752 907 2795 libri
939 2753 1030 2796 edd
1155 2759 1209 2796 14
1245 2754 1372 2808 ὑμῶν
1404 2754 1450 2797 Β
1574 2758 1626 2797 15
1661 2755 1881 2798 ἀδικούν-

190 2826 285 2854 των
309 2811 341 2853 I
488 2815 542 2854 16
575 2811 719 2854 αὐτοῦ
749 2812 888 2855 MoV
1034 2816 1086 2854 17
1118 2809 1247 2856 τοῦτ’
1276 2812 1337 2855 Μ
1365 2812 1457 2855 edd
1545 2819 1711 2857 τοῦτον
1737 2815 1821 2857 Mo

194 2872 251 2911 20
295 2867 506 2914 ἐδέὸεκτο
547 2871 683 2913 Patm
730 2870 812 2912 sed.
853 2887 908 2927 γρ
935 2870 1151 2916 ἐδέδοκτο
1194 2871 1242 2914 in
1273 2884 1408 2928 marg
1444 2871 1515 2914 m²
1564 2875 1568 2925 Ι
1619 2871 1762 2928 μηδὲν
1793 2873 1828 2915 Ι

190 2932 250 2970 ,22
285 2946 332 2985 γε
365 2941 440 2971 om
465 2929 525 2985 ΙΙ
553 2927 620 2979 εἰς
651 2927 775 2980 ἅπαξ
805 2929 898 2973 AB

1957 0 1992 231 l

1975 245 1987 286 ,ί
