1992 3094
861 846 999 900 XLI.

194 969 368 1020 Oratio
418 971 575 1036 πρὸς
612 972 1040 1039 4Τιμοκράτην
1095 970 1337 1020 Comitem
1392 971 1609 1022 Orientis
1664 975 1778 1036 post

82 1061 268 1094 annum
310 1046 440 1107 388,
488 1049 531 1095 si
574 1047 708 1096 idem
748 1049 791 1096 is
831 1050 907 1096 est
946 1050 1098 1109 atque
1129 1047 1214 1094 ille
1253 1063 1403 1108 quem
1439 1047 1492 1094 in
1524 1047 1645 1095 Vita
1683 1050 1718 1095 t.
1751 1047 1777 1095 Ι

85 1122 284 1181 197,12
306 1136 377 1182 sq.
403 1121 652 1184 significat
663 1115 720 1188 ¹),
754 1122 1046 1184 conscripta,
1080 1137 1179 1183 qua
1209 1120 1449 1169 Libanius
1475 1137 1587 1169 eum
1609 1124 1779 1170 monet

82 1196 139 1242 ut
170 1211 326 1257 aeque
359 1197 508 1257 atque
539 1195 824 1257 Philagrius
863 1196 1087 1245 decessor
1119 1210 1291 1257 operas
1326 1195 1598 1244 theatrales
1636 1195 1778 1244 flocci

16 1326 20 1331 ·
81 1268 256 1331 faciat,
319 1264 580 1332 ‘corporis'
636 1270 817 1319 finibus
872 1270 1245 1331 circumscripta
1297 1270 1495 1317 mansit.
1585 1269 1777 1319 Parvus

81 1344 238 1407 igitur
282 1360 514 1392 numerus
562 1344 788 1392 codicum
836 1348 910 1393 est
956 1344 1138 1406 quibus
1187 1342 1250 1390 ad
1294 1346 1516 1391 nostram
1563 1346 1778 1392 aetatem

80 1419 320 1480 pervenit.
398 1417 526 1466 Sunt
564 1421 733 1467 autem
770 1419 921 1467 iidem
962 1420 1051 1480 qui
1089 1419 1140 1465 in
1181 1418 1404 1466 oratione
1443 1417 1645 1465 XXXII.

20 1527 22 1530 -
197 1495 241 1540 1.
285 1491 604 1541 Chisianus
647 1493 691 1540 R
722 1493 795 1540 VI
834 1495 903 1541 43
946 1487 1042 1559 (=
1081 1486 1140 1559 O)
1189 1507 1313 1540 saec.
1354 1491 1472 1539 XIV
1511 1493 1596 1540 fol.
1632 1494 1776 1541 2907.

31 1591 33 1593 -
80 1564 207 1615 Vide
246 1583 292 1628 p.
322 1568 427 1614 164
467 1570 517 1615 et
554 1569 588 1615 t.
621 1566 646 1614 I
676 1584 723 1629 p.
753 1570 821 1616 10
838 1583 910 1630 sq.
988 1566 1203 1616 Contuli.

28 1637 33 1681 Γ
197 1642 242 1688 2.
298 1641 673 1689 Monacensis
717 1658 796 1704 gr.
830 1643 936 1690 483
990 1642 1110 1689 olim
1147 1640 1535 1704 Augustanus
1577 1634 1672 1708 (=
1705 1633 1775 1707 A)

24 1698 37 1764 ἒ
84 1729 207 1763 saec.
240 1715 284 1761 X
323 1715 407 1762 fol.
437 1716 556 1763 184.
633 1715 761 1763 Vide
793 1718 828 1764 ὴ.
854 1716 880 1763 Ι
917 1732 965 1778 p.
994 1717 1060 1764 15
1080 1731 1151 1778 sq.
1232 1713 1444 1762 contuli.

198 1790 244 1837 3.
285 1788 618 1837 Vaticanus
656 1790 979 1838 Palatinus
1019 1807 1096 1854 gr.
1133 1791 1236 1837 282
1280 1782 1373 1855 (=
1406 1781 1471 1856 P)
1512 1803 1635 1837 saec.
1660 1788 1777 1835 XIV

31 1867 37 1887 ³
83 1863 167 1910 fol.
197 1865 341 1911 14OV.
418 1863 547 1911 Vide
585 1867 620 1911 t.
649 1864 675 1911 I
712 1882 759 1926 p.
796 1866 864 1913 20
878 1880 950 1926 sq.
1030 1863 1244 1912 Contuli.

28 1992 41 2002 ..
195 1939 243 1985 4.
286 1936 843 1988 Cheltenhamensis
879 1940 1064 1987 10618
1100 1953 1223 1986 saec.
1240 1930 1573 2002 XVlIlXVIII
1604 1936 1689 1984 fol.
1710 1937 1776 1984 33

86 2025 116 2059 a
151 2010 411 2060 Leonardo
450 2012 629 2060 Adami
679 2028 704 2060 e
744 2013 975 2061 Palatino
1021 2012 1351 2074 transcriptus
1398 2026 1509 2059 cum
1555 2010 1780 2059 versione

36 2103 38 2106 ’
84 2083 244 2133 latina
284 2078 393 2150 (fol.
421 2087 488 2134 35
522 2089 573 2134 et
605 2081 714 2153 36).
780 2087 908 2135 Vide
946 2089 984 2135 t.
1015 2087 1040 2134 I
1071 2105 1118 2149 p.
1146 2087 1250 2134 282
1271 2101 1341 2148 sq.
1417 2084 1629 2146 Inspexi.

199 2160 244 2206 5.
284 2160 658 2210 Marcianus
714 2161 975 2224 append.
1024 2160 1136 2209 XCI
1182 2163 1211 2208 2
1262 2152 1356 2226 (=
1395 2157 1441 2221 I)
1498 2174 1621 2207 saec.
1661 2158 1781 2206 XIV

41 2247 43 2253 ’
85 2232 168 2280 fol.
205 2234 349 2281 175&
425 2234 553 2283 Vide
591 2237 626 2282 t.
659 2235 685 2283 I
714 2253 762 2298 p.
791 2237 894 2283 217
915 2252 986 2298 sq.
1066 2234 1279 2283 Contuli.

33 2310 46 2331 ¹·
198 2308 244 2355 6.
284 2307 773 2358 Vindobonensis
812 2310 954 2371 phil.
995 2326 1073 2373 gr.
1106 2307 1270 2356 XCIII
1310 2300 1404 2375 (=
1422 2300 1492 2373 V)
1527 2322 1651 2355 saec.
1683 2306 1782 2354 XII

31 2364 38 2394 ·‘
85 2379 169 2428 fol.
198 2383 344 2430 229³&
420 2382 549 2430 Vide
587 2383 681 2431 t.1
718 2401 766 2446 p.
801 2384 868 2431 35
888 2399 960 2445 sq.
1040 2382 1253 2431 contuli.

42 2510 46 2512 ,
197 2454 271 2503 De
311 2455 621 2519 cognationis
660 2458 861 2506 vinculo
901 2458 1038 2506 valet
1076 2456 1210 2519 quod
1248 2473 1295 2518 p.
1326 2456 1428 2503 148
1470 2455 1586 2502 dixi.

36 2514 49 2593 ἑ
197 2528 364 2577 Unum
395 2530 558 2578 locum
588 2531 888 2580 Macarius
916 2529 1437 2592 Chrysocephalus
1470 2521 1781 2594 excerpsit.²)

37 2607 50 2676 ᾗ

41 2677 53 2725 ἕ,

41 2746 54 2774 3
208 2716 250 2770 1)
282 2713 348 2758 Cf.
376 2714 655 2759 Sieversium
686 2731 732 2772 p.
760 2720 843 2760 189
877 2717 926 2759 et
957 2719 1058 2769 204,
1091 2714 1172 2771 qui
1204 2714 1297 2759 alio
1327 2714 1431 2758 loco
1463 2715 1522 2771 (p.
1550 2716 1654 2771 262)
1680 2726 1782 2756 ora-

42 2774 52 2821 ³.-
86 2770 264 2816 tionem
294 2776 402 2829 post
437 2788 610 2818 annum
641 2778 727 2818 382
761 2775 984 2831 scriptam
1025 2774 1153 2818 dicit.
1217 2773 1308 2818 Sed
1340 2773 1634 2830 aliquantum
1664 2775 1780 2817 tem-

46 2840 56 2891 ζ
86 2831 213 2886 poris
245 2831 368 2877 inter
404 2833 734 2890 magistratum
765 2833 995 2890 Philagrii
1036 2834 1083 2877 et
1118 2833 1377 2877 orationem
1407 2832 1724 2877 intercessisse
1756 2845 1785 2875 e

40 2930 53 2946 ff«
86 2889 240 2933 verbis
270 2906 315 2947 p.
342 2896 510 2944 303‚18
529 2907 595 2949 sq.
630 2893 854 2949 sequitur.

209 2952 252 3006 2)
285 2948 350 2994 cf.
376 2953 409 2994 t.
435 2951 456 2993 Ι
478 2966 524 3007 p.
545 2955 643 2995 351.

50 3022 56 3041 ι

48 3061 62 3094 ξ.
