1992 3094
388 164 617 209 LIBANII
647 163 872 208 ORATIO
906 163 1150 209 CONTRA
1181 164 1436 210 IGARIUM
1468 166 1488 209 I
1727 167 1797 219 39

106 322 224 372 ρων
262 298 323 354 δὲ
363 301 392 354 ὁ
433 301 766 371 στρατιώτης
805 301 1107 368 φεύγοντες
1151 302 1253 370 τὴν
1292 298 1458 355 οὐδὲν
1495 300 1667 355 πλέον
1705 303 1801 355 αὐ-

105 401 221 454 τοῖς
259 389 547 458 φέρουσαν
586 391 976 457 ταλαιπωρίαν.

219 478 305 532 35.
370 482 503 540 Πῶς
549 474 654 531 οὖν
700 478 866 540 αὐτὸς
910 478 1043 547 ἡμῖν
1087 486 1152 549 τῇ
1203 479 1328 548 περὶ
1374 480 1469 542 τὰς
1516 479 1802 549 ἀκροάσεις

87 569 304 630 ’ταύτας
350 566 617 637 ἀκολασίᾳ
662 567 723 619 τὸ
772 574 951 636 χρῆμα
997 576 1109 619 τῶν
1156 569 1337 635 λόγων
1381 567 1639 636 ηὔξηκεν;
1692 566 1799 637 ἐγὼ

104 657 206 724 μὲν
257 657 362 726 γὰρ
410 657 613 718 αὐτοὺς
668 657 747 718 εἰς
793 656 1055 708 ταπεινὸν
1108 656 1347 724 ἡγοῦμαι
1400 656 1798 726 κατενηνέχθαι
1847 677 1866 709 5

103 745 308 808 παντὸς
366 752 466 798 τοῦ
528 743 875 813 βουλομένου
939 753 1054 806 τοῖς
1116 745 1288 797 αὑτοῦ
1352 748 1540 813 λήροις
1591 744 1800 815 ἡμέραν

102 833 520 903 εὑρισκομένου,
561 836 630 886 σὺ
666 833 727 886 δὲ
759 835 1058 902 φιληκοΐαν
1089 841 1253 886 τοῦτο
1286 836 1469 896 καλεῖς
1507 832 1598 886 καὶ
1631 849 1800 886 σπου-

102 923 210 991 δὴν
247 921 373 991 περὶ
413 924 612 991 λόγους
650 925 747 975 καί
789 942 883 991 μοι
930 923 1103 993 φαίνῃ
1151 923 1284 991 μετὰ
1328 923 1429 990 τὴν
1474 930 1574 975 τοῦ
1614 921 1800 975 Ἀπόλ-

104 1015 277 1074 λωνος
325 1012 569 1081 κιθάραν
616 1010 801 1064 ἐλθὼν
848 1009 937 1064 ἐπὶ
984 1012 1079 1074 τὰς
1129 1009 1364 1064 τουτωνὶ
1415 1020 1526 1063 τῶν
1578 1009 1640 1064 ἐν
1684 1019 1800 1073 τοῖς

101 1102 418 1168 καπηλείοις
457 1101 913 1170 προσαιτούντων
949 1098 1177 1163 ἀξιῶσαι
1216 1098 1287 1154 ἂν
1316 1103 1609 1152 καλεῖσθαι
1641 1102 1798 1168 φιλό-
1824 1122 1867 1153 ιο

101 1203 323 1256 μουσος.
401 1188 486 1242 36.
544 1182 640 1242 εἶτ’
672 1189 774 1258 οὐχ
822 1189 980 1259 ὁρᾷς,
1036 1190 1110 1252 ὡς
1157 1190 1206 1241 εἰ
1254 1195 1419 1241 τοῦτο
1470 1190 1643 1242 καλόν
1692 1203 1798 1256 σοι,

102 1280 276 1332 καλὸν
328 1277 419 1331 καὶ
475 1279 818 1344 σκυτοτόμου
875 1292 937 1330 σε
990 1276 1081 1331 καὶ
1136 1270 1375 1347 χαλκέως
1429 1276 1518 1330 ἐπὶ
1569 1278 1799 1330 δεῖπνον

100 1371 406 1429 καλοῦντος
459 1367 768 1420 ὑπακούειν
817 1365 908 1419 καὶ
960 1366 1199 1420 ἐλθόντα
1248 1367 1640 1432 κατακείμενον
1691 1366 1798 1418 δει-

101 1464 263 1509 πνεῖν
299 1454 390 1509 καὶ
430 1452 572 1509 εἶναι
611 1456 710 1509 τὸν
749 1457 919 1509 αὐτὸν
958 1455 1045 1525 ἐφ’
1078 1456 1289 1524 ἁπάσης
1327 1454 1611 1524 τραπέζης;
1661 1453 1695 1522 ’ἢ
1734 1455 1796 1507 τὸ

100 1541 203 1614 μὲν
241 1543 562 1614 φευξόμεθα
611 1543 617 1616 Ι
667 1546 761 1598 διὰ
799 1546 901 1614 τὴν
938 1554 1050 1598 τῶν
1087 1546 1409 1597 καλούντων
1446 1544 1635 1613 τύχην,
1677 1556 1719 1598 R
1742 1555 1886 1599 11128

99 1635 202 1702 τὴν
255 1634 317 1687 δὲ
369 1633 583 1686 τούτων
638 1633 839 1702 ἀηδίαν
892 1633 1267 1703 ἀγαπήσομενς
1324 1633 1425 1686 οὐκ
1481 1629 1652 1685 οἶσθα
1699 1632 1798 1684 τὸν
1822 1653 1864 1684 16

100 1720 187 1790 ἐφ’
221 1721 426 1794 ἑκάστω
480 1731 593 1775 τῶν
647 1723 947 1793 εἰρηκότων
1001 1724 1303 1791 γενόμενον
1357 1721 1589 1789 γέλωτα,
1644 1721 1692 1773 εἰ
1743 1721 1797 1772 οἱ

85 1804 203 1878 μὲν
248 1813 402 1874 ὄντες
447 1819 695 1865 τοιοῦτοι
744 1812 882 1882 πρὸς
929 1810 1214 1874 ἐπιδείξεις
1259 1807 1414 1879 ἧκον,
1469 1812 1538 1862 σὺ
1587 1807 1637 1861 δ’
1666 1808 1797 1861 ὑπε-

99 1901 280 1962 τίθεις
314 1901 523 1953 σαυτὸν
553 1909 671 1963 τοῖς
701 1909 928 1953 τοιαῦτα
962 1899 1253 1969 φέρουσιν,
1293 1894 1373 1951 ὧν
1405 1898 1684 1964 ἀπελθών,
1723 1896 1796 1959 ὡς

89 1987 301 2058 ἀκούω,
363 1988 453 2042 καὶ
510 1989 675 2052 αὐτὸς
727 1988 1039 2056 κατεγέλας;
1101 1990 1280 2042 καίτοι
1334 1990 1519 2059 πολλῷ
1575 1985 1795 2055 βέλτιον
1820 2007 1862 2038 20

101 2076 354 2131 ἀπωθεῖν
417 2076 781 2146 ἐνοχλοῦντας
834 2077 866 2146 ἢ
922 2086 1038 2140 τοῖς
1091 2076 1400 2147 εἰρημένοις
1458 2073 1797 2145 ὑβρισμένον

99 2161 216 2218 εἶτα
254 2175 367 2219 τῶν
406 2168 587 2235 λόγων
625 2175 967 2237 κατηγορεῖν.

215 2254 298 2306 37.
326 2253 447 2308 ”En
485 2258 681 2308 τοίνυν
719 2265 832 2308 τῶν
870 2255 971 2324 μὲν
1008 2257 1265 2324 ἤκουσας,
1304 2263 1416 2306 τῶν
1454 2250 1515 2305 δὲ
1547 2252 1650 2305 οὑκ
1682 2251 1795 2321 ⁷555-

89 2357 247 2405 ’ωσας
286 2344 466 2397 ὄντων
505 2344 673 2397 οὐδὲν
711 2343 940 2398 ἐκείνων
978 2342 1354 2412 φαυλοτέρων,
1400 2341 1537 2394 ὥστε
1576 2354 1666 2394 σοι
1703 2339 1794 2393 καὶ

99 2431 161 2483 τὸ
224 2452 319 2499 της
372 2431 686 2500 ἀνωμαλίας
743 2434 960 2494 ὄνειδος
1015 2430 1440 2501 προσγενέσθαι.
1523 2438 1637 2492 πῶς
1690 2425 1795 2481 οὖν

222 2566 245 2605 1
280 2562 330 2606 δὲ
345 2562 495 2680 Ιούὃεὲν
529 2562 552 2607 ὁ
578 2565 624 2607 Β
686 2562 711 2607 ὁ
745 2576 820 2606 om
843 2562 946 2606 Mor
972 2562 978 2620 1
1007 2561 1259 2618 στρατηγὸς
1285 2534 1369 2605 Mo
1402 2560 1483 2603 sed
1516 2559 1795 2614 στρατιώτης

98 2619 148 2663 in
170 2633 304 2677 marg
456 2638 646 2673 υοντες
676 2622 842 2679 scripsi
874 2635 898 2664 e
933 2622 976 2665 V
1043 2619 1312 2678 φευγόντων
1343 2618 1514 2674 reliqui
1544 2618 1654 2661 libri
1686 2618 1791 2672 edd,

93 2680 225 2734 'quod
249 2622 454 2725 Οοῦιοὺιιε
511 2680 685 2725 011.125
709 2693 954 2756 perperam
979 2694 1063 2735 pro
1087 2679 1364 2736 impemtivo
1389 2678 1535 2721 habet
1656 2681 1680 2719 6
1707 2677 1790 2719 αὐ-

97 2744 180 2782 τοῦ
213 2740 294 2783 IV
453 2740 591 2784 8καὶ
623 2740 683 2797 μὴ
717 2755 907 2793 φαινειν
943 2739 1027 2782 Mo
1051 2738 1153 2781 Mor
1318 2742 1343 2781 9
1379 2736 1454 2780 ἐπὶ
1486 2735 1673 2779 τουτονὶ
1707 2736 1791 2779 Mo

94 2795 199 2840 Mor
361 2804 413 2842 11
447 2745 546 2843 εὸἷτα
578 2799 670 2842 edd
823 2804 876 2841 12
911 2811 959 2841 σε
991 2799 1036 2841 Ρ
1065 2797 1147 2840 sed
1179 2813 1199 2841 ε
1230 2797 1280 2839 in
1303 2810 1378 2839 ras
1404 2795 1486 2849 m2,
1513 2795 1637 2839 BVa
1661 2794 1730 2837 Re

95 2853 149 2899 σὲ
181 2856 225 2900 V
293 2871 366 2901 σοι
395 2857 564 2913 reliqui
595 2858 706 2901 libri
736 2858 839 2901 Mor
972 2861 1025 2899 16
1059 2852 1203 2900 οἶσθα
1235 2857 1281 2900 Ρ
1309 2855 1391 2899 sed
1423 2857 1518 2898 σθα
1550 2853 1599 2896 in
1621 2866 1697 2896 ras
1720 2852 1791 2896 m²

162 2918 214 2957 17
247 2915 498 2973 εἰρημένων
531 2917 576 2961 V
713 2921 768 2960 18
802 2913 1025 2968 ἐπίδειξιν
1063 2915 1125 2958 Re
1152 2918 1159 2969 1
1186 2914 1238 2959 δὲ
1270 2914 1338 2957 Re
1366 2915 1371 2969 Ι
1401 2909 1632 2963 ἐπετίθεις
1662 2912 1732 2956 Va

103 2975 157 3016 19
187 2980 333 3020 ταῦτα
364 2975 490 3020 BVa
611 2980 666 3019 23
700 2973 747 3019 δ’
774 2975 844 3019 Re
965 2980 1023 3018 24
1055 2971 1246 3018 ἐκείνων
1278 2973 1418 3017 οὐδὲν
1452 2973 1536 3016 Mo
1559 2970 1662 3015 Mor
