1992 3094
658 87 1000 132 PRAEFATIO
1033 87 1269 135 CRITICA
1740 94 1802 138 IX

61 255 66 260 ·
120 242 288 275 aurem
328 226 627 286 susurrabit,
673 226 759 274 ubi
804 228 894 275 tali
938 229 1231 290 paraphrasi
1271 246 1393 291 opus
1431 233 1517 293 sit,
1563 233 1646 280 ubi
1689 249 1804 292 non,

120 315 230 348 cum
261 300 374 348 aliis
404 301 516 347 tum
545 298 810 349 Croenerto
843 303 929 363 qui
960 303 1110 350 verba
1142 304 1504 365 simplicissima
1534 324 1581 368 p.
1604 308 1799 367 180‚14

119 371 301 438 ke'yswt
339 370 392 422 δὲ
431 371 514 422 καὶ
552 372 861 438 ἐρωτώμενος
900 373 998 424 ὑπὸ
1038 383 1124 424 τοῦ
1163 384 1372 441 χρηστοῦ
1412 377 1668 442 βασιλέως,
1709 380 1803 449 ὅτῳ

119 445 180 511 δὴ
229 445 432 511 μάλιστα
478 454 575 496 τῶν
630 448 744 516 τῇδε
798 445 1004 513 ἡσθείη,
1058 448 1242 513 τούμὸν
1295 450 1447 500 εἰπεῖν
1494 454 1698 516 ποιῆσαί
1756 472 1801 502 τε

117 519 302 587 ἐρῶντά
341 540 436 586 μου
476 519 562 570 τὸν
594 519 751 586 ἄνδρα
783 525 966 586 μᾶλλον
1002 523 1117 587 ἐρᾶν
1150 523 1304 586 φάναι
1335 543 1381 573 τε
1413 523 1494 573 καὶ
1533 533 1617 590 τῆς
1658 527 1800 594 δεῦρο

116 594 379 659 ἐπιθυμεῖν
429 591 550 644 ὁδοῦ
604 594 724 660 ἐμοῦ
774 596 916 662 χάριν
967 598 1088 645 adeo
1141 614 1399 660 perperam
1453 600 1698 649 intellexit
1746 605 1804 649 ut

118 669 248 731 quod
288 668 346 718 de
387 670 660 718 Theodosio
708 670 894 718 dictum
941 674 1015 719 est
1059 677 1146 734 τῆς
1193 671 1337 737 δεῦρο
1380 671 1643 736 ἐπιθυμεῖν
1682 672 1802 724 ὀδοῦ

116 741 236 806 ἐμοῦ
289 742 430 808 χάριν
442 737 507 810 1),
563 744 626 792 ad
675 744 1018 793 Richomerem
1062 746 1270 793 referret
1322 749 1372 794 et
1420 745 1665 796 ἐπανόδου
1712 764 1802 810 pro

117 813 237 866 ὁδοῦ
285 818 596 866 scribendum
647 820 912 880 coniceret,
967 819 1052 881 qui
1098 819 1248 868 verba
1300 819 1451 868 etiam
1502 822 1804 883 simpliciora

115 893 373 953 p.410,11
401 885 518 957 παρ’
543 889 707 951 ἄλλοις
736 891 788 941 δέ
819 911 871 958 γε
903 890 1135 956 ἀθλητῶν
1166 891 1329 958 ἀγέλαι
1362 892 1587 958 δευτέρας
1619 891 1802 961 ἡμέρας

115 964 185 1024 εἰς
218 964 303 1015 τὸν
335 963 502 1031 ἀγῶνα
535 965 761 1030 δεόμεναι
786 969 1068 1015 coniectura
1102 965 1335 1030 δυόμεναι
1366 969 1598 1030 corrupit,
1629 973 1802 1031 utpote

115 1054 241 1101 quae
303 1041 586 1104 genetivum
630 1038 874 1106 δευτέρας
935 1037 1118 1106 ἡμέρας
1178 1042 1417 1089 relatione
1479 1044 1802 1106 grammatica

114 1113 278 1176 privet
315 1130 404 1163 nec
441 1131 532 1176 per
570 1130 620 1162 se
660 1115 885 1179 intellegi
922 1117 1092 1177 possit.

223 1188 439 1236 Fritzius
479 1189 565 1251 qui
603 1191 734 1237 recte
767 1191 933 1250 sensit,
972 1190 1016 1237 si
1052 1190 1165 1251 plus
1197 1189 1248 1236 in
1280 1190 1372 1237 hoc
1404 1205 1578 1253 genere
1611 1190 1802 1238 efficere

113 1261 392 1323 voluissem,
429 1262 550 1312 fines
589 1263 641 1310 id
671 1263 1009 1311 Bibliothecae
1049 1262 1418 1311 Teubnerianae
1458 1267 1800 1325 superaturum

114 1336 278 1398 fuisse,
308 1337 486 1385 melius
517 1338 669 1386 fuisse
703 1338 856 1385 edixit
886 1339 1083 1399 praeter
1113 1337 1353 1385 minorem
1385 1338 1533 1384 etiam
1566 1339 1799 1385 maiorem

113 1410 374 1459 instituere
406 1411 686 1460 editionem.
756 1412 825 1459 At
858 1413 981 1473 quis,
1022 1427 1218 1473 quaeso,
1259 1410 1426 1459 Sosius
1465 1411 1608 1458 hodie
1647 1412 1800 1459 talem

113 1483 359 1546 duplicem
430 1485 696 1534 editionem
761 1502 964 1548 operum
1024 1484 1411 1532 Libanianorum
1481 1478 1800 1550 suscipietP2)

112 1558 326 1606 Mediam
371 1559 512 1607 illam
550 1561 686 1607 viam
733 1576 858 1622 quae
905 1575 1004 1607 una
1042 1559 1165 1606 mihi
1203 1559 1310 1606 visa
1350 1561 1425 1606 est
1464 1559 1688 1621 eligenda
1726 1559 1799 1605 in-

114 1632 228 1680 iisse
267 1650 327 1680 ne
367 1649 496 1682 nunc
536 1633 734 1695 quidem
772 1650 850 1682 me
888 1634 1123 1695 paenitet.

223 1706 296 1754 De
328 1708 474 1756 rebus
514 1708 1002 1772 orthographicis
1036 1708 1271 1768 quoniam
1303 1722 1444 1768 spero
1476 1706 1597 1753 mihi
1629 1706 1799 1754 datum

111 1781 175 1828 iri
214 1783 346 1829 stare
392 1784 633 1844 promisso
681 1783 848 1830 omnia
887 1797 1011 1843 quae
1052 1781 1115 1828 ad
1160 1782 1275 1828 illas
1313 1781 1563 1842 pertinent
1602 1782 1798 1840 copiosa

113 1853 448 1917 disputatione
480 1856 746 1917 tractandi,
777 1871 906 1904 nune
937 1855 1050 1903 volo
1083 1871 1186 1903 esse
1215 1854 1545 1902 brevissimus.
1601 1853 1656 1900 In
1690 1855 1798 1900 uni—

112 1943 307 1977 versum
345 1929 535 1979 codices
572 1931 785 1993 optimos
825 1931 970 1978 duces
1010 1929 1282 1990 sequendos
1322 1944 1424 1976 esse
1464 1929 1629 1975 statui.
1699 1927 1797 1975 Ita·

112 2018 208 2064 que
248 2018 359 2051 cum
392 2002 685 2053 Croenertus
725 2021 824 2052 non
863 2003 998 2062 σώζω
1037 2006 1087 2051 et
1126 2003 1264 2062 ζῶον,
1303 2002 1387 2049 6611
1426 1997 1554 2068 σῴζω
1594 2005 1642 2048 et
1681 2002 1799 2067 ζῷον

112 2076 420 2125 scribendum
460 2079 612 2127 fuisse
648 2078 783 2139 dicit,
822 2078 1005 2126 formas
1045 2092 1171 2139 quae
1202 2078 1305 2124 iota
1338 2075 1584 2136 adscripto
1617 2077 1799 2132 carent,

111 2150 213 2197 fere
252 2166 465 2214 semper,
504 2153 688 2200 formas
730 2168 854 2214 quae
893 2150 1018 2198 illud
1056 2150 1261 2210 habent,
1300 2150 1382 2197 vix
1421 2149 1495 2195 bis
1535 2151 1705 2209 terque
1743 2149 1791 2194 in

112 2224 312 2286 optimis
345 2225 594 2275 codicibus
629 2225 773 2275 CAV
802 2228 993 2273 exstare
1033 2227 1081 2272 et
1121 2225 1207 2272 hos
1247 2225 1379 2285 ipsos
1420 2222 1608 2270 codices
1648 2223 1797 2268 etiam

111 2297 282 2347 formis
322 2300 492 2361 quales
524 2303 642 2349 sunt
680 2297 799 2360 ἅνω,
837 2298 1019 2363 πόρρω,
1056 2313 1316 2360 perperam
1354 2296 1459 2344 iota
1497 2295 1795 2356 adscriptum

231 2486 273 2540 1)
307 2483 372 2528 Cf.
398 2485 458 2528 ad
483 2487 515 2529 t.
540 2485 603 2528 ΠΙ
627 2489 809 2538 441,15.
1707 2537 1715 2545 ,

230 2545 274 2600 2)
307 2543 507 2587 Fallitur
537 2544 735 2588 Fritzius
769 2557 873 2587 cum
904 2541 1143 2586 Reiskiam
1175 2543 1362 2597 praeter
1403 2539 1623 2582 minorem
1655 2539 1794 2580 etiam

111 2600 335 2645 maiorem
367 2603 619 2647 editionem
651 2603 895 2646 incohasse
928 2600 1169 2645 contendit
1200 2615 1243 2657 p.
1272 2604 1369 2643 256.
1436 2597 1620 2640 ‘Maior’
1655 2609 1795 2651 quam

113 2658 228 2704 dicit
259 2661 388 2705 nulla
421 2662 516 2706 alia
546 2675 596 2706 re
627 2662 719 2705 nisi
750 2662 898 2705 forma
930 2660 1148 2704 foliorum
1181 2672 1208 2702 a
1243 2657 1456 2701 ‘minore'
1492 2656 1648 2698 distat.
1711 2653 1796 2696 Ne-

112 2731 202 2773 que
232 2720 404 2765 rectius
437 2735 486 2766 66
512 2721 656 2765 habet
680 2721 806 2777 quod
829 2719 1103 2763 Croenertus
1135 2733 1179 2774 p.
1201 2721 1284 2759 730
1318 2717 1458 2760 etiam
1491 2713 1795 2781 epistularum

112 2777 366 2823 editionem
413 2793 441 2822 a
478 2779 670 2824 Reiskio
718 2780 1069 2836 praeparatam,
1117 2777 1198 2820 sed
1246 2775 1303 2819 ab
1350 2787 1489 2817 uxore
1536 2787 1626 2839 non
1648 2774 1795 2838 'toras

111 2834 301 2880 missam
326 2837 454 2882 dicit.
509 2838 727 2883 Reiskius
752 2836 977 2894 epistulas
1010 2835 1128 2893 legit
1158 2838 1206 2879 et
1237 2833 1512 2885 emendavit,
1545 2831 1794 2875 editionem

111 2907 205 2938 non
234 2897 543 2954 praeparavit.
