1992 3094
167 87 238 139 90
680 81 906 125 LIBANII
938 81 1161 126 ORATIO
1194 81 1320 124 XXX

165 230 259 290 τῆς
296 227 474 274 τοῦτο.
542 216 633 270 καὶ
664 218 798 286 μετὰ
827 224 924 285 τῆς
953 226 1065 269 τῶν
1096 222 1248 269 θεῶν
1278 214 1513 270 τουτωνὶ
1546 217 1854 284 συμμαχίας

167 309 411 370 ἐπιόντες
441 305 692 375 Ῥωμαῖοι
731 314 846 368 τοῖς
891 304 1162 368 ἐναντίοις
1206 306 1507 374 μαχόμενοί
1550 324 1605 357 τε
1654 302 1853 357 ἐνίκων

166 396 255 450 καὶ
302 397 645 464 νενικηκότες
690 396 885 462 βελτίω
933 402 1047 456 τοῖς
1093 392 1411 462 ἡττημένοις
1457 401 1556 445 τοῦ
1604 393 1710 460 πρὸ
1757 400 1853 461 τῆς

79 498 183 541 RH
202 502 286 541 160
326 486 486 553 ἥττης
534 482 540 554 Ι
590 484 689 536 τὸν
737 481 816 535 ἐπ’
856 483 993 552 αὐτῇ
1034 484 1239 552 χρόνον
1277 481 1506 534 ε’ποιόυν
1545 483 1756 549 φόβους
1794 501 1852 534 τε

123 595 142 628 5
168 572 461 642 ἀφελόντες
498 573 587 625 καὶ
625 574 902 634 πολιτειάς
939 579 1035 639 τῆς
1074 571 1258 624 αὑτῶν
1297 571 1635 640 μεταδόντες.

280 661 327 714 6.
384 662 614 714 Παίδων
652 662 845 714 τοίνυν
892 660 1047 729 ἡμῶν
1094 661 1272 712 ὄντων
1317 664 1576 728 καθαιρεῖ
1613 656 1716 725 μὲν
1753 660 1852 716 τὸν,

166 752 596 820 περιυβρίσαντα
641 750 742 818 τὴν
773 747 982 818 Ῥώμην
1021 748 1049 802 ὁ
1093 751 1357 801 Γαλατῶν
1395 746 1477 800 ἐπ’
1509 747 1680 800 αὐτὸν
1719 747 1852 816 ἀγα-

168 840 282 907 γὼν
328 839 715 907 στρατόπεδον,
773 840 827 891 οἳ
870 843 1027 900 θεοῖς
1081 836 1329 905 ἐπῆλθον
1373 839 1648 906 πρότερον
1698 835 1850 900 εὐξά-

77 940 277 983 R11161
318 947 498 995 μενοι,
545 929 816 994 κρατήσας
856 924 915 978 δὲ
955 924 1045 978 καὶ
1086 925 1287 995 ἀνδρὸς
1336 924 1341 996 Ι
1393 923 1473 978 ἐπ’
1504 923 1693 997 ἐκείνῳ
1732 934 1850 988 ταῖς

101 1038 143 1070 ιο
165 1018 395 1069 πόλεσιν
433 1014 631 1068 ἀνθεῖν
676 1015 1079 1083 παρεσχηκότος
1129 1013 1470 1082 ἡγησάμενος
1510 1014 1658 1085 αὑτῷ
1698 1017 1850 1067 λυσι-

165 1108 342 1157 τελεῖν
379 1102 568 1173 ἕτερόν
605 1123 729 1155 τινα
768 1105 1009 1169 νομίζειν
1046 1103 1185 1155 θεὸν
1223 1103 1299 1165 εἰς
1336 1100 1437 1169 μὲν
1474 1104 1576 1171 τὴν
1621 1111 1715 1172 τῆς
1754 1106 1850 1157 πό-

76 1205 278 1249 R11162
334 1196 467 1254 λεως
512 1190 636 1261 περὶ
682 1191 752 1259 ἣν
806 1190 1113 1244 ἐσπούδασε
1167 1193 1394 1259 ποίησιν
1450 1190 1456 1262 Ι
1512 1200 1628 1254 τοῖς
1683 1193 1851 1261 ἱεροῖς

166 1279 426 1350 ἐχρήσατο
466 1283 718 1349 χρήμασι,
758 1288 852 1348 τῆς
890 1281 1026 1333 κατὰ
1056 1282 1261 1346 νόμους
1302 1277 1362 1332 δὲ
1401 1283 1702 1349 θεραπείας
1741 1280 1848 1334 ἐκί-

166 1384 331 1438 νησεν
388 1365 518 1422 οὐδὲ
573 1367 659 1436 ἕν,
723 1368 841 1422 ἀλλ’
879 1365 949 1437 ἧν
1001 1370 1102 1436 μὲν
1164 1368 1226 1422 ἐν
1278 1378 1394 1432 τοῖς
1449 1370 1617 1438 ἱεροῖς
1670 1373 1848 1438 πενία,

100 1479 140 1511 15
165 1465 344 1526 παρῆν
384 1454 444 1510 δὲ
484 1457 622 1525 ὁρᾶν
668 1459 880 1510 ἅπαντα
924 1458 1095 1511 τᾶλλα
1139 1459 1508 1527 πληρούμενα.
1587 1458 1632 1510 7.
1687 1478 1847 1512 κατα-

164 1546 335 1614 βάσης
374 1542 434 1598 δὲ
472 1554 567 1614 τῆς
607 1545 774 1615 ἀρχῆς
805 1545 892 1599 ἐπὶ
923 1548 1023 1600 τὸν
1061 1545 1114 1610 ἐξ
1141 1546 1374 1613 ἐκείνου,
1413 1551 1623 1616 μᾶλλον
1654 1544 1716 1600 δὲ
1747 1555 1846 1600 τοῦ

75 1646 277 1690 R11163
311 1637 596 1703 σχήματος,
632 1632 637 1704 Ι
673 1635 744 1697 ὡς
782 1637 844 1688 τό
885 1654 946 1703 γε
978 1644 1200 1705 κρατεῖν
1238 1634 1439 1704 ἑτέρων
1477 1633 1565 1704 ἦν,
1605 1629 1686 1699 οἷς
1727 1637 1759 1705 ἡ
1793 1635 1847 1700 ἐξ

165 1722 332 1791 ἀρχῆς
370 1724 714 1790 παιδαγωγία
752 1724 843 1776 καὶ
880 1724 941 1776 τὸ
981 1723 1137 1793 μέχρι
1175 1726 1380 1787 παντὸς
1413 1730 1536 1778 ἴσον
1568 1725 1848 1778 δύνασθαι

164 1809 450 1879 παρέσχεν,
506 1806 667 1873 οὗτος
721 1807 824 1864 οὗν
878 1810 939 1865 ἐν
991 1819 1065 1885 τῷ
1121 1814 1445 1866 κελεύεσθαι
1499 1811 1623 1881 παρ’
1665 1813 1848 1866 αὐτῶν

100 1919 142 1952 20
165 1899 474 1966 βασιλεύων
513 1900 649 1952 ἄλλα
694 1919 751 1952 τε
792 1900 858 1953 οὐ
898 1901 1036 1952 καλὰ
1073 1903 1323 1954 πείθεται
1363 1902 1452 1954 καὶ
1492 1900 1669 1971 μηκέτ’
1705 1895 1846 1955 εἶναι

283 2078 307 2116 6
341 2073 641 2117 Maxentium.
674 2074 730 2118 cf.
757 2074 987 2118 Ζοε.Π16
1109 2079 1135 2118 9
1169 2076 1349 2120 Licinii.
1384 2075 1440 2120 cf.
1468 2076 1719 2121 Zos.1128.
1761 2077 1844 2120 [ul.

165 2131 298 2175 ConV.
325 2147 369 2188 p.
389 2136 474 2175 328
491 2132 530 2175 D
549 2147 615 2187 sq.
740 2138 792 2176 12
818 2133 876 2178 cf.
895 2148 956 2178 or.
972 2134 1093 2177 LXV
1109 2134 1216 2178 13.OE
1232 2140 1332 2187 436,
1346 2140 1398 2178 17
1414 2151 1479 2191 sq.
1492 2136 1531 2178 R
1654 2140 1709 2179 20
1735 2135 1842 2179 Cod.

164 2190 336 2234 Theod.
355 2190 459 2234 XVI
479 2196 600 2246 10‚2.
633 2197 673 2235 4.
709 2197 747 2236 5.
783 2198 808 2236 6

284 2365 336 2403 16
362 2360 688 2405 Κωνστάντιον
713 2360 831 2418 λέγει
854 2362 935 2405 τὸν
958 2369 1040 2406 τοῦ
1058 2362 1257 2420 μεγάλου
1275 2363 1631 2408 Κωνσταντίνου
1656 2363 1762 2408 υἱόν
1780 2365 1844 2409 P³

284 2535 304 2571 1
346 2529 520 2573 τούτων
547 2530 607 2573 Μ
783 2535 807 2573 2
852 2530 896 2574 οἱ
929 2528 1124 2587 ῥ’ωμαῖοι
1158 2533 1202 2576 Β
1382 2538 1408 2576 4
1449 2530 1546 2589 μετ’
1575 2533 1722 2588 αὐτὴν
1749 2535 1791 2577 V

163 2592 188 2630 5
222 2588 373 2632 αὐτῶν
405 2589 436 2631 Ι
457 2587 548 2631 Got
670 2592 692 2630 7
726 2590 910 2645 γνώμην
943 2589 1034 2633 Got
1075 2592 1081 2647 Ι
1124 2591 1267 2635 αὐτοῦ
1295 2592 1337 2634 V
1459 2597 1483 2635 9
1517 2590 1677 2636 ἐκείνω
1702 2594 1737 2635 Ι
1762 2593 1842 2635 sed

163 2644 269 2691 είνω
317 2660 372 2690 ex
404 2653 499 2690 εῖνο
548 2659 649 2690 corr
678 2647 747 2689 m³
838 2647 996 2707 ἐκείνῳ
1030 2650 1075 2693 Β
1123 2650 1204 2694 sed
1242 2647 1254 2663 '
1292 2652 1339 2693 et
1370 2653 1388 2662 ⁹
1422 2653 1469 2694 et
1509 2667 1544 2708 ῳ
1591 2651 1684 2694 add
1714 2650 1784 2694 m²

165 2709 219 2747 10
251 2706 374 2765 αὐτῷ
399 2705 445 2749 Ρ
473 2705 554 2748 sed
578 2702 590 2719 ‘
629 2704 678 2747 in
701 2719 776 2748 ras
800 2706 870 2749 m⁸
930 2708 1052 2751 αὐτῶ
1077 2709 1112 2751 I
1117 2709 1160 2751 V
1181 2707 1271 2752 Got
1331 2716 1455 2753 αυτῶ
1491 2711 1535 2755 U
1649 2715 1701 2753 13
1733 2709 1842 2767 χρή-

164 2778 302 2820 μασιν
327 2767 370 2808 Α
524 2768 577 2806 14
609 2763 748 2808 οὐδὲν
780 2764 828 2809 ἓν
862 2765 951 2809 Got
1104 2771 1157 2810 15
1191 2766 1305 2822 ὁρᾶν
1338 2781 1413 2810 om
1438 2769 1482 2812 B
1525 2772 1530 2823 ξ
1573 2771 1714 2812 τᾶλλα
1738 2770 1783 2812 A

165 2825 217 2864 16
244 2820 472 2875 ἐξεκείνου
491 2823 534 2866 Β
621 2827 694 2904 517
721 2822 749 2878 ἡ
766 2822 890 2867 inser
907 2825 962 2868 Ι3
990 2828 995 2880 1
1026 2825 1218 2882 ἐξαρχῆς
1235 2827 1334 2869 BV
1437 2832 1490 2870 18
1516 2827 1635 2885 ἴσον]
1656 2823 1840 2871 εἶναιΒ

223 2886 276 2922 19
309 2879 394 2924 οὖν
425 2882 548 2924 inser
580 2883 626 2924 I·
