1992 3094
664 106 1005 151 PRAEFATIO
1040 106 1278 152 CRITICA
1698 107 1820 151 LVII

856 245 944 295 Or.
977 247 1107 294 XIX.

245 353 291 398 p.
326 337 446 398 386,
481 338 514 383 4
560 335 893 400 κριθήσεσθαι
935 334 1027 402 γὰρ
1067 332 1283 402 ἡγοῦμαι
1328 343 1386 404 τῇ
1427 335 1597 405 γνώμῃ
1640 340 1822 401 μᾶλλον

137 407 167 474 ἢ
221 413 321 468 τοῖς
374 407 463 474 οὐχ
516 408 758 474 ὑπάρξασι
811 416 899 458 τοῦ
954 410 1131 458 δοῦναι
1183 410 1386 476 κυρίοις.
1463 410 1822 459 Herwerdenus

137 483 362 532 adnotat:
416 484 559 544 ‚rNon
613 487 800 531 tantum
855 483 1031 532 δοῦναι
1086 487 1364 544 corruptum
1417 488 1504 545 est,
1550 487 1634 533 sed
1681 488 1824 534 etiam

135 558 372 618 quaedam
419 559 698 606 caeciderunt
742 561 852 606 ante
905 559 1053 606 verba
1106 562 1206 617 τοῖς
1260 557 1350 622 οὐχ
1402 556 1658 623 ὑπάρξασι.
1735 561 1822 607 In-

135 633 415 692 telleqere‘m:
462 631 791 696 κριθήσεσθαι
839 630 930 697 γὰρ
971 628 1187 698 ἡγοῦμαι
1234 638 1292 699 τῇ
1340 632 1512 700 γνώμῃ
1562 635 1744 696 μᾶλλον
1791 631 1822 697 ἢ

134 702 233 773 (τῷ
272 704 550 770 χρήσασθαι
596 701 793 771 λόγοις)
839 710 941 764 τοῖς
995 705 1084 770 οὑχ
1137 704 1381 771 ὑπάρξασι
1434 713 1520 754 τοῦ
1574 707 1824 755 δύνασθαι

137 773 475 846 (Boissonade,
509 781 679 828 ‘malim
711 774 965 846 διανύσαι)
997 778 1236 846 κυρίοις.“
1285 779 1355 827 At
1386 780 1512 828 nihil
1537 785 1824 843 corruptum

131 853 342 914 videtur,
381 853 506 901 nihil
539 854 789 902 excidisse.
822 852 881 902 τὰ
912 853 1002 919 οὐχ
1033 852 1316 920 ὑπάρξαντα
1351 861 1438 902 τοῦ
1472 854 1649 903 δοῦναι
1679 855 1824 921 κύρια

136 922 214 993 (=
248 943 304 976 ea
334 929 508 988 quibus
538 931 753 990 potestas
785 929 939 977 dandi
969 943 1068 976 ‘non
1108 922 1233 995 erat)
1267 930 1343 976 est
1374 929 1527 977 dictio
1562 929 1823 977 artificiose

135 1003 359 1064 quaesita
408 1002 471 1050 ad
521 1002 911 1050 adumbrandam
960 1003 1101 1050 illam
1147 1003 1437 1050 facultatem
1489 1004 1699 1051 oratoris
1746 1006 1826 1052 cui

135 1076 327 1138 aliquid
366 1076 482 1123 dare
522 1078 554 1124 i.
596 1093 652 1127 e..
677 1076 867 1125 efficere
906 1093 1006 1126 non
1045 1077 1202 1125 licuit.

244 1182 291 1227 p.
327 1166 455 1226 386,
491 1167 519 1213 9
569 1163 661 1231 ἐγὼ
717 1163 768 1214 δὲ
823 1164 875 1214 τὸ
932 1162 1020 1229 μὲν
1083 1163 1238 1230 μηδὲν
1293 1164 1346 1214 ἐκ
1400 1173 1497 1215 τῶν
1551 1164 1825 1231 λεγομένων

135 1237 337 1288 ἔσεσθαί
366 1257 449 1303 μοι
488 1237 714 1303 δυσχερὲς
745 1237 842 1288 ἀπὸ
875 1247 961 1305 τῆς
993 1247 1083 1303 σῆς
1115 1239 1311 1303 φύσεως
1342 1234 1472 1305 εἶχον
1511 1239 1593 1288 καὶ
1624 1239 1823 1306 τρόπου.

134 1314 307 1375 Neque
362 1313 691 1377 μαντεύεσθαι
744 1315 824 1362 vel
878 1314 1225 1379 τεκμαίρεσθαι
1274 1318 1389 1377 post
1437 1313 1644 1380 τρόπου,
1699 1331 1824 1376 quae

135 1387 232 1435 fuit
277 1388 467 1436 Reiskii
512 1388 780 1448 sententia,
833 1389 1016 1437 excidit
1062 1405 1220 1450 neque
1267 1383 1396 1453 εἶχον
1444 1405 1555 1437 cum
1600 1389 1823 1437 Herwer·

135 1462 260 1510 deno
299 1463 352 1509 in
391 1460 548 1527 ἔγνων
586 1463 882 1510 mutandum
922 1465 1011 1510 est.
1088 1463 1255 1510 Verba
1293 1463 1483 1510 tradita
1520 1463 1824 1526 plusvsigni-

135 1535 285 1584 ficant
325 1552 474 1597 quam
514 1536 852 1585 additamento
893 1537 1163 1584 Reiskiano
1203 1530 1375 1598 aucta3
1423 1538 1668 1598 quomodo
1707 1553 1824 1586 vero

136 1609 373 1658 articulus
413 1608 466 1658 τὸ
504 1615 635 1658 stare
667 1613 839 1673 possit,
880 1613 923 1658 si
953 1611 1274 1659 Herwerdeni
1307 1613 1580 1672 accipiatur
1611 1612 1825 1659 mutatio

134 1700 223 1746 per
262 1699 311 1732 se
351 1700 528 1747 parum
566 1684 854 1747 probabilis,
893 1701 970 1732 me
1011 1687 1241 1748 ignorare
1281 1686 1528 1736 confiteor.

246 1789 292 1835 p.
321 1774 443 1834 388,
471 1776 539 1821 20
579 1771 661 1822 καὶ
699 1772 834 1822 τουτὶ
873 1772 926 1823 τὸ
966 1773 1119 1823 κακὸν
1166 1773 1307 1823 ἔλθοι
1347 1771 1435 1838 μὲν
1483 1771 1545 1822 ἄν
1591 1791 1706 1822 ποτε
1745 1772 1826 1821 καὶ

137 1843 215 1895 ἐπὶ
255 1845 464 1913 σμικραν
496 1846 656 1912 πόλιν,
696 1842 776 1906 αἷς
815 1846 868 1897 δέ
907 1847 1005 1897 ἐστι
1045 1846 1247 1914 μεγέθη,
1287 1847 1412 1896 πολὺ
1451 1855 1594 1896 τοῦτο
1627 1847 1679 1897 ἐν
1711 1847 1826 1895 ταύ-

136 1938 253 1979 ταις.
330 1921 690 1971 Herwerdenus
737 1921 913 1970 τούτου
954 1919 1190 1986 <μεῑζον>
1237 1925 1287 1970 et
1333 1922 1570 1970 Polakius
1609 1918 1826 1986 <πλέον>

136 2001 276 2043 τοῦτο
322 2011 412 2057 pro
460 2002 602 2044 τοῦτο
651 1997 976 2045 coniecerunt.
1062 1997 1306 2044 Neutrum
1352 1997 1529 2059 placet.
1605 1997 1736 2044 Nam
1774 1996 1826 2042 in

137 2068 298 2130 priore
344 2068 521 2118 τούτου
568 2086 666 2118 non
712 2071 863 2119 habet
914 2087 1010 2133 quo
1057 2071 1322 2131 referatur,
1377 2071 1428 2117 in
1476 2071 1632 2118 altero
1679 2067 1826 2118 πλέον

136 2142 327 2191 inutile.
389 2142 515 2192 πολὺ
557 2147 631 2192 est
668 2145 1004 2192 nominativus
1036 2144 1333 2206 praedicati:
1371 2147 1425 2192 in
1462 2146 1538 2192 his
1568 2146 1652 2192 hoc
1682 2144 1826 2191 mul-

0 2249 1 2278 3
138 2219 252 2264 tum
291 2219 377 2273 est,
417 2220 474 2265 ut
511 2220 547 2265 t.
577 2218 656 2266 HI
687 2220 867 2275 474,1.

248 2322 295 2367 p.
330 2307 452 2366 395,
482 2307 546 2354 16
574 2302 652 2354 ”H
684 2300 776 2356 οὖν
815 2305 977 2371 ἕτερόν
1016 2321 1067 2355 σε
1107 2307 1187 2355 δεῖ
1218 2305 1450 2372 γενέσθαι
1489 2307 1701 2371 σήμερον
1744 2304 1825 2354 καὶ

139 2375 242 2427 ἅνω
280 2387 513 2443 ποταμῶν
544 2385 858 2446 πορευθῆναι
888 2379 941 2429 τὸ
972 2388 1185 2446 πρᾶγμα.
1245 2381 1436 2429 Iniuria
1467 2381 1825 2429 Herwerdenus
1887 2376 1891 2380 “

139 2452 343 2500 verbum
391 2454 633 2502 traditum
677 2459 991 2519 πορευθῆναι
1043 2457 1096 2502 in
1143 2457 1471 2517 suspicionem
1525 2457 1723 2503 vocavit
1777 2459 1827 2502 et

141 2542 249 2574 cum
290 2527 470 2592 ρ”υῆναι
509 2529 802 2576 mutandum
842 2529 1034 2577 censuit
1070 2531 1327 2577 immemor
1365 2529 1450 2576 ille
1490 2529 1687 2591 quidem
1727 2529 1825 2575 for-

143 2616 250 2649 mae
287 2602 535 2662 proverbii
575 2618 724 2663 quam
763 2603 915 2651 attuli
953 2599 1056 2650 ὀὲνω
1095 2610 1328 2666 ποταμῶν
1360 2610 1618 2668 χωροῦσι
1657 2603 1824 2667 πηγαί.

250 2706 298 2751 p.
333 2691 453 2751 398,
484 2693 508 2737 1
552 2689 635 2738 καὶ
666 2689 991 2756 προελθόντες
1022 2684 1081 2739 οὗ
1118 2690 1403 2755 Φλαβιανὸν
1434 2689 1660 2757 εὑρήσειν
1691 2690 1823 2754 ἔμελ-

142 2764 243 2824 λον,
283 2762 372 2827 οὐχ
409 2761 633 2829 εὑρόντες
670 2759 771 2813 εἶτα
810 2762 1123 2829 ἀνέστρεφον.
1186 2765 1543 2813 Herwerdenus
1583 2764 1670 2829 οὐχ
1710 2768 1824 2812 ante

140 2833 364 2900 εὑρήσειν
402 2838 739 2900 inserendum,
787 2838 1022 2886 Polakius
1069 2837 1267 2901 ἔμελλον
1306 2854 1418 2886 cum
1456 2837 1679 2902 ἐνόμιζον
1718 2855 1823 2886 11111-

141 2910 347 2957 tandum
386 2912 602 2968 censuit,
648 2914 824 2960 neuter
862 2912 1054 2959 ratione
1093 2912 1266 2960 habita
1305 2929 1422 2961 usus
1462 2913 1600 2962 verbi
1640 2910 1825 2976 μέλλειν
