1992 3094
473 104 702 149 LIBANII
735 104 959 149 ORATIO
991 105 1110 150 PRO
1143 105 1475 151 THALASSIO
1718 108 1820 160 311

130 238 174 296 ὦ
206 249 283 310 γῆ
321 241 427 294 καὶ
466 241 633 308 ἥλιε,
667 241 802 309 μετὰ
832 248 932 293 τοῦ
965 241 1067 309 τὴν
1097 250 1252 310 χεῖρα
1282 242 1420 310 πρὸς
1451 242 1551 295 τὸν
1583 243 1827 313 οὐρανὸν

130 335 311 400 αἴρειν
348 328 499 398 ἐβόα,
543 329 911 392 Θαλάσσιος
949 337 1060 397 τῆς
1097 329 1411 398 ἡμετέρας
1449 333 1715 399 βουλῆς;

245 418 293 470 7.
347 416 459 470 Καὶ
497 419 556 471 τί
594 418 806 485 δεινόν,
854 414 895 470 ὦ
933 417 1174 483 Ὀπτάτε;
1222 417 1491 489 ἐλευθέρα
1537 417 1639 489 μὲν
1685 421 1832 493 αὐτῷ

131 509 331 577 μήτηρ,
379 505 677 575 ἐλεύθερος
725 503 786 559 δὲ
835 506 863 560 ὁ
910 510 1114 576 πατήρ,
1164 508 1343 577 τροφὴ
1392 508 1454 561 δὲ
1499 507 1561 562 ἐν
1604 511 1826 581 πλούτῳ

129 592 234 665 μὲν
271 595 356 664 οὔ,
397 594 460 649 ἐν
496 593 644 658 τάξει
685 593 760 647 δέ.
838 602 946 648 νῦν
985 596 1047 649 δὲ
1087 596 1154 664 δὴ
1194 594 1286 649 καὶ
1326 596 1489 649 οὐσία
1527 606 1638 650 τῶν
1676 603 1828 651 θεῶν
1873 619 1894 651 5

131 683 514 753 βουλομένων,
561 684 634 752 ἣν
680 684 808 737 οὔτε
856 682 918 736 ἐν
963 684 1158 752 κύβοις
1197 685 1323 738 οὔτε
1371 684 1431 738 ἐν
1473 688 1661 748 πότοις
1701 687 1828 739 οὔτε

130 772 193 827 ἐν
233 776 459 844 λαγνείᾳ
489 774 788 841 πεποίηκεν
820 772 1040 842 ἐλάττω,
1081 772 1198 827 ἀλλ’
1233 770 1293 826 εὗ
1334 783 1510 827 ποιῶν
1540 777 1669 837 τοὺς
1708 776 1827 828 δεο-

129 861 333 931 μένους
376 870 489 914 τῶν
528 863 711 931 φίλων
748 862 839 915 καὶ
887 863 1018 925 τοὺς
1055 869 1368 926 πονοῦντας
1408 863 1554 935 αὐτῷ
1591 864 1715 933 περὶ
1761 864 1827 916 τὰ

129 952 278 1020 παρὰ
324 958 420 1019 τῆς
466 958 566 1020 γῆς
612 949 824 1020 ἀνέχων
872 950 1242 1004 διατετέλεκεν
1293 946 1439 1005 εἶναί
1485 971 1542 1005 τε
1592 955 1829 1019 νομίζων

129 1042 302 1102 θεοὺς
346 1038 438 1093 καὶ
484 1039 587 1093 τάν
632 1047 697 1110 τῇ
747 1047 814 1110 γῇ
863 1045 1140 1109 καθορᾶν,
1197 1041 1270 1103 ὡς
1323 1042 1468 1103 εἰκὸς
1513 1041 1612 1094 τὸν
1656 1048 1828 1093 ταῦτα
1852 1063 1897 1094 ιο

129 1127 522 1198 πεπεισμένον,
575 1129 767 1197 διάγει.
845 1131 998 1200 γάμῳ
1046 1149 1103 1182 τε
1151 1127 1431 1198 ἐρρῶσθαι
1478 1130 1692 1198 φράσας
1737 1130 1828 1182 καὶ

130 1225 302 1271 πᾶσιν
341 1217 695 1288 ἀφροδισίοις
731 1219 903 1271 παῖδα
946 1215 1047 1286 μὲν
1088 1220 1094 1287 Ι
1137 1215 1284 1287 ἔχειν
1323 1217 1384 1272 ἐν
1430 1216 1549 1287 ἐμοὶ
1590 1238 1681 1271 νο-
1712 1229 1917 1273 RH393

129 1310 269 1374 μίξει
308 1313 383 1380 τῷ
417 1306 663 1377 γέροντι,
709 1316 822 1360 τῶν
861 1305 909 1359 δ’
941 1305 1004 1360 ἐν
1041 1316 1159 1370 ταῖς
1206 1308 1396 1370 ἄλλαις
1442 1305 1655 1375 μίξεσιν
1701 1306 1829 1375 ἡδο-

128 1405 247 1449 νῶν
293 1396 457 1464 ἥδιον
503 1396 565 1449 τὸ
617 1397 689 1465 μὴ
738 1397 955 1458 τούτοις
1002 1397 1253 1464 ἥδεσθαι.
1331 1397 1378 1447 8.
1434 1396 1591 1448 ἵπποι
1639 1391 1699 1447 δὲ
1738 1395 1828 1447 καὶ

130 1485 344 1554 ἅρματα
383 1485 473 1538 καὶ
514 1486 686 1554 σκηνὴ
723 1483 814 1538 καὶ
854 1485 1069 1553 ἡνίοχοι
1109 1483 1199 1537 καὶ
1239 1484 1417 1537 πάντα
1454 1492 1625 1537 ταῦτα
1664 1482 1827 1552 ἀπέρ-
1851 1504 1895 1537 15

130 1592 344 1643 ριπται,
390 1572 482 1626 καὶ
527 1575 773 1642 λοιδορεῖ
818 1570 920 1641 μὲν
960 1573 1164 1626 οὐδένα
1201 1583 1314 1627 τῶν
1352 1573 1570 1636 τούτοις
1609 1574 1828 1642 χαιρόν-

111 1682 260 1731 των,
300 1663 448 1736 αὑτῷ
483 1663 545 1716 δὲ
583 1662 741 1731 ἕτερα
778 1664 1079 1731 προσήκειν
1117 1661 1342 1730 ἡγεῖται.
1417 1662 1729 1730 μαχόμενον
1768 1657 1828 1713 δὲ

130 1749 318 1815 οὐδεὶς
349 1753 521 1805 αὐτὸν
551 1752 769 1805 πώποτε
809 1744 958 1804 εἶδεν
989 1750 1128 1820 ὑπὲρ
1162 1749 1433 1818 ἀργυρίου
1466 1747 1555 1802 καὶ
1596 1750 1828 1817 χρυσίου

130 1839 252 1893 οὐδ’
278 1842 518 1910 ἄγχοντα
549 1843 867 1911 τραπεζίτας
899 1836 1030 1893 οὐδὲ
1063 1845 1325 1908 θηρῶντα
1358 1838 1666 1907 φεύγοντας
1698 1834 1828 1890 οὐδὲ

131 1930 262 1992 τοὺς
315 1927 407 1982 ὑπ’
456 1929 687 1992 ἐκείνοις
740 1930 942 1990 παῖδας
997 1927 1128 1981 οὐδὲ
1190 1926 1518 1989 ἀδικοῦντας
1579 1929 1828 1979 παίοντα.
1852 1946 1897 1979 ιο

131 2017 183 2070 9.
237 2018 432 2081 αἰδοῦς
470 2015 531 2071 δὲ
579 2019 664 2072 ὅτι
712 2019 968 2085 πλείστης
1006 2015 1229 2085 ἠξίωται
1269 2011 1372 2084 μὲν
1409 2004 1518 2067 ὑπὸ
1559 2023 1668 2067 τῶν
1707 2032 1829 2066 παι-

130 2106 452 2174 δευομένων
481 2106 642 2176 νέων,
682 2105 904 2175 ἠξίωται
945 2102 1006 2158 δὲ
1046 2105 1154 2157 ὑπὸ
1188 2114 1299 2157 τῶν
1338 2102 1400 2156 ἐν
1431 2111 1544 2165 τοῖς
1577 2104 1829 2171 δικαστη-

131 2196 276 2264 ρίοις
313 2201 388 2268 τῷ
423 2196 745 2266 ῥητορεύειν
785 2193 1098 2265 χρωμένων.
1174 2190 1290 2245 ἔστι
1323 2189 1383 2244 δὲ
1416 2190 1697 2260 αἰδέσιμος
1728 2187 1829 2260 μὲν

130 2290 198 2353 τῇ
230 2283 464 2355 ἡμετέρᾳ
494 2288 688 2355 βουλῇ,
725 2291 978 2345 τοιοῦτος
1013 2282 1075 2335 δὲ
1105 2279 1267 2350 <καὶ>
1298 2289 1413 2343 τοῖς
1453 2278 1523 2333 δι’
1557 2279 1620 2342 ἃς
1658 2275 1831 2347 ἧρξαν

254 2465 277 2502 1
311 2459 420 2503 Luc.
444 2460 630 2517 Peregr.
657 2464 684 2502 4
806 2464 832 2501 3
866 2461 913 2502 et
946 2462 1001 2501 23
1034 2457 1091 2501 cf.
1119 2470 1189 2513 ep.
1216 2460 1300 2500 842

255 2626 280 2664 3
313 2618 347 2666 ὦ
380 2637 457 2666 om
487 2625 533 2667 B
686 2626 711 2665 5
745 2619 802 2676 δὴ
836 2633 912 2664 om
938 2621 981 2664 V
1123 2623 1148 2662 6
1179 2617 1341 2669 τόποις
1371 2619 1403 2661 Ι
1432 2620 1436 2672 Ι
1473 2614 1573 2662 οὔτ’
1608 2620 1669 2674 (3)
1703 2617 1769 2661 Re

138 2684 193 2724 10
223 2682 332 2731 τοὺς
363 2684 471 2725 ante
501 2682 646 2731 θεοὺς
671 2682 740 2725 Va
778 2682 784 2735 Ι
819 2679 899 2722 καὶ
929 2678 1033 2735 τάν]
1067 2678 1157 2722 κάν
1192 2678 1230 2723 C
1264 2680 1269 2732 Ι
1305 2678 1351 2721 τὲ
1383 2679 1491 2734 post
1521 2676 1646 2727 εἰκὸς
1676 2678 1751 2720 ΙΒ
1783 2678 1830 2719 01:

133 2738 261 2782 inser
290 2742 357 2784 ΑΡ
418 2738 542 2791 εἰκός
571 2756 620 2784 τε
654 2741 715 2784 Μ
733 2739 868 2795 Bong
999 2741 1052 2781 13
1085 2736 1135 2780 δὲ
1168 2737 1309 2780 ΙΒΜ
1336 2736 1470 2793 Bong
1602 2740 1656 2779 16
1688 2735 1770 2779 τὸν
1802 2735 1837 2778 Ι

198 2802 250 2841 17
285 2799 410 2859 αὐτῷ
434 2800 625 2844 IBMV
642 2798 776 2854 Bong
897 2800 952 2840 20
975 2803 1074 2846 τοῖς
1100 2795 1137 2839 C
1161 2798 1166 2848 Ι
1195 2794 1334 2840 οὐδὲν
1359 2795 1401 2838 V
1518 2799 1573 2837 22
1599 2794 1690 2838 ὑπὸ
1715 2794 1827 2861 τῶν]

133 2863 228 2901 τῶν
259 2858 350 2902 ὑπὸ
381 2859 417 2902 Ι
436 2860 442 2914 Ι
469 2865 567 2908 τοῖς
597 2871 672 2901 om
706 2857 745 2902 0
861 2860 916 2898 23
949 2855 1051 2913 μὲν]
1084 2855 1163 2898 καὶ
1194 2854 1328 2910 Bong
1456 2858 1511 2897 24
1543 2854 1623 2897 καὶ
1655 2853 1829 2897 inserm

134 2918 325 2960 auctore
356 2917 425 2960 Re
