1992 3094
483 131 711 176 LtssANn
742 130 966 175 ORATIO
999 132 1121 177 PRO
1149 132 1406 177 TEMPLIS
1714 135 1781 187 97

97 269 301 341 ἑκάστῳ
342 270 793 336 συκοφαντήσεις.
874 267 956 320 19.
995 264 1067 336 ἦν
1104 266 1238 331 ἔθος
1276 270 1516 332 πολλοὺς
1554 269 1787 339 ἀγρότας

95 359 173 421 εἰς
204 358 212 426 Ι
246 358 377 419 τοὺς
415 355 870 425 γνωριμωτέρους
921 358 1217 420 συνιόντας
1256 355 1318 410 ἐν
1355 367 1473 420 ταῖς
1511 357 1630 428 ἑορ-
1668 371 1874 416 RII176

94 453 213 508 ταῖς
272 445 556 506 θύσαντας
618 438 734 496 εἶτα
794 444 1141 512 εὐωχεῖσθαι.
1229 444 1390 498 τοῦθ’
1434 447 1597 515 ἡνίκα
1659 446 1786 515 ἐξῆν

96 542 294 601 ποιεῖν,
344 531 588 586 ἐποίουν.
663 534 798 599 μετὰ
835 541 1007 586 ταῦτα
1050 534 1196 602 πλὴν
1233 542 1333 587 τοῦ
1383 535 1551 588 θύειν
1589 536 1620 604 ἡ
1660 536 1786 604 περὶ

95 625 262 678 τᾶλλα
302 624 517 689 ἔμεινεν
555 619 792 686 ἐξουσία.
854 622 1127 690 καλούσης
1165 625 1361 675 τοίνυν
1397 632 1493 692 τῆς
1525 626 1787 687 εἰωθυίας
1834 646 1852 678 5

95 710 295 781 ἡμέρας
331 710 620 779 ὑπήκουον
667 711 758 764 καὶ
806 704 890 772 οἷς
936 709 1241 764 ἀκίνδυνον
1280 710 1482 780 ἐτίμων
1520 713 1694 781 αὐτήν
1731 732 1788 770 τε

95 800 184 854 καὶ
221 801 283 852 τὸ
315 798 454 861 ἕδος.
524 799 609 852 ὅτι
649 797 710 852 δὲ
746 797 839 852 καὶ
869 799 1038 852 θύειν
1069 798 1238 868 ἄξιον,
1280 800 1465 863 οὐδεὶς
1496 799 1610 853 οὔτ’
1636 798 1789 854 εἶπεν

96 886 210 943 οὔτ’
241 889 480 956 ἤκουσεν
519 885 631 941 οὔτ’
664 890 884 941 ἔπεισεν
923 886 1038 941 οὔτ’
1071 885 1317 956 ἐπείσθη.
1383 887 1504 941 οὐδ’
1535 887 1605 941 ἂν
1643 894 1787 942 εἴποι

94 998 177 1041 τις
213 987 325 1030 τῶν
364 975 597 1039 ἐκείνοις
636 975 873 1046 ἐχθρῶν,
913 977 986 1039 ὡς
1024 975 1057 1044 ἢ
1098 976 1369 1046 αὐτόπτης
1398 979 1604 1040 θυσίας
1634 976 1790 1046 γέγο-

97 1086 193 1120 νεν
231 1066 263 1135 ἢ
303 1066 376 1128 ὡς
422 1062 534 1134 ἔχει
579 1066 678 1134 τὸν
723 1067 1087 1134 μεμηνυκότα.
1165 1067 1214 1119 εἰ
1254 1064 1303 1118 δ’
1337 1061 1405 1134 ἧν
1446 1074 1617 1119 ταῦτα
1655 1065 1687 1135 ἢ
1727 1068 1787 1119 τὸ
1814 1090 1856 1122 ιο

97 1141 284 1225 ἕτερόν
315 1174 394 1222 γε,
426 1155 508 1216 τίς
539 1153 610 1206 ἂν
640 1155 837 1223 ἤνεγκε
867 1155 1101 1216 τούτους
1133 1153 1392 1217 ἕλκοντας
1422 1153 1514 1207 καὶ
1546 1157 1791 1222 βοῶντας

97 1242 187 1296 καὶ
224 1250 668 1312 κατηγοροῦντας
719 1243 822 1296 οὐκ
862 1241 924 1296 ἐν
961 1251 1036 1315 τῷ
1075 1245 1398 1310 Φλαβιανοῦ
1439 1244 1789 1315 δικαστηρίῳ,

98 1330 217 1386 ἀλλ’
247 1331 306 1384 ἐν
345 1340 460 1394 τοῖς
499 1332 573 1395 ὡς
611 1331 835 1400 ἀληθῶς
874 1333 1271 1401 δικαστηρίοις;
1323 1331 1467 1385 οὕτω
1514 1333 1618 1401 γὰρ
1657 1335 1791 1399 μᾶλ-

98 1425 197 1474 λον
234 1419 411 1493 ᾤοντο
452 1419 522 1473 ἂν
561 1420 885 1490 ἀναιρήσειν
923 1421 983 1473 τὸ
1023 1421 1191 1473 θύειν
1230 1420 1520 1483 ἀνελόντες
1558 1429 1671 1473 τῶν
1707 1440 1790 1474 τε-

97 1512 358 1564 θυκότων
417 1510 585 1572 τινάς.
678 1509 764 1562 20.
828 1508 944 1563 ἀλλ’
993 1510 1095 1563 οὐκ
1163 1510 1347 1562 αὐτῶν
1414 1517 1586 1562 ταῦτα
1646 1503 1787 1562 εἶναι
1815 1532 1856 1564 15

99 1600 342 1668 φήσουσι
403 1599 775 1668 παραδιδόναι
829 1608 945 1661 τοῖς
1007 1598 1410 1652 ἀποκτενοῦσιν
1471 1599 1791 1667 ἄνθρωπον,

97 1685 216 1740 οὐδ’
255 1686 326 1755 ἢν
375 1688 442 1740 τὰ
492 1688 781 1741 δεινότατα
828 1686 1187 1758 εἰργασμένος
1223 1682 1274 1756 ᾗ.
1352 1686 1457 1755 ἐγὼ
1506 1683 1567 1739 δὲ
1626 1687 1793 1749 ὅσους

100 1771 200 1844 μὲν
238 1773 300 1829 ἐν
339 1776 599 1828 στάσεσιν
645 1775 1018 1830 ἀπεκτόνασιν
1065 1772 1198 1829 οὐδὲ
1238 1776 1340 1844 τὴν
1377 1783 1472 1844 τῆς
1518 1789 1792 1845 προσηγο-

221 1956 273 1995 12
307 1951 365 1995 cf.
391 1966 435 2007 p.
456 1955 526 2006 95,
543 1956 596 1996 17

223 2119 244 2157 1
277 2109 336 2170 ἦν
367 2114 436 2157 Re
504 2112 564 2170 ἣν
594 2114 705 2158 libri
730 2113 820 2158 Got
847 2117 852 2170 Ι
880 2111 1082 2170 ἀγρότας
1113 2113 1279 2169 scripsi
1310 2126 1416 2156 cum
1448 2113 1559 2156 ΒΜ
1622 2113 1793 2170 ἀγροὺς

39 2214 55 2227 ,
100 2171 270 2228 reliqui
301 2173 411 2216 libri
443 2174 525 2217 sed
557 2172 759 2230 ἀγρότας
788 2173 839 2217 in
862 2187 996 2229 marg
1022 2171 1091 2226 Cf,
1124 2172 1215 2217 edd.
1367 2177 1393 2214 4
1433 2179 1693 2228 μεταταῦτα
1718 2174 1792 2215 ΙΒ

106 2233 216 2276 MV
382 2237 406 2276 7
448 2233 553 2284 ἕδος
582 2234 675 2278 AP
696 2232 788 2276 Grot
878 2232 991 2282 ἔθος
1021 2231 1126 2274 coni
1158 2230 1302 2275 Orelli
1334 2233 1384 2274 at
1416 2231 1473 2274 cf.
1499 2233 1530 2274 t.
1550 2231 1571 2273 I
1598 2235 1695 2283 160,
1717 2236 1791 2284 183

102 2290 196 2334 t.11
219 2294 318 2346 290,
337 2297 362 2335 2
391 2294 397 2348 Ι
426 2291 559 2345 ἄξιον
592 2291 683 2335 Got
715 2292 797 2336 sed
827 2290 993 2348 ἠξίουν
1024 2291 1074 2333 in
1098 2303 1232 2347 marg
1352 2294 1378 2333 8
1411 2290 1517 2334 οὔτε
1549 2292 1609 2346 (3)
1644 2289 1734 2334 Got

106 2353 131 2392 9
155 2348 334 2406 ἐκείνης
357 2353 404 2395 Β
526 2354 580 2394 10
607 2351 698 2408 ἔχει
722 2364 835 2395 voce
860 2349 1032 2394 desinit
1055 2348 1134 2393 fol.
1156 2354 1240 2393 140
1264 2349 1313 2391 in
1330 2351 1397 2403 A?
1429 2349 1604 2393 excidit
1627 2349 1793 2392 folium

104 2423 247 2452 unum
301 2423 392 2466 quo
443 2410 804 2454 continebantur
856 2409 997 2453 verba
1048 2409 1131 2452 τὸν
1185 2406 1479 2464 μεμηνυκότα
1531 2422 1678 2463 usque
1733 2408 1793 2452 ad

108 2471 206 2523 101,
223 2472 279 2512 20
310 2471 599 2526 πλημμελεῖν.
648 2469 689 2513 εἰ
720 2469 794 2525 (cf.
820 2484 865 2525 p.
892 2471 979 2525 81),
1021 2480 1140 2522 quae
1173 2467 1346 2510 omissa
1377 2468 1426 2510 in
1459 2466 1549 2510 Got
1588 2467 1655 2510 Re
1695 2467 1793 2522 (qui

106 2522 324 2571 lacunam
353 2528 597 2584 indicavit)
629 2529 680 2572 in
702 2528 856 2572 lucem
886 2529 1216 2584 protraxerunt
1246 2540 1272 2570 e
1297 2526 1455 2570 codice
1481 2527 1526 2569 P
1553 2525 1691 2568 simul
1724 2526 1791 2568 in-

105 2586 277 2641 spectis
318 2587 363 2632 U
394 2589 442 2631 et
471 2587 583 2631 Urb.
604 2592 688 2631 125
717 2588 823 2631 Vat.
843 2590 913 2630 81.
948 2590 1031 2629 939
1064 2585 1271 2642 Angelus
1303 2585 1401 2628 Mai
1439 2585 1487 2628 in
1532 2585 1792 2641 appendice

104 2643 326 2698 editionis
367 2645 559 2690 alterius
591 2647 838 2690 FrOntonis
870 2646 1046 2688 Romae
1082 2649 1194 2688 1823
1227 2659 1271 2700 p.
1297 2648 1554 2697 422-424,
1595 2657 1650 2687 ex
1683 2657 1793 2699 apo-

108 2703 285 2760 grapho
316 2704 563 2749 Barberini
594 2719 622 2749 a
651 2705 684 2749 I.
710 2704 942 2762 Leopardi
979 2704 1105 2747 facto
1138 2703 1398 2747 Ludovicus
1431 2703 1488 2746 de
1520 2702 1697 2754 Sinner,
1738 2715 1795 2746 ex

106 2762 378 2819 apographo
410 2764 583 2808 codicis
610 2766 654 2809 V
677 2778 706 2808 a
730 2764 887 2808 Gasda
918 2763 1044 2806 facto
1069 2762 1216 2806 Maur.
1242 2761 1454 2805 Schmidt
1477 2760 1642 2804 Philol.
1669 2760 1795 2804 XXII

108 2834 154 2876 p.
174 2825 402 2866 175—177
528 2827 581 2866 11
623 2822 806 2881 ἤνεγκε]
830 2823 986 2878 ἀνεῖχε
1016 2821 1229 2865 Monnier
1255 2823 1260 2876 Ι
1289 2822 1370 2865 καὶ
1401 2822 1606 2878 βοῶντας
1630 2818 1702 2862 bis
1737 2820 1800 2864 M

111 2879 192 2922 sed
216 2879 415 2924 alterum
446 2881 523 2925 del
547 2882 617 2925 m³
739 2887 792 2926 12
827 2882 1070 2939 φλαβι-ανῶ
1088 2882 1122 2924 Ι
1237 2884 1289 2923 17
1325 2878 1459 2929 ὅσους
1489 2879 1524 2922 Ι
1549 2878 1631 2921 sed
1660 2895 1715 2928 υς
1745 2878 1795 2922 in.

107 2950 185 2980 ras
208 2939 280 2982 m³

199 3020 395 3054 humerus
418 3022 476 3054 ed.
498 3022 736 3055 Fosi-ster.
781 3022 853 3055 111.
1508 3029 1520 3053 ὀ

59 3038 66 3094 ὲ
