1992 3094
225 117 300 170 64
750 114 979 158 LIBANII
1010 111 1235 158 ORATIO
1267 112 1415 156 XXIX

226 253 405 321 σάμην
452 253 635 319 λόγον,
686 252 1027 303 κελευόντων
1078 249 1139 302 δὲ
1189 258 1301 301 τῶν
1347 251 1530 318 φίλων
1575 246 1665 301 καὶ
1714 256 1822 301 νῦν
1859 267 1913 301 τι
1984 293 1992 302 ..

227 340 410 409 λέγειν
449 340 550 392 οὐκ
590 337 722 407 ἐνῆν
759 358 853 406 μοι
894 346 1126 391 σιωπᾶν.

338 429 385 480 2.
436 427 574 496 Ἐρῶ
616 424 677 480 δὲ
717 426 750 479 ἃ
788 427 987 490 πάντες
1026 425 1326 479 ἐπίστασθε
1371 423 1462 478 καὶ
1508 426 1636 496 περὶ
1683 421 1762 479 ὧν
1813 425 1915 479 οὐκ

228 519 297 571 ἄν
342 537 425 579 τις
475 518 651 569 εἰπεῖν
703 518 1025 584 τολμήσειεν
1079 515 1160 568 ὅτι
1215 515 1504 582 ψεύδομαι.
1580 522 1679 567 τοῦ
1736 516 1914 584 δήμου

183 629 202 661 5
227 608 330 675 γὰρ
372 606 643 675 θορύβοις
683 605 784 658 οὐκ
824 603 1078 670 ἐννόμοις
1122 605 1188 656 τὰ
1227 605 1477 670 θεάματα
1515 601 1617 672 μὲν
1655 611 1750 672 τῆς
1789 617 1917 672 σκη-

228 704 326 764 νῆς
365 693 740 762 ἐξελάσαντος,
781 695 961 762 φόβον
1001 693 1061 746 δὲ
1100 692 1433 762 παρέχοντος
1470 692 1609 761 ὑπὲρ
1649 694 1918 762 μειζόνων

230 783 485 853 λέγοντος
530 783 654 851 περὶ
693 782 791 835 τὸν
830 782 999 852 ἄρτον
1038 781 1354 834 ἀδικεῖσθαι
1404 782 1506 849 τὴν
1544 783 1709 834 πόλιν
1747 781 1776 834 ὁ
1816 778 1918 851 μὲν

230 873 413 942 ἄρχων
453 869 574 924 ἀντὶ
607 878 705 923 τοῦ
745 877 916 923 ταῦτα
949 870 1196 933 ἀπειλαῖς
1228 868 1473 939 ἐπισχεῖν
1510 869 1680 923 πάνθ’
1714 870 1747 923 ἃ
1786 872 1918 940 βού-

231 965 414 1013 λοιντο
461 962 713 1028 ποιήσειν
767 960 939 1012 εἰπὼν
986 957 1210 1027 ἀνέστη,
1265 967 1360 1028 τῆς
1405 959 1698 1029 ὑστεραίας
1749 957 1810 1013 δὲ
1855 961 1917 1014 τὸ

163 1073 205 1104 ιο
229 1050 375 1118 παρὰ
435 1057 547 1100 τῶν
607 1052 829 1101 πολλῶν
890 1048 1104 1117 θράσος
1166 1049 1243 1110 εἰς
1297 1055 1461 1101 τοῦτο
1520 1051 1799 1119 προήγαγε
1853 1050 1920 1102 τὰ

230 1138 536 1207 πράγματα,
576 1135 716 1189 ὥσθ’
748 1136 775 1190 ὁ
815 1137 918 1204 μὲν
957 1135 1280 1204 ἐνομοθέτει
1318 1138 1384 1190 τὰ
1414 1145 1531 1200 τοῖς
1561 1142 1789 1201 πολλοῖς
1819 1135 1920 1207 μὲν

229 1227 443 1294 ἥδιστα,
483 1227 542 1278 τὸ
585 1226 827 1279 δυνατὸν
867 1222 928 1278 δὲ
968 1225 1069 1278 οὐκ
1110 1227 1320 1295 ἔχοντα,
1362 1227 1564 1295 δρόμος
1605 1224 1665 1279 δὲ
1697 1226 1920 1297 ἀνδρῶν

230 1315 318 1367 καὶ
370 1323 651 1382 γυναικῶν
698 1313 784 1367 ἐπὶ
832 1317 961 1377 τοὺς
1009 1313 1386 1383 φαινομένους
1431 1324 1543 1368 τῶν
1590 1316 1771 1385 ἄρτων
1819 1317 1920 1370 οὐκ

232 1403 429 1471 ὀλίγος.
508 1403 559 1455 οἱ
598 1402 794 1456 πολλοὶ
836 1403 897 1455 δὲ
935 1400 1252 1474 προσῄεσαν
1290 1403 1461 1472 <μὲν>
1499 1413 1615 1467 τοῖς
1654 1403 1920 1475 ἐκπεπρα-

165 1514 206 1546 15
230 1493 389 1544 κόσιν
435 1489 515 1544 ἐπ’
550 1491 662 1561 ὠνῇ
716 1491 966 1554 διδόντες
1022 1491 1310 1562 ἀργύριον,
1366 1491 1661 1555 ἀκούοντες
1710 1489 1770 1546 δὲ
1818 1493 1920 1546 οὐκ

233 1577 373 1633 εἶναι
411 1580 500 1633 καὶ
542 1581 650 1646 ἅμα
689 1585 1041 1650 καθορῶντες
1087 1578 1332 1650 ἀπῄεσαν
1378 1588 1668 1644 ποιοῦντες
1706 1580 1796 1634 καὶ
1836 1582 1921 1635 λέ-

232 1689 422 1738 γοντες
461 1669 494 1722 ἃ
534 1669 677 1731 εἰκὸς
715 1671 844 1731 τοὺς
884 1668 1215 1722 ἀπολεῖσθαι
1254 1673 1590 1738 νομίζοντας.
1661 1670 1709 1722 3.
1749 1670 1921 1741 ἡμέρα

235 1757 463 1827 δευτέρα
494 1756 584 1810 καὶ
617 1758 817 1825 πληγαὶ
849 1758 973 1827 περὶ
1005 1760 1138 1821 τοὺς
1169 1759 1371 1828 ἄρτους
1401 1757 1491 1811 καὶ
1516 1766 1615 1811 τοῦ
1648 1762 1920 1828 πριάσθαι

168 1869 209 1901 19
235 1845 578 1914 δυνηθέντος
615 1847 675 1898 τὸ
716 1847 787 1915 μὴ
821 1843 1073 1915 δυνηθὲν
1103 1845 1288 1899 πλέον.
1350 1849 1504 1915 τρίτη
1537 1847 1627 1900 καὶ
1659 1849 1718 1900 τὸ
1750 1849 1922 1901 κακὸν

144 1947 250 1992 RH
268 1951 352 1989 329
404 1935 800 2004 χαλεπώτερον,
857 1934 863 2006 Ι
921 1933 1061 1988 ὥσθ’
1096 1934 1228 2004 ἡμῖν
1288 1934 1643 2004 λελουμένοις
1696 1935 1923 1990 ἀπιοῦσι

233 2025 364 2085 τοὺς
400 2031 703 2084 πεινῶντας
741 2027 1309 2091 παρακολουθοῦντας
1350 2023 1548 2092 λέγειν,
1589 2025 1660 2087 ὡς
1701 2025 1766 2078 οὐ
1806 2027 1921 2094 χαί-

236 2130 425 2178 ροντες
463 2112 848 2179 δειπνήσομεν·
892 2108 1032 2165 εἶναι
1073 2112 1176 2182 γὰρ
1216 2120 1342 2181 πῦρ.
1412 2112 1445 2180 ἡ
1485 2113 1709 2183 τετάρτη
1751 2116 1922 2182 λόγον

356 2318 379 2356 7
412 2314 585 2358 Icarius

355 2511 380 2548 5
408 2506 456 2550 ἐν
482 2506 641 2561 νόμοις
659 2507 720 2548 M
777 2506 990 2564 εὐνόμοις
1009 2509 1092 2552 Mo
1120 2508 1126 2566 Ι
1153 2513 1235 2563 τῆς
1259 2521 1334 2550 om
1350 2508 1385 2550 I
1500 2512 1523 2550 7
1554 2507 1761 2565 λέγοντες
1784 2509 1920 2552 Patm

238 2565 319 2607 sed.
343 2581 397 2621 γρ
414 2562 626 2621 λέγοντος
656 2565 705 2607 in
729 2579 862 2623 marg
885 2566 955 2609 m²
982 2569 987 2622 1
1016 2567 1098 2623 μὲν
1124 2563 1209 2610 οὖν
1235 2567 1356 2611 CMo
1481 2571 1532 2609 11
1560 2566 1799 2611 ἐνουθέτει
1825 2568 1869 2612 V

241 2628 292 2665 12
319 2621 364 2667 δ’
387 2626 447 2680 (1)
473 2624 563 2667 edd
687 2628 740 2667 13
766 2624 918 2678 ἄρτων
943 2625 1109 2682 scripsi
1171 2624 1318 2669 ὄντων
1341 2624 1453 2668 libri
1478 2625 1571 2668 edd
1693 2631 1747 2669 14
1773 2623 1922 2682 ὀλίγος
1991 2674 1992 2679 ¹

239 2682 402 2738 scripsi
435 2684 622 2725 auctore
646 2682 714 2726 Re
776 2681 957 2740 ὀλίγους
979 2684 1089 2727 libri
1114 2684 1205 2728 cdd
1233 2686 1238 2740 Ι
1267 2683 1349 2741 μὲν
1373 2684 1538 2739 scripsi
1599 2681 1627 2739 ἢ
1655 2684 1735 2728 CA
1767 2684 1922 2729 sedin
1991 2681 1992 2688 ’

238 2740 325 2783 hoc
349 2740 472 2784 inser
488 2741 570 2795 m¹,
596 2742 771 2785 PVaV
787 2742 836 2785 in
857 2757 947 2798 quo
966 2743 1106 2787 schol.
1125 2743 1195 2786 m²
1217 2743 1269 2786 τὸ
1295 2741 1322 2798 ἢ
1341 2746 1465 2798 ζητεῖ
1485 2743 1566 2787 καὶ
1590 2742 1746 2798 ἕτερον
1769 2745 1918 2787 κῶλον

239 2798 319 2841 διὰ
349 2806 429 2843 τοῦ
462 2808 489 2855 ἢ
522 2798 845 2855 ἐκφερόμενον,
879 2802 923 2845 U
996 2798 1023 2858 ἦ
1057 2803 1092 2845 Ι
1169 2801 1214 2845 οἳ
1246 2803 1357 2846 ΒΜ
1375 2801 1508 2859 Bong
1585 2815 1659 2845 om
1686 2804 1770 2846 Mo
1792 2802 1861 2845 Re

241 2862 295 2900 15
329 2855 403 2901 ἐπ’
433 2858 573 2913 ὠνῆσι
602 2860 686 2902 Mo
727 2859 732 2916 1
777 2858 935 2910 δόντες
968 2862 1051 2904 Mo
1234 2864 1288 2903 17
1325 2859 1471 2920 ἡμέρᾳ
1504 2860 1698 2916 δευτέρα
1729 2860 1862 2917 Bong

242 2920 294 2957 19
327 2914 455 2974 τρίτῃ
486 2917 619 2973 Bong
762 2923 814 2960 21
848 2921 1229 2973 παρακολουθεῖν
1261 2920 1341 2963 καὶ
1367 2920 1411 2963 V
1438 2923 1443 2975 Ι
1473 2920 1527 2963 οὐ
1560 2933 1635 2962 om
