1992 3094
209 123 281 177 52
693 120 922 164 LIBANH
953 118 1177 164 ORATIO
1208 119 1402 163 XXVIII

211 267 435 328 πρᾶγμα
464 256 684 325 βλέπων
716 258 936 326 ἔμελλες
967 256 1148 324 δήπου
1181 260 1537 324 ψηφιεῖσθαι,
1577 253 1702 308 ὥστ’
1736 251 1905 308 οὐδὲν

211 345 282 417 ἠν
345 346 602 415 ἐμποδὼν
663 354 780 407 τοῖς
842 346 1076 407 δικαίοις
1137 345 1198 398 τὸ
1260 345 1333 412 μὴ
1395 345 1498 412 τὴν
1549 342 1908 413 Ἀντιπάτραν

214 436 496 506 εἰρῆσθαι,
551 435 696 503 πλὴν
742 435 790 487 εἰ
836 441 1001 486 τοῦτο
1050 432 1250 501 λέγεις,
1306 433 1378 495 ὡς
1425 433 1491 486 οὐ
1539 434 1605 485 τὰ
1653 432 1791 486 αὐτὰ
1837 431 1908 485 ἂν

216 527 388 592 ἔγνως
426 522 723 592 λεγομένης
768 521 861 576 καὶ
908 521 1277 591 σιωπωμένης.
1355 529 1655 591 τοιγαροῦν
1700 521 1909 588 μισθὸν
1972 545 1992 549 ·⁴

171 636 189 667 5
214 620 386 666 ταῦτα
432 608 576 665 εἷναί
622 624 758 681 φασι
805 620 1145 681 νυκτερινῶν
1191 612 1443 680 χαρίτων.
1520 608 1641 679 ἐμοὶ
1691 607 1794 679 μὲν
1839 610 1908 663 οὐ
1986 646 1992 665 ι

216 701 408 763 πιστὸς
447 700 475 754 ὁ
510 702 689 768 λόγος,
730 699 941 768 λέγεται
983 698 1032 751 δ’
1064 694 1182 752 οὖν.
1263 699 1345 751 12.
1385 702 1564 751 παίων
1594 700 1790 752 τοίνυν
1821 697 1909 752 ἐπὶ
1969 696 1992 774 5³

217 790 434 852 τούτοις
479 789 577 841 τὸν
615 787 748 842 νέον
796 789 886 841 καὶ
934 788 1066 841 οὐδὲ
1104 786 1166 841 ἐν
1206 780 1288 850 οἷς
1327 788 1508 858 ἠρώτα
1553 806 1606 840 τι
1644 788 1740 850 τὰς
1778 790 1912 856 πλη-

218 880 318 947 γὰς
358 878 537 946 ἰστάς,
578 877 607 930 ὃ
647 876 752 930 κάν
790 885 905 939 τοῖς
946 875 1032 929 ε’πὶ
1071 875 1299 945 βασιλέα
1336 877 1713 946 βουλεύμασιν
1752 880 1913 944 ἴσμεν
1971 866 1990 910 ·’·”

219 969 654 1035 φυλαττόμενον,
710 965 889 1019 ἐκάλει
936 966 1033 1019 τὸν
1083 965 1369 1034 Κυριακὸν
1420 965 1493 1028 ὡς
1546 965 1720 1018 αὑτὸν
1768 965 1915 1034 μάλα

156 1079 199 1110 10
222 1056 395 1124 ἠπίως
440 1053 531 1107 καὶ
578 1053 778 1125 πρᾴως.
854 1054 945 1106 καὶ
991 1055 1335 1122 θαυμαστόν,
1382 1053 1527 1116 ὅπως
1574 1054 1744 1107 αὐτὸν
1790 1053 1912 1123 οὐχὶ
1968 1049 1973 1053 ’

219 1144 309 1196 καὶ
372 1146 784 1213 παρεκαθίσατο
847 1143 1118 1211 μεταδοὺς
1171 1150 1271 1195 τοῦ
1326 1144 1568 1213 θρόνου,
1631 1137 1768 1212 ἴν’ᾗ
1821 1140 1913 1196 καὶ
1970 1131 1972 1134 ,

220 1233 438 1295 τούτοις
486 1232 892 1301 εὐφραίνεσθαι
942 1239 1007 1302 τῇ
1061 1251 1118 1284 τε
1173 1231 1396 1300 γυναικὶ
1448 1231 1537 1284 καὶ
1592 1238 1666 1304 τῷ
1714 1232 1915 1300 ταύτης

222 1320 461 1393 ἀδελφῷ.
535 1321 617 1372 13.
658 1321 748 1373 καὶ
788 1320 890 1372 οὐκ
930 1320 1141 1390 ἀπόχρη
1179 1327 1368 1388 ταῦτα,
1407 1318 1523 1372 ἀλλ’
1557 1317 1645 1372 ἐπὶ
1684 1324 1917 1390 πληγαῖς

224 1411 563 1478 πεντήκοντα
615 1407 706 1462 καὶ
758 1410 1065 1471 διακοσίαις
1115 1407 1301 1479 ἑτέρας
1351 1407 1552 1478 ἐπῆγεν
1584 1406 1915 1477 “Ηρακλείου
1964 1399 1971 1459 ,ἓ

158 1520 199 1553 15
224 1505 324 1550 τοῦ
364 1498 593 1568 ῥήτορος
624 1500 868 1565 βοῶντος
898 1499 1001 1566 τὴν
1032 1496 1334 1566 εὐγένειαν,
1374 1497 1632 1566 λέγοντος
1663 1498 1763 1567 τὴν
1793 1515 1916 1550 παι-

225 1587 397 1654 δείαν,
436 1587 537 1655 τὴν
576 1586 847 1657 ἀπειρίαν,
886 1587 947 1639 τὸ
988 1594 1096 1640 νῦν
1135 1586 1305 1639 αὐτὸν
1343 1582 1527 1655 ἧφθαι
1565 1586 1916 1656 πραγμάτων,
1961 1591 1970 1630 ³-

225 1675 286 1728 τὸ
327 1682 426 1727 τοῦ
467 1676 715 1744 σώματος
766 1672 999 1737 ἀσθενὲς
1045 1682 1211 1727 τοῦτο
1259 1671 1362 1742 μὲν
1407 1682 1471 1745 τῇ
1511 1675 1702 1743 φύσει,
1753 1682 1916 1727 τοῦτο

229 1760 290 1815 δὲ
329 1771 392 1833 τῇ
433 1766 606 1835 νόσω,
660 1765 761 1832 τήν
807 1771 907 1816 τοῦ
954 1763 1159 1833 πατρὸς
1207 1762 1407 1832 ἀρετὴν
1452 1761 1542 1815 καὶ
1589 1764 1651 1815 τὸ
1689 1764 1920 1831 ἥδιστον

231 1853 308 1914 εἰς
348 1851 520 1920 ἀκοὴν
559 1854 751 1921 ὄνομα,
791 1853 891 1906 τὸν
921 1851 1259 1920 Ναυσικλέα,
1300 1852 1437 1905 ὥστε
1476 1849 1598 1919 μηδ’
1632 1853 1710 1914 εἰς
1749 1859 1919 1905 ταῦτα
1956 1867 1962 1921 f

164 1963 206 1994 20
230 1939 580 2010 ἀναχώρησιν
620 1935 775 1994 εἶναι.
853 1940 920 1994 οὐ
967 1942 1070 2010 γὰρ
1119 1938 1293 2012 ᾔδειν,
1340 1940 1408 1993 οὐ
1447 1941 1551 2009 γὰρ
1591 1941 1919 2010 ἠπιστάμην,
1951 1925 1985 1982 ¹⁴³¹

231 2028 381 2091 ὅστις
420 2026 504 2098 ἠν.
567 2030 632 2082 οὐ
667 2031 771 2099 γὰρ
804 2026 874 2098 ἠν
906 2029 934 2082 ὁ
969 2030 1258 2082 διδάσκων.
1325 2029 1407 2081 14.
1446 2031 1623 2082 καίτοι
1659 2032 1717 2082 τί
1750 2037 1921 2082 ταῦτα

232 2110 411 2182 εἶπον;
451 2118 499 2170 εἰ
538 2119 641 2187 γὰρ
682 2119 773 2171 καὶ
811 2118 984 2187 μηδὲν
1023 2118 1168 2187 πλὴν
1202 2126 1300 2170 τοῦ
1341 2118 1635 2185 βουλεύειν
1673 2118 1918 2187 ὑπῆρχεν
1964 2173 1973 2177 ,γ

143 2219 185 2261 R
207 2218 348 2261 11139
383 2206 544 2277 αὐτῷ,
578 2207 804 2259 τοιαῦτά
836 2226 898 2275 γε
931 2207 1161 2276 πάσχειν
1195 2205 1202 2277 Ι
1238 2206 1340 2259 οὐκ
1372 2207 1498 2259 ἔδει.
1555 2213 1664 2259 νῦν
1696 2203 1757 2259 δὲ
1787 2207 1920 2298 μετὰ
1950 2199 1963 2242 T'

355 2371 379 2407 5
427 2373 707 2420 νυκτερινῶν
740 2364 961 2441 χαρίτων]
1002 2365 1103 2421 ἤτοι
1135 2366 1215 2411 διὰ
1246 2366 1298 2409 τὸ
1332 2363 1637 2422 συγγίνεσθαι
1667 2366 1835 2417 νυκτὸς
1863 2372 1956 2425 τῇ
1946 2341 1962 2388 ἓ
1989 2358 1992 2364 ’

226 2421 499 2484 Ἆντιπάτρα
531 2424 732 2482 ἔκρυψεν
765 2426 910 2482 αὐτὴν
941 2426 993 2469 τὸ
1026 2425 1086 2482 μὴ
1120 2425 1268 2470 εἰπεῖν
1300 2425 1416 2479 πρὸς
1447 2424 1672 2481 δικαστήν
1707 2425 1773 2470 V²

360 2576 380 2614 1
399 2570 595 2638 βλέπων
628 2586 702 2615 om
726 2574 761 2615 I
889 2577 914 2615 2
948 2573 1161 2628 ἐμποδῶν
1197 2572 1324 2617 ΟΑΡ
1441 2572 1546 2617 3λέ
1547 2589 1647 2629 γοις
1679 2574 1723 2617 V
1837 2576 1862 2615 6
1896 2571 1920 2616 ὃ

1942 2460 1971 2467 ⁴..

1939 2474 1973 2498 7-

237 2630 411 2673 inserui
443 2644 468 2673 e
500 2631 545 2674 B
577 2645 681 2674 cum
708 2630 887 2674 Sinteni
971 2646 1046 2674 om
1077 2630 1247 2687 reliqui
1269 2631 1378 2674 libri
1404 2631 1471 2675 Re
1623 2637 1646 2675 7
1680 2630 1819 2676 οὐδὲν
1850 2632 1885 2674 Ι
1912 2630 1918 2690 Ι

237 2687 282 2732 τί
305 2690 470 2734 APIB
482 2691 526 2732 V
691 2694 715 2732 9
750 2690 893 2734 αὐτὸν
924 2690 1033 2733 libri
1064 2691 1133 2733 Re
1307 2695 1362 2733 10
1393 2688 1542 2745 ἠπίως
1573 2690 1738 2746 scripsi
1769 2703 1793 2734 e
1827 2691 1871 2735 V

240 2744 422 2799 οἰκείως
451 2747 621 2803 reliqui
651 2747 760 2791 libri
791 2749 859 2791 Re
887 2751 892 2806 Ι
920 2748 1080 2822 πράως
1102 2750 1234 2794 IBV
1378 2753 1431 2792 13
1465 2747 1644 2806 ἀπόχρη
1676 2749 1866 2806 reposui
1897 2761 1943 2791 e·
1986 2773 1987 2778 =

239 2806 372 2849 libris
434 2804 609 2864 ἀπέχρη
643 2806 709 2850 Re
832 2812 884 2850 19
918 2808 977 2864 μὴ
1003 2807 1050 2852 δ’
1071 2809 1146 2852 ΙΒ
1267 2812 1321 2850 20
1353 2810 1461 2864 post
1491 2807 1756 2865 ἠπιστάμην
1787 2821 1862 2851 ras
1895 2808 1952 2856 3³,

239 2863 319 2907 litt
342 2866 370 2907 ]
499 2870 553 2908 21
587 2862 758 2923 καίτοι]
791 2864 872 2909 καί
904 2868 973 2911 Va
1115 2871 1170 2910 22
1203 2867 1441 2925 βουλεύειν
1474 2868 1542 2911 Va
1574 2867 1654 2910 sed
1687 2883 1742 2911 ου
1773 2866 1823 2910 in
1846 2878 1943 2910 rae=

241 2927 268 2965 4
301 2923 380 2967 litt·
403 2923 472 2967 m²
534 2924 770 2968 δουλεύειν
801 2925 867 2968 Re
