1992 3094
132 142 363 187 LIBANII
386 140 611 186 ORATIO
644 142 963 187 ADVERSUS
995 143 1347 189 PAEDAGOGI
1372 145 1655 191 CONVICIA
1723 147 1825 201 199

132 277 269 347 ἐμοῦ
324 278 518 340 διδοὺς
564 278 700 347 ἅπερ
749 277 961 346 ἀνέγνω
1009 278 1157 332 τοῦτ’
1189 278 1362 334 ἐποίει
1409 291 1524 344 τοῖς
1574 280 1693 351 ἐμοὶ
1734 284 1825 336 δο-

133 374 296 421 κοῦσι
357 368 702 434 πειθόμενος.
791 365 882 419 καὶ
945 367 1119 431 οὕτως
1180 364 1250 436 ἦν
1312 368 1559 423 ἐνταῦθα
1620 370 1826 434 ἐκεῖνος

132 455 366 524 ἀγαθός,
413 453 551 508 ὥσθ’
583 455 724 522 ὑμᾶς
770 454 1092 524 μέμψασθαι
1139 454 1240 526 μὲν
1288 459 1561 527 μηδαμοῦ,
1607 461 1824 528 θαυμά-

130 558 224 598 σαι
285 541 346 597 δὲ
405 544 667 607 πολλάκις
729 543 817 597 καὶ
880 552 1051 598 ταῦτα
1111 556 1288 609 κακῶς
1349 547 1531 615 λέγειν
1593 549 1822 616 εἰδότας,

130 632 313 687 ἐκεῖνα
356 630 458 700 μὲν
505 629 610 687 οὖν
648 632 777 703 παρ’
807 632 1047 702 ἐκείνου,
1094 636 1160 687 τὰ
1200 636 1260 688 δὲ
1299 634 1361 688 ἐν
1406 645 1525 699 ταῖς
1571 636 1822 703 ἁμίλλαις
1869 658 1888 689 5

129 722 296 785 αὐτὸς
335 720 707 792 ἑπηνώρθουν
755 741 813 775 τε
859 721 949 775 καὶ
997 726 1268 792 καθίστην
1304 719 1404 777 καὶ
1453 723 1540 777 δύ’
1571 721 1641 792 ἦν
1689 725 1823 791 ὑμῖν

129 809 258 864 ἀνθ’
290 810 426 874 ἑνός.
489 811 699 864 οὔκουν
736 807 806 879 ἧν
841 816 847 876 Ι
881 819 1053 864 ταῦτα
1089 813 1263 880 μηδὲν
1300 822 1499 881 ποιεῖν,
1540 812 1654 866 ἀλλ’
1701 826 1743 869 R
1765 826 1910 870 H274

131 895 274 953 εἶναι
313 900 551 952 διπλοῦν
590 900 650 951 τὸ
690 898 901 969 κέρδος.

244 988 326 1040 17.
386 988 453 1041 El
493 987 558 1040 δέ
592 1007 685 1055 μοι
723 989 826 1056 τὴν
864 998 976 1041 τῶν
1015 990 1246 1059 ἄρθρων
1286 989 1461 1058 λέγεις
1498 992 1686 1058 νόσον,
1724 998 1820 1058 τῆς

135 1077 337 1145 Τύχης,
392 1077 494 1129 οὐκ
549 1075 683 1143 ἐμοῦ
734 1086 1076 1146 κατηγορεῖς·
1138 1078 1206 1130 οὐ
1262 1079 1365 1146 γὰρ
1419 1079 1485 1146 δὴ
1534 1078 1710 1132 ἐκεῖνό
1758 1098 1818 1147 γε
1844 1100 1889 1133 ιο

127 1164 292 1234 ἐρεῖ-ς,
347 1165 420 1228 ὡς
474 1165 714 1234 εὐχόμην
768 1176 956 1218 νοσεῖν
1009 1166 1099 1218 καὶ
1147 1159 1287 1219 εἶναι
1335 1166 1395 1219 ἐν
1440 1169 1598 1234 βοαῖς
1647 1167 1820 1220 νύκτα

125 1252 217 1307 καὶ
256 1253 463 1323 ἡμέραν
502 1253 610 1306 ὑπὸ
651 1263 764 1307 τῶν
795 1253 1124 1323 ἀλγημάτων
1162 1253 1252 1307 καὶ
1289 1258 1500 1323 μᾶλλον
1540 1257 1747 1322 ἰατροῖς
1786 1255 1819 1325 ἢ

128 1345 365 1411 βιβλίοις
403 1351 669 1396 συνεῖναι.
734 1341 854 1395 οὐδ’
884 1339 956 1411 ἦν
993 1363 1087 1410 μοι
1126 1344 1187 1396 τὸ
1228 1344 1514 1396 διδάσκειν
1545 1353 1656 1396 τῶν
1685 1343 1809 1414 παρ’

126 1430 356 1485 ἐκείνων
395 1432 706 1502 βαρύτερον
741 1441 853 1484 τῶν
886 1436 1148 1501 λυπηρῶν
1187 1451 1244 1484 τε
1283 1431 1373 1485 καὶ
1414 1432 1744 1500 ἀναγκαίων,
1785 1431 1818 1484 ἃ

125 1527 220 1589 τῆς
258 1520 464 1589 ὀδύνης
501 1519 572 1588 ἣν
611 1519 864 1590 ἐπειρᾶτο
903 1521 1102 1573 παύειν
1140 1516 1210 1588 ἦν
1248 1520 1634 1590 ὀδυνηρότερα.
1696 1518 1814 1587 ἐμοὶ
1843 1541 1883 1574 15

123 1609 227 1676 μὲν
274 1605 378 1663 οὖν
423 1610 601 1662 πολλὰ
648 1610 1003 1678 διηρεύνηται
1049 1618 1165 1672 τοῖς
1212 1610 1447 1679 ἄρθροις
1492 1611 1818 1677 βοηθοῦντι,

125 1698 193 1750 τὰ
231 1695 279 1750 δ’
311 1697 569 1767 ἠλέγχετο
608 1699 754 1766 πλὴν
792 1697 1015 1760 ἐλπίδος
1055 1700 1251 1767 ἔχοντα
1281 1697 1462 1751 οὐδέν.
1536 1697 1617 1749 18.
1658 1695 1819 1765 ἀφεὶς

124 1782 231 1840 οὖν
255 1787 649 1855 συνάχθεσθαί
669 1806 765 1853 μοι
790 1786 1076 1857 ῥᾳθυμίαν
1101 1785 1368 1854 ἐγκαλεῖς;
1400 1786 1487 1838 καὶ
1514 1784 1542 1838 ὁ
1574 1786 1675 1854 μὲν
1699 1786 1815 1838 δαί-

123 1895 244 1942 μων
282 1874 613 1938 ἀνεύθυνος,
653 1874 754 1944 ἐμὰ
794 1872 854 1928 δὲ
892 1876 959 1927 τὰ
998 1876 1099 1928 οὐκ
1139 1873 1261 1941 ἐμάς
1302 1875 1481 1944 ὥσπερ
1532 1875 1538 1942 Ι
1588 1873 1658 1927 ἂν
1697 1886 1736 1929 R
1759 1885 1903 1930 H275

127 1969 182 2016 εἴ
212 1983 294 2026 τις
331 1964 421 2016 καὶ
460 1964 558 2017 τὸν
596 1969 875 2017 τεθνεῶτα
914 1963 1207 2032 μέμφοιτο,
1255 1963 1338 2016 ὅτι
1377 1969 1452 2034 τῷ
1490 1962 1679 2031 μηκέτι
1719 1965 1815 2029 ζῆν
1838 1983 1881 2015 20

123 2052 214 2105 καὶ
275 2059 374 2105 τοῦ
437 2053 723 2106 δύνασθαί
779 2073 832 2105 τι
893 2060 1072 2105 ποιεῖν
1133 2051 1418 2104 πέπαυται.
1507 2049 1622 2103 ἀλλ’
1662 2046 1814 2103 εἶπεν

124 2140 196 2194 ἄν
239 2149 322 2204 τις
369 2137 506 2211 ὑπὲρ
553 2149 653 2195 τοῦ
699 2148 903 2211 νεκροῦ
949 2141 1044 2203 τὰς
1093 2142 1310 2207 Μοίρας
1355 2139 1443 2192 καὶ
1490 2139 1556 2191 τὰ
1599 2137 1814 2191 ’κείνων

124 2229 213 2282 καὶ
253 2230 326 2293 ὡς
363 2232 475 2284 ἔδει
514 2227 616 2299 μὲν
658 2232 794 2283 κατὰ
839 2237 1010 2282 ταῦτα
1057 2229 1348 2296 τεθνάναι,
1402 2228 1548 2296 παρὰ
1596 2224 1655 2280 δὲ
1701 2237 1813 2279 τῶν

245 2499 267 2537 1
301 2495 444 2549 „forte
476 2497 555 2552 leq.
589 2492 648 2538 ἂν
682 2494 828 2551 ἔγνω“
861 2493 928 2537 Re
953 2492 1092 2536 Anim
1214 2496 1239 2534 3
1272 2490 1354 2548 μὲν
1386 2489 1665 2547 μέμψασθαι
1697 2490 1763 2533 Re

123 2552 334 2610 οὐδαμοῦ
366 2555 439 2598 Ρα
561 2558 586 2597 6
618 2555 727 2611 ὑμῖν
759 2553 827 2598 Re
889 2552 999 2608 ἡμῖν
1030 2550 1140 2595 libri
1164 2550 1267 2594 Mor
1403 2555 1425 2593 7
1460 2551 1633 2594 οὐκοῦν
1664 2549 1767 2592 Mor

124 2609 269 2667 μηδὲν
299 2612 401 2656 Mor
432 2613 514 2656 sed
546 2630 601 2670 γρ
626 2612 824 2670 μηδενὸς
885 2611 944 2667 μὴ
977 2611 1028 2655 δὲ
1061 2610 1102 2652 V
1221 2614 1245 2653 9
1277 2607 1423 2665 λέγεις
1454 2608 1616 2665 scripsi
1649 2621 1704 2651 ex
1735 2608 1816 2651 IV

183 2669 331 2727 λέγοις
358 2670 530 2745 ,reliqui
553 2671 664 2715 libri
689 2670 780 2715 edd
904 2675 955 2713 11
992 2671 1109 2725 ἐρεῖς
1132 2671 1175 2713 Α
1209 2668 1290 2712 sed
1321 2685 1376 2725 γρ
1403 2668 1514 2724 φηὶς
1543 2667 1592 2710 in
1617 2679 1750 2724 marg

126 2771 218 2829 φὴς
240 2775 286 2818 Ρ
309 2774 315 2832 Ι
344 2747 545 2832 ἒέχόμην
570 2776 615 2820 V
717 2780 770 2817 14
796 2774 1050 2830 ἀλγεινῶνὶ)
1159 2777 1212 2814 15
1237 2765 1295 2826 ἦν
1319 2771 1444 2814 inser
1460 2769 1520 2813 1³
1627 2773 1680 2811 16
1712 2775 1809 2818 τοῖς

125 2829 324 2887 ἄρθροις
353 2846 428 2876 om
453 2834 554 2877 Mor
703 2837 755 2876 17
787 2832 846 2876 τά
879 2833 923 2875 Ρ
950 2832 1032 2875 sed
1064 2829 1076 2845 '
1108 2831 1157 2874 in
1181 2844 1256 2873 ras
1280 2830 1363 2883 m³,
1389 2830 1468 2873 IV
1501 2882 1503 2884 q
1614 2832 1667 2871 18
1699 2841 1806 2871 συν-

126 2887 316 2946 έχεσθαι
348 2892 432 2936 Mo
461 2892 562 2936 Mor
684 2897 738 2935 19
777 2891 835 2935 τὰ
867 2904 942 2934 om
966 2890 1068 2933 Mor
1186 2893 1242 2931 20
1275 2886 1344 2932 ὅτι
1378 2890 1410 2931 Ι
1436 2887 1515 2931 sed
1547 2902 1590 2929 τι
1624 2886 1716 2929 add
1740 2886 1808 2929 m³

131 2947 138 3006 Ι
171 2949 223 2993 τὸ
256 2951 340 2995 Mo
363 2950 465 2995 Mor
591 2955 655 2994 21·
679 2951 920 2996 δύνασθαι
952 2947 994 2992 τί
1027 2950 1119 2993 AP
1186 2971 1190 2973 -
1236 2952 1291 2991 22
1323 2944 1547 2990 τάκείνων
1579 2946 1655 2989 ΡΙ
