1992 3094
26 2855 38 2889 ἔ

498 101 725 145 LIBANII
756 100 981 146 ORATIO
1014 102 1094 145 DE
1126 101 1507 147 PATROCINHS
1739 103 1847 156 407

158 244 257 290 τοῦ
299 237 579 290 δύνασθαι
619 238 723 305 γὰρ
764 238 951 300 αὐτοῖς
987 236 1295 307 αὐξομένου
1336 239 1430 291 διὰ
1466 248 1579 292 τῶν
1618 239 1852 308 ἐγκαθη-

157 324 341 392 μένων
386 336 737 394 στρατιωτῶν
783 325 872 380 καὶ
919 327 981 379 τὸ
1028 331 1238 396 τολμᾶν
1285 326 1539 381 ἐπίδοσιν
1585 330 1851 397 λαμβάνει

157 423 270 467 τῶν
324 415 591 484 φυλάκων
644 423 738 484 τῆς
792 417 972 485 χώρας
1025 417 1161 468 κατὰ
1213 417 1315 485 τὴν
1367 419 1668 486 παροιμίαν
1721 420 1852 480 τοὺς

156 504 449 566 τοιούτους
495 503 756 573 ὁρώντων
801 505 891 557 καὶ
939 505 1039 573 οὐχ
1087 504 1371 574 ὁρώντων,
1420 511 1570 558 ἴσασι
1610 507 1713 574 γὰρ
1762 505 1849 559 ἐπὶ

156 595 343 664 πολλῷ
376 595 752 661 βοηθήσοντες
789 602 906 656 τοῖς
943 593 1215 661 κειμένοις
1256 595 1347 646 διὰ
1386 595 1485 647 τὸν
1523 595 1849 663 προστάτην.
1898 617 1917 649 5

156 679 247 732 καὶ
280 681 384 750 γὰρ
418 682 486 749 δὴ
517 682 607 734 καὶ
639 683 926 744 τοσούτοις
950 691 1138 745 κακοῖς
1161 683 1407 751 τοῦνομα
1438 691 1602 736 τοῦτο
1635 681 1851 751 ἔθεντο,

155 768 350 838 πρέπει
402 769 487 837 δέ,
539 766 715 838 οἶμαι,
766 779 882 833 τοῖς
930 772 1168 834 δικαίαις
1216 770 1560 841 ἐπικουρίαις
1606 770 1852 842 ἐξαιρου-

155 856 343 926 μένοις
382 860 459 920 εἰς
498 859 692 912 ἄδειαν
731 859 1103 928 ἀδικουμένην
1142 859 1453 914 ἀσθένειαν.

272 947 318 1000 7.
374 944 449 998 ‘H
489 949 796 1012 προστασία
848 945 907 1000 δὲ
956 948 1091 1016 αὕτη
1146 957 1257 1002 πᾶν
1311 949 1643 1002 τούναντίον
1690 959 1850 1003 ποιεῖ.

157 1035 348 1104 ῥώμην
388 1037 622 1088 δίδωσιν
655 1037 662 1105 Ι
698 1038 776 1100 εἰς
811 1038 873 1090 τὸ
912 1045 1124 1090 κακοῦν
1163 1037 1398 1108 ἑτέρους.
1477 1034 1556 1091 ὧν
1595 1041 1702 1092 εἰσι
1732 1052 1939 1096 RH504

155 1123 247 1177 καὶ
295 1125 348 1177 οἱ
395 1126 494 1178 τὸν
543 1127 722 1194 φόρον
769 1127 1199 1193 εἰσπράττοντες.
1277 1126 1374 1189 οὓς
1413 1125 1727 1196 ἐβουλόμην
1767 1127 1851 1181 έν-
1875 1151 1916 1183 11

155 1214 340 1266 ταῦθά
394 1233 486 1280 μοι
549 1213 638 1267 καὶ
702 1223 956 1284 παρεῖναι
1019 1216 1108 1268 καὶ
1171 1218 1311 1283 βοᾶν
1373 1209 1463 1269 οἷα
1523 1219 1850 1270 πεπόνθασι.

156 1303 373 1365 πάντως
434 1301 484 1355 δ’
538 1302 609 1355 ἂν
670 1311 832 1356 τοῦτο
891 1305 1026 1370 μετὰ
1087 1302 1348 1374 δακρύων
1410 1304 1656 1372 ἐγίγνετο
1717 1303 1847 1374 παρ’
1932 1335 1937 1343 ·

156 1391 379 1461 ἀνδρῶν
431 1393 684 1460 πενήτων
738 1391 792 1455 ἐξ
849 1393 1195 1460 εὐδαιμόνων
1244 1393 1639 1462 γεγενημένων.
1723 1403 1850 1457 πῶς

156 1480 532 1549 γενομένων
572 1481 667 1551 δέῃ
707 1486 930 1549 μαθεῖν,
970 1478 1011 1534 ὦ
1048 1483 1301 1548 βασιλεῦ;
1343 1484 1596 1551 ἔρχονται
1629 1481 1717 1535 ε’πὶ
1756 1483 1851 1545 τὰς
1875 1505 1916 1538 15

154 1570 340 1636 κώμας
385 1570 587 1632 ταύτας
632 1571 728 1632 τὰς
780 1571 872 1622 διὰ
917 1579 1030 1622 τῶν
1077 1581 1399 1639 στρατηγῶν
1451 1570 1851 1640 τετειχισμένας

156 1659 210 1710 οἱ
256 1659 613 1727 κομιούμενοι
667 1660 767 1712 τὸν
818 1662 998 1728 φόρον
1052 1661 1219 1727 ἔργον
1272 1667 1437 1712 τοῦτο
1489 1662 1707 1728 ἔχοντες
1758 1659 1849 1713 καὶ

156 1749 522 1816 λειτουργίαν.
601 1741 696 1801 εἶτ’
743 1748 1035 1802 ἀπαιτοῦσι
1090 1749 1191 1816 τὴν
1243 1748 1346 1814 μὲν
1395 1749 1619 1818 πρώτην
1664 1747 1851 1820 πρᾴως

154 1834 246 1888 καὶ
279 1836 589 1908 βραχυτέρα
620 1845 685 1907 τῇ
719 1845 897 1907 φωνῇ,
928 1837 1441 1905 καταφρονούμενοι
1476 1834 1536 1890 δὲ
1568 1837 1659 1890 καὶ
1690 1857 1850 1890 κατα-

155 1926 456 1992 γελώμενοι
495 1927 628 1992 μετὰ
660 1926 1079 1994 ἀγανακτήσεως
1110 1927 1214 1994 ἤδη
1254 1926 1343 1978 καὶ
1384 1909 1568 1993 μεῖζον
1609 1929 1851 1995 φθεγγό-
1875 1949 1920 1981 20

155 2033 313 2082 μενοι
360 2013 451 2067 καὶ
499 2008 622 2068 οἷον
670 2015 814 2077 εἰκὸς
867 2017 998 2076 τοὺς
1050 2023 1163 2067 τῶν
1218 2015 1448 2067 δικαίων
1497 2014 1849 2083 ἀτυχοῦντας.

157 2096 250 2156 εἶτ’
297 2103 600 2171 ἠπείλησαν
651 2106 780 2166 τοὺς
827 2104 1118 2172 ἄρχοντας,
1165 2104 1341 2171 μάτην
1386 2107 1394 2169 Ι
1443 2101 1703 2166 ἐλάττους
1733 2115 1938 2160 RII505

157 2194 321 2255 ὄντας
366 2203 478 2246 τῶν
515 2194 610 2256 τὰς
648 2194 832 2261 κώμας
870 2191 1284 2262 καρπουμένων.
1362 2186 1471 2244 εἷθ’
1509 2193 1720 2260 ἥψαντο
1760 2193 1849 2245 καὶ

158 2280 549 2335 ἐπεσπάσαντο.
628 2282 680 2334 οὶ
729 2279 778 2334 δ’
825 2280 1063 2347 ἔδειξαν,
1119 2281 1191 2342 ὡς
1246 2279 1389 2333 εἰσὶν
1438 2280 1627 2343 αὐτοῖς
1681 2282 1849 2334 λίθοι.

278 2431 330 2470 11
351 2442 416 2483 sq.
445 2427 501 2471 cf.
530 2426 637 2471 eod.
665 2401 838 2470 Thedd.
864 2426 948 2469 ΧΗ
975 2431 1013 2478 1,
1035 2429 1117 2469 128
1241 2430 1293 2468 21
1330 2426 1386 2470 ef.
1412 2427 1445 2469 t.
1471 2426 1514 2468 Π
1538 2430 1637 2481 386,
1657 2431 1682 2469 3

278 2564 302 2602 6
328 2559 416 2616 γὰρ
442 2574 518 2603 om
543 2560 636 2604 Got
662 2563 668 2614 Ι
694 2556 822 2603 τοῦτ’
851 2559 919 2602 Re
1035 2564 1058 2602 7
1085 2557 1129 2603 δ’
1159 2558 1226 2602 Re
1255 2561 1260 2615 Ι
1288 2557 1496 2611 δικαίαις
1519 2559 1588 2603 Re
1649 2557 1852 2611 δικαίοις

156 2617 267 2661 libri
299 2617 390 2663 Got
439 2621 446 2675 Ι
496 2616 847 2675 ἐξαιρουμέναις
878 2620 923 2662 Β
1083 2623 1108 2661 8
1140 2615 1456 2674 ἀδικουμένην
1487 2616 1744 2662 ἀσθένειαν
1775 2632 1850 2662 om

157 2676 207 2720 in
230 2677 307 2721 lac
333 2682 387 2721 10
410 2678 490 2722 litt
515 2680 559 2721 B
681 2681 736 2721 10
769 2674 926 2733 ῥ’ώμην
958 2674 1172 2735 δίδωσιν]
1205 2677 1413 2732 „videtur
1443 2676 1529 2733 γὰρ
1563 2678 1848 2733 interponen-

158 2737 293 2780 dum“
326 2737 395 2781 Re
519 2741 572 2780 15
604 2735 787 2786 θέλειςῗ
910 2740 963 2779 18
997 2732 1079 2780 εἶτ’
1109 2735 1273 2792 scripsi
1304 2750 1328 2779 e
1364 2736 1493 2781 GAP
1550 2732 1648 2780 εἶτα
1680 2735 1850 2793 reliqui

156 2794 268 2838 libri
300 2796 391 2839 edd
418 2798 425 2852 Ι
451 2795 614 2850 πράως
644 2797 829 2839 ΡΙΒΜ
853 2794 945 2838 Got
1065 2799 1121 2838 20
1154 2792 1253 2851 μετ’
1280 2795 1349 2838 Re
1471 2799 1526 2838 22
1560 2791 1660 2839 εἶτα
1682 2797 1824 2840 ΙΒΜ

157 2851 415 2910 ἠπείλησαν
446 2854 514 2898 Re
575 2852 791 2910 ἠπείλησε
823 2853 934 2897 libri
965 2854 1047 2898 sed
1080 2869 1101 2898 ε
1133 2855 1195 2911 (2)
1228 2867 1329 2898 eras
1361 2855 1396 2897 I
1532 2859 1588 2897 23
1622 2853 1752 2904 ὄντες
1782 2854 1851 2899 Ro

219 2917 276 2955 24
308 2913 354 2957 οἳ
376 2915 422 2958 Α
484 2912 536 2956 οἷ’
561 2914 746 2957 ΡῙΒΜ
