1992 3094
340 139 568 184 LIBANH
599 138 824 184 ORATIO
857 138 1101 184 CONTRA
1131 140 1387 186 ICARIUM
1416 142 1459 186 Π
1690 142 1762 195 55

73 297 164 331 ται
201 284 301 330 τοῦ
334 274 716 345 συμφέροντος
754 276 901 348 αὐτῷ
934 275 1024 330 καὶ
1065 283 1191 347 νικᾷ
1222 283 1410 350 μισθῷ
1436 279 1643 345 μείζονι
1672 280 1764 331 καὶ

75 361 183 435 εἶχε
238 365 422 433 λαβὼν
476 373 654 428 κακῶς
706 361 811 433 μὲν
863 363 954 417 καὶ
1008 368 1201 428 πείσας
1253 366 1344 419 καὶ
1398 367 1602 435 λαβών,
1663 368 1765 436 τὴν

75 455 361 523 Καδμείαν
413 455 577 522 νίκην
629 454 941 522 νενικηκώς.
1019 449 1129 524 εἶχε
1184 453 1234 506 δ’
1274 450 1379 508 οὗν
1438 456 1529 508 καὶ
1582 453 1765 526 ἔχαιρε

72 545 414 612 πλημμελῶν.
495 542 577 594 19.
635 541 925 611 ἐπανήκων
972 539 1033 596 δὲ
1081 542 1272 596 οὑτοσὶ
1320 542 1410 596 καὶ
1457 546 1627 612 γνοὺς
1665 546 1766 614 τὴν

73 631 288 700 ἀπάτην
340 630 532 700 ἕτερον
586 632 767 701 εὑρὼν
822 630 952 684 ἀνθ’
991 630 1181 702 ἑτέρου
1235 636 1465 695 πολλαῖς
1519 633 1766 696 ἀπειλαῖς
1813 653 1833 686 5

73 719 314 790 ἐξευρὼν
359 721 458 773 τὸν
504 719 820 788 ἐωνημένον
865 721 927 773 τὸ
975 721 1077 787 μὲν
1116 719 1179 791 ἐᾷ
1216 720 1343 790 παρ’
1376 722 1521 793 αὐτῷ
1562 720 1765 790 μένειν,

72 809 146 873 ὡς
201 807 250 862 δ’
289 810 365 872 εἰς
425 810 528 877 τὴν
580 817 818 878 γυναῖκα
875 808 1426 879 ἐπιβεβουλευμένος,
1490 810 1637 872 ὅπως
1697 809 1768 863 ἂν

72 898 447 953 ἀποκτείνειεν
492 896 677 967 ἐζήτει.
754 897 846 951 καὶ
893 897 1228 967 ἀπέκτεινεν,
1276 898 1420 952 οὕτω
1468 900 1572 969 γὰρ
1612 898 1768 963 ἄξιον

74 987 268 1056 λέγειν.
337 987 429 1040 καὶ
468 988 732 1056 τοιαύτην
772 986 801 1040 ὁ
841 991 1280 1056 μεγαλοφρονῶν
1313 986 1546 1056 Ἰκάριος
1586 987 1766 1056 ἐποιή-

71 1091 205 1130 σατο
243 1083 342 1128 τοῦ
390 1077 529 1145 πρὸς
573 1077 672 1129 τὸν
717 1077 1028 1146 βουλευτὴν
1065 1075 1311 1145 πολέμου
1350 1078 1451 1146 τὴν
1489 1077 1767 1130 ὑπόθεσιν
1791 1098 1833 1129 10

71 1167 357 1233 μειρακίου
419 1166 572 1228 τινὸς
633 1167 803 1235 ἔργον
862 1165 1164 1235 ὑπομείνας
1225 1165 1564 1234 ἀντεραστὴν
1630 1166 1768 1234 πρὸς

71 1252 353 1323 ἐρωμένην
382 1253 729 1323 πειρωμένου
760 1259 1079 1324 παρελθεῖν.
1135 1254 1222 1306 20.
1256 1254 1324 1308 ὃν
1354 1253 1520 1324 ἐχρῆν
1551 1255 1785 1307 ἅπαντα

70 1343 170 1395 τὸν
209 1341 271 1395 ἐν
308 1350 373 1413 τῆ
412 1344 568 1396 πόλει
606 1341 698 1396 καὶ
729 1353 847 1406 τοῖς
880 1343 1278 1406 καταπτύστοις
1310 1342 1767 1413 ἀργυροκοπείοις

0 1487 1 1491 ,
70 1433 414 1500 κοπτόμενον
468 1432 718 1502 ἄργυρον
770 1432 955 1485 ὕθλον
1010 1425 1153 1485 εἶναι
1207 1433 1429 1500 νομίσαι
1483 1432 1620 1501 πρὸς
1665 1432 1767 1499 τὴν

0 1539 1 1569 ὲ
71 1519 177 1573 ἀπὸ
223 1527 323 1573 τοῦ
378 1519 925 1590 καταπεφρονηκέναι
978 1529 1089 1573 τῶν
1135 1521 1406 1573 τοιούτων
1458 1518 1549 1573 καὶ
1597 1520 1767 1584 δόξαν
1791 1541 1831 1573 15

72 1607 163 1662 καὶ
210 1608 419 1662 ἐλπίδα.
495 1615 604 1662 νῦν
659 1607 707 1662 δ’
738 1609 873 1678 ἡμῖν
925 1607 1017 1662 καὶ
1073 1609 1237 1671 αὐτὸς
1288 1612 1517 1662 πλεῖστα
1571 1623 1767 1677 συγγε-

74 1696 295 1766 γένηται
334 1706 450 1760 τοῖς
480 1707 593 1752 τῶν
621 1699 897 1752 τοιούτων
927 1697 1249 1766 ἐπιστήμοσι
1281 1696 1372 1750 καὶ
1403 1698 1470 1750 τὰ
1499 1698 1601 1766 μὲν
1633 1694 1766 1765 εἷπε,

70 1788 138 1840 τὰ
184 1787 245 1840 δὲ
298 1788 539 1855 ἤκουσεν
593 1785 758 1855 ἐγγὺς
813 1785 1123 1856 ἑστηκότων
1177 1787 1363 1854 αἰτῶν,
1417 1789 1766 1855 παρακαλῶν,

73 1875 234 1945 χάριν
286 1875 730 1945 ὑπισχνούμενος
783 1874 944 1943 ἕξειν,
998 1874 1460 1945 ὑπισχνουμένων
1513 1877 1767 1943 ποιήσειν

72 1962 352 2032 ἡδόμενος.
429 1966 606 2018 καίτοι
658 1963 749 2018 καὶ
801 1965 850 2018 εἰ
897 1965 1122 2027 δικαίως
1160 1971 1332 2016 ταῦτα
1370 1962 1523 2031 ἐκτῶ,
1569 1966 1671 2032 τήν
1709 1961 1758 2031 γ’
1790 1985 1833 2016 20

72 2051 320 2116 ὑποψίαν
366 2052 534 2123 ἐχρῆν
580 2062 799 2122 φυγεῖν.
875 2054 964 2106 καὶ
1017 2054 1119 2123 γὰρ
1162 2053 1208 2105 εἰ
1248 2053 1458 2121 ψευδὴς
1497 2051 1658 2121 αὕτη,
1704 2053 1765 2104 τό

76 2159 136 2208 γε
173 2139 309 2209 μηδὲ
348 2143 449 2210 τὴν
487 2143 750 2211 τοιαύτην
783 2135 924 2196 εἶναι
959 2141 1181 2210 βέλτιον
1211 2137 1347 2209 μηδὲ
1380 2142 1527 2210 ἔχειν
1557 2138 1767 2210 ἐρωτᾶν

71 2228 280 2297 μηδένα
317 2233 450 2299 μήτε
487 2231 618 2301 τῇδε
653 2229 659 2302 1
694 2234 829 2300 μήτε
867 2229 928 2284 ἐν
969 2230 1260 2292 Γαλάταις’
1298 2231 1507 2282 πόθεν
1546 2225 1614 2281 δὲ
1644 2241 1686 2283 R
1709 2240 1851 2283 H141

74 2325 295 2384 ταῦτα;
336 2317 454 2373 ἀλλ’
486 2319 568 2372 ὅτι
607 2318 733 2389 μεθ’
766 2315 845 2372 ὧν
884 2318 1057 2390 ἀπῆρε
1094 2321 1324 2386 σκευῶν,
1363 2325 1535 2371 ταῦτα
1566 2316 1764 2385 ἐπανῆ-

74 2424 172 2458 κεν
209 2404 364 2476 ἔχων.

194 2542 217 2580 1
251 2538 376 2599 αὐτῷ
395 2539 440 2583 V
493 2539 618 2599 αὐτῷ
647 2539 818 2595 reliqui
841 2538 951 2582 libri
984 2535 1100 2582 scd
1142 2538 1191 2580 in
1214 2551 1289 2581 ras
1315 2537 1399 2591 ΡΞ,
1433 2537 1500 2580 Re
1622 2540 1648 2579 3
1679 2553 1762 2579 κα-

73 2593 215 2668 δμίαν
249 2598 293 2640 V
428 2602 455 2640 4
485 2600 609 2655 πλημ
610 2600 724 2643 ελῶν
755 2600 802 2643 Ρ
831 2598 974 2653 seda,
1007 2597 1205 2641 alterum
1238 2610 1453 2652 suprascr
1476 2595 1560 2650 ω’,
1592 2595 1757 2651 ΙΒΝ

78 2651 127 2696 δ’
154 2654 222 2699 Re
375 2661 399 2700 6
431 2656 484 2701 τὸ
517 2657 683 2714 scripsi
743 2657 826 2702 τὸν
857 2656 968 2700 libri
992 2656 1059 2699 Re
1087 2657 1093 2712 Ι
1122 2656 1246 2713 αὑτῷ
1276 2656 1344 2699 Re
1496 2660 1519 2697 7
1555 2652 1606 2698 δὲ
1638 2653 1705 2697 Re

77 2716 104 2755 9
144 2714 459 2774 μεγαλόφρων
474 2717 519 2760 Β
642 2721 697 2760 13
730 2713 1116 2788 ἀργυροκοπείοις
1148 2715 1313 2771 scripsi
1345 2715 1533 2758 auctore
1558 2713 1625 2756 Re
1658 2712 1761 2756 coll

74 2771 164 2816 t.11
180 2777 280 2827 547,
298 2778 323 2817 8
350 2776 398 2818 et
418 2775 509 2818 t.11
526 2779 627 2830 209,
639 2780 694 2818 10
712 2776 753 2818 R
812 2772 1156 2846 ἀργυροκόποις
1186 2773 1295 2817 libri
1319 2774 1386 2817 Re
1510 2775 1564 2814 14
1596 2768 1764 2815 κοπτό-

73 2845 214 2886 μενον
238 2833 402 2905 scripsi
420 2833 523 2877 coll.
537 2810 627 2877 t.11’
641 2837 807 2888 554,19
869 2830 1156 2889 τυπτόμενον
1179 2833 1288 2876 libri
1306 2832 1372 2875 Re
1496 2835 1548 2873 17
1576 2826 1704 2874 εἶπεν
1718 2830 1763 2874 Α

86 2911 90 2914 ·
137 2893 191 2933 18
223 2887 271 2934 δ’
299 2891 367 2935 Re
511 2897 566 2936 22
602 2892 662 2949 μὴ
697 2893 747 2936 δὲ
781 2894 843 2949 (1)
876 2893 1006 2935 IBV
1050 2893 1055 2950 Ι
1098 2892 1160 2949 (2)
1186 2892 1351 2936 ΑΡΙΒ
1435 2885 1545 2946 μηδ’
1574 2888 1702 2933 VRe

75 2950 132 2990 23
163 2948 396 3002 Γαλάταις
427 2953 693 3007 suspecssum
757 2950 1025 3005 Γαδάροιςῗ)
