1992 3094
567 134 796 179 LIBANII
827 134 1051 180 ORATIO
1084 135 1164 180 DE
1197 137 1404 182 PACTIS
1727 139 1835 191 343

141 279 336 324 πονεῖν
381 270 413 339 ἢ
463 271 1033 339 προσαναγκάζεσθαι.
1107 273 1319 341 πληγὰς
1369 274 1430 326 δὲ
1480 274 1547 326 οὐ
1599 276 1833 327 κωλύσει

141 361 318 429 φόβος
356 358 726 412 ἀποστάσεων.
802 367 912 412 νῦν
953 361 958 425 Ι
995 358 1044 412 δ’
1081 360 1134 412 οἱ
1172 357 1273 427 μὲν
1313 361 1685 431 ῥᾳθυμοῦσιν,
1719 375 1922 420 R11426

141 450 194 502 οἱ
226 446 276 501 δ’
308 447 410 502 οὐκ
442 447 749 516 ἐπιτιμῶσι,
789 448 878 501 καὶ
912 449 965 501 οἱ
997 449 1098 516 μὲν
1130 451 1526 519 καθεύδουσιν,
1568 452 1624 504 οἰ
1652 450 1700 504 δ’
1734 453 1835 506 οὐκ

141 536 504 606 ἐπεγείρουσι,
542 535 633 590 καὶ
675 538 729 590 οἱ
766 537 868 604 μὲν
901 540 1333 605 πλημμελοῦσιν,
1373 540 1431 591 οἱ
1460 536 1521 592 δὲ
1554 550 1835 593 σιωπῶσιν

141 626 347 688 εἰδότες
392 625 518 694 μέν,
566 626 640 688 ὡς
687 626 753 678 οὐ
795 626 981 678 δίκαια
1019 633 1302 694 ποιοῦσιν,
1350 628 1452 680 οὐκ
1499 627 1835 692 ἀκινδύνους
1881 651 1902 683 5

140 712 202 768 δὲ
242 714 429 777 αὑτοῖς
466 715 561 777 τὰς
600 716 903 776 νουθεσίας
943 715 1307 785 εὑρίσκοντες·

255 804 338 856 11.
394 801 559 857 Ἀλλὰ
610 804 799 856 δεινὸν
849 797 990 857 εἶναι
1044 807 1324 873 φήσουσιν
1375 806 1427 858 οἱ
1482 804 1730 875 πατέρες,
1786 808 1833 860 εἰ

136 893 210 961 μὴ
258 893 323 945 τὰ
372 893 647 946 δοκοῦντα
694 894 854 961 σφίσι
900 891 1026 962 περὶ
1074 903 1183 946 τῶν
1233 895 1448 947 παίδων
1497 892 1646 947 ἔσται
1696 892 1833 963 μηδὲ

135 980 417 1051 4ἐπιτρέψει
456 1002 539 1044 τις
578 982 686 1053 ὅτῳ
725 982 1022 1049 βούλονται
1066 983 1428 1051 παραδοῦναι.
1505 981 1596 1035 καὶ
1636 985 1738 1053 γὰρ
1779 984 1831 1037 οἱ

138 1070 462 1124 διδάσκαλοι
509 1071 699 1144 δεινὸν
746 1066 889 1123 εἶναι
936 1073 1237 1139 φήσουσιν,
1293 1072 1339 1124 εἰ
1394 1072 1582 1140 μηδεὶς
1630 1071 1832 1136 αὐτοὺς
1858 1095 1902 1127 ιο

138 1158 286 1213 ἐάσει
341 1161 651 1228 διακρίνειν
706 1153 788 1222 οἷς
837 1179 895 1212 τε
947 1161 1031 1213 δεῖ
1087 1169 1337 1214 συνεῖναι
1387 1171 1499 1214 τῶν
1548 1160 1691 1213 νέων
1741 1160 1831 1214 καὶ

137 1240 221 1310 οἷς
259 1250 346 1317 μή.
416 1245 532 1301 ἔστι
572 1263 662 1301 σοι
700 1257 842 1311 παῖς.
911 1256 1111 1302 τοῦτο-ν
1149 1249 1338 1316 βούλει
1378 1256 1473 1317 τῆς
1511 1257 1610 1302 τοῦ
1652 1249 1833 1318 λέγειν

137 1337 424 1404 δυνάμεως
491 1347 795 1407 μετασχεῖν.
903 1338 1176 1406 κάθηνται
1245 1337 1440 1391 πολλοὶ
1509 1339 1831 1392 διδάσκαλοι

136 1428 319 1498 χρόνῳ
369 1433 557 1499 μακρῷ
598 1425 1060 1495 βεβασανισμένοι
1106 1435 1302 1495 πεῖραν
1349 1436 1510 1495 σφῶν
1549 1427 1731 1480 αὐτῶν
1770 1426 1831 1480 ἐν

137 1507 222 1577 οἷς
259 1516 364 1583 ἤδη
397 1517 552 1578 τινὰς
583 1517 981 1569 πεπαιδεύκασι
1022 1516 1334 1578 δεδωκότες.
1402 1516 1616 1568 τούτων
1656 1516 1722 1569 ὃν
1760 1515 1830 1568 ἂν
1856 1537 1899 1569 15

135 1605 195 1657 οί
242 1603 497 1673 λογισμοὶ
548 1606 823 1658 πείθωσιν
878 1604 1135 1674 ἑλόμενος
1184 1602 1246 1657 ἔα
1295 1605 1577 1673 παραδοὺς
1627 1603 1828 1671 μένειν.

140 1693 223 1745 12.
271 1694 332 1746 τὸ
374 1690 436 1746 δὲ
475 1701 583 1747 νῦν
612 1691 714 1763 μὲν
754 1694 828 1757 ὡς
856 1701 1073 1761 τοῦτον,
1114 1700 1220 1746 νῦν
1259 1693 1320 1746 δὲ
1359 1693 1431 1755 ὡς
1466 1693 1635 1746 ἄλλον
1673 1693 1829 1760 ἄγειν

135 1782 203 1835 οὐ
235 1784 438 1835 τοῦτόν
469 1782 585 1836 ε’στι
620 1783 1019 1850 θαυμάζοντος,
1060 1780 1176 1834 ἀλλ’
1208 1780 1422 1835 ἐκεῖνον
1461 1781 1827 1849 ἀτιμάζοντος.

134 1869 284 1923 τοῦτ’
323 1867 427 1924 οὖν
478 1870 506 1924 ὁ
554 1872 811 1942 δεύτερος
861 1866 1024 1934 οὗτος
1075 1872 1479 1939 αἰσθανόμενος
1530 1868 1645 1938 ἐρεῖ
1690 1870 1827 1938 πρὸς

135 1956 197 2012 σὲ
243 1961 411 2030 μικρὰ
448 1959 539 2013 καὶ
579 1959 796 2030 μέτρια,
845 1960 930 2013 ὅτι
977 1959 1078 2012 οὐκ
1125 1957 1194 2011 ἂν
1241 1959 1411 2011 αὑτόν
1449 1972 1538 2011 σοι
1579 1958 1715 2025 πρὸς
1760 1959 1895 2013 ‘coho

132 2056 360 2102 τοιαῦτα
397 2050 669 2119 παράσχοι
709 2047 828 2102 οὐδ’
869 2048 938 2102 ἂν
984 2048 1210 2118 ὑβρίσαι
1248 2049 1380 2116 μετὰ
1421 2054 1524 2099 σοῦ
1563 2048 1660 2099 τὸν
1701 2046 1826 2113 ὁμό-

134 2155 342 2206 τεχνον.
431 2139 479 2191 εἰ
534 2136 584 2190 δ’
623 2137 804 2200 ἔλκοις
858 2138 1028 2191 αὐτὸν
1079 2141 1157 2199 εἰς
1210 2137 1270 2188 τὸ
1326 2136 1683 2203 δικαστήριον
1736 2136 1824 2188 καὶ

133 2235 475 2296 κατηγοροῖς,
507 2227 611 2280 οὐκ
643 2226 907 2295 ἀπορήσει
942 2227 1140 2293 λόγων,
1177 2222 1292 2277 ἀλλ’
1326 2223 1432 2287 ἕξει
1463 2222 1554 2276 καὶ
1586 2226 1826 2286 πολλοὺς

253 2509 279 2548 2
312 2506 417 2549 νυνὶ
450 2505 501 2550 δὲ
526 2506 594 2550 Re
716 2510 740 2548 3
771 2505 815 2550 οἱ
840 2505 922 2563 (1)]
949 2503 1001 2547 οῗ
1018 2503 1192 2548 PIBV
1220 2506 1225 2558 Ι
1262 2502 1311 2546 δὲ
1338 2502 1404 2545 Re
1440 2505 1444 2556 Ι
1481 2500 1525 2545 οἱ
1552 2502 1632 2560 (3)]
1659 2500 1704 2544 οἳ
1722 2501 1763 2544 Α

43 2588 45 2590 -
133 2561 188 2606 οῖ’
203 2563 360 2620 ΙΒῩΙ
389 2563 441 2609 δὲ
465 2565 533 2609 Re
646 2570 674 2608 4
697 2567 1004 2621 πλημελοῦσιν
1029 2563 1147 2607 PIB
1161 2562 1227 2605 Va
1255 2563 1261 2615 Ι
1290 2560 1335 2605 οἳ
1360 2562 1403 2604 A
1518 2564 1543 2603 6
1569 2561 1727 2610 αὐτοῖς
1751 2561 1778 2603 1
1790 2561 1832 2604 V

194 2622 364 2674 αὐτοὺς
386 2623 488 2668 Mor
608 2628 635 2668 8
669 2628 803 2680 „post
835 2623 961 2668 ἔσται
986 2622 1162 2666 videtur
1185 2620 1492 2679 βουλεύεσθαι
1516 2620 1583 2663 vel
1605 2617 1825 2674 πράττειν

131 2681 201 2724 vel
231 2683 395 2727 similis
424 2684 685 2739 infinitivus
715 2684 889 2727 deesse“
921 2681 988 2725 Re
1027 2681 1034 2739 Ι
1072 2679 1132 2736 μὴ
1164 2679 1215 2725 δὲ
1248 2679 1466 2724 APIBV
1583 2682 1607 2721 9
1640 2675 1709 2728 τίς
1738 2678 1772 2721 Ι

113 2743 188 2795 ,11
222 2740 303 2784 τὸν
335 2739 444 2786 νέον
475 2743 510 2785 Ι
626 2747 679 2786 13
711 2748 973 2798 μετασχεῖν,
1007 2739 1097 2784 edd
1233 2744 1285 2782 15
1319 2734 1383 2781 ὧν
1415 2737 1517 2780 Mor
1639 2741 1692 2780 16
1724 2735 1823 2781 πεί-

134 2804 306 2843 σωσινῗ
471 2805 529 2844 20
561 2800 706 2845 αὑτὸν
738 2814 794 2845 ex
826 2799 940 2844 αὐτὸ
973 2812 1074 2843 corr
1106 2797 1171 2842 Ρ3
1231 2796 1371 2846 αὐτός
1401 2798 1445 2840 Α
1479 2796 1559 2839 sed
1593 2813 1646 2852 γρ
1679 2794 1823 2840 αὑτόν

44 2854 50 2891 s
132 2885 184 2930 in
214 2901 362 2946 marg,
394 2888 497 2933 Mor
557 2877 707 2934 αὐτόέ
731 2890 838 2934 JVa
899 2885 1042 2931 αὐτόν
1076 2887 1121 2931 Β
1242 2890 1296 2928 22
1331 2886 1380 2930 az
1414 2884 1480 2928 Re
1509 2887 1514 2939 ι
1544 2882 1687 2935 ἕλκεις
1717 2884 1818 2940 IB}

44 2952 60 3004 ξ
135 2946 271 2990 αὐτοὶ
302 2949 337 2991 Ι
454 2952 509 2990 23
542 2954 813 3005 κατηγορεῖς
844 2947 918 2990 IB
945 2946 951 3004 1
981 2945 1070 2999 ἕξει
1103 2947 1148 2990 Ρ
1176 2944 1258 2989 sed
1290 2961 1330 2989 ει
1363 2944 1455 2987 add
1492 2943 1558 2986 m³
