1992 3094
131 1061 173 1091 10

134 1945 176 1977 20

195 105 299 158 136
716 103 941 147 LIBANII
973 101 1197 147 ORATIO
1229 102 1377 146 XXXI

193 241 531 302 παιδεύσεως
598 235 779 292 ἆθλον
845 247 1008 292 τοῦτο
1071 234 1154 306 ἢν.
1237 237 1342 307 <ἢ>
1394 247 1599 308 μικρῶς
1667 236 1881 307 ἐτιμᾶτε

194 330 295 397 τὴν
333 330 538 397 σοφίαν
577 326 734 392 ἀξίαν
777 347 840 396 γε
887 323 1079 395 οὖσαν,
1127 327 1200 390 ὡς
1238 326 1344 395 ἐγώ
1391 346 1556 395 φημι,
1603 326 1882 394 στεφάνου

195 419 285 470 καὶ
347 416 697 487 ἀναρρήσεως
758 415 847 468 καὶ
910 419 1111 485 χαλκῆς
1172 417 1386 478 εἰκόνος
1447 413 1538 467 καὶ
1593 415 1883 485 χρημάτων

197 506 370 559 ὁπόσα
409 504 469 558 ἐν
508 512 591 574 γῇ.
669 505 754 557 23.
806 503 922 558 ἀλλ’
956 506 1004 557 εἰ
1043 505 1260 567 πάντως
1300 505 1385 557 δεῖ
1422 504 1640 565 τούτοις
1679 502 1882 556 ἐλάττω

195 596 260 646 τὰ
314 592 438 663 παρ’
477 594 634 662 ὑμῶν
688 587 830 646 εἶναι
884 594 975 646 καὶ
1021 603 1132 646 τῶν
1179 595 1516 662 παρανόμων
1563 591 1624 645 ἒν
1662 611 1714 644 τι
1767 601 1884 655 τοῖς

197 683 383 745 αὐτοῖς
416 681 604 754 ἐκείνῳ
637 681 958 751 τρέφεσθαι,
991 681 1081 735 καὶ
1115 682 1290 744 οὕτως
1321 681 1382 734 ἐν
1413 680 1698 734 ἐλάττοσιν
1728 678 1884 734 ἔσον-

197 792 297 824 ται.
374 773 476 839 τήν
515 770 580 839 γε’
614 791 700 823 τοι
741 769 1003 834 σύνταξιν
1043 769 1167 834 ἑνὸς
1206 770 1409 840 ἀνδρὸς
1447 769 1663 823 ἐκείνου
1702 769 1884 823 τέττα-

198 879 288 928 ρες
327 861 482 921 ὄντες
519 858 868 927 νενέμηνται,
919 860 1057 912 ὥστε
1101 858 1208 912 κᾶν
1245 861 1374 921 τοὺς
1421 858 1626 928 ἀγροὺς
1671 857 1884 928 ὑπάρξῃ

198 951 406 1015 λαβεῖν,
446 956 556 1000 τῶν
595 966 657 1015 γε
695 948 818 1017 περὶ
850 949 951 1016 τὴν
991 947 1254 1011 σύνταξιν
1293 946 1354 1000 ἐν
1385 946 1566 1018 ταύτῷ
1605 949 1886 1016 μενόντων

198 1038 350 1090 οὔπω
391 1038 456 1088 τὰ
493 1037 706 1090 τούτων
745 1037 821 1099 εἰς
861 1041 986 1090 ἴσον
1024 1046 1140 1099 τοῖς
1179 1036 1392 1090 ἐκείνου
1433 1037 1774 1089 καθίσταται.

309 1125 394 1177 24.
445 1123 534 1187 Ὡς
572 1125 674 1194 μὲν
715 1120 819 1177 οὖν
859 1122 1027 1178 οὐδὲν
1072 1126 1268 1178 καινὸν
1314 1130 1640 1194 εἰσηγοῦμαι
1685 1144 1888 1194 μεμνη-

196 1214 358 1283 μένος
398 1213 600 1283 ἀγρῶν,
656 1213 685 1267 ὁ
732 1215 838 1283 πρὸ
884 1215 1097 1267 τούτων
1146 1215 1385 1283 εἰληφὼς
1431 1212 1519 1266 καὶ
1569 1215 1887 1283 γεωργήσας

197 1303 403 1371 μάρτυς
442 1301 610 1371 ἐστίν,
651 1297 802 1371 οἶμαι
844 1301 891 1355 δ’
925 1305 973 1356 εἰ
1012 1302 1103 1356 καὶ
1149 1306 1307 1372 μήπω
1351 1305 1626 1373 πρότερον
1664 1301 1887 1370 δεδομέ-
1957 1369 1960 1374 .

198 1412 301 1460 νην
362 1390 682 1460 ἐξεύρισκον
743 1401 858 1454 τοῖς
917 1393 1247 1445 παιδεύουσι
1310 1394 1597 1460 βοήθειαν,
1660 1391 1761 1444 οὐκ
1819 1390 1888 1444 ἂν

154 1505 173 1535 5
198 1481 344 1549 παρὰ
381 1488 546 1533 τοῦτο
588 1481 812 1543 δικαίως
850 1481 922 1548 μὴ
962 1483 1152 1544 πείσας
1190 1480 1472 1534 ἀπελθεῖν.
1535 1481 1601 1533 οὐ
1641 1481 1747 1549 γὰρ
1787 1481 1889 1549 τὴν

197 1570 491 1637 καινότητα
529 1578 640 1622 τῶν
679 1569 1032 1637 εἰσηγήσεων,
1074 1568 1211 1622 ἀλλὰ
1246 1571 1349 1638 τὴν
1378 1569 1649 1638 αἰσχύνην
1681 1569 1888 1639 φυλάτ-

199 1662 394 1709 τεσθαι
433 1659 695 1726 προσήκει
735 1659 865 1719 τοὺς
910 1656 1355 1726 βουλευομένους
1401 1656 1600 1727 ὀρθῶς.
1679 1659 1889 1711 ἄτοπον

200 1746 302 1814 γὰρ
342 1754 454 1797 τῶν
491 1742 591 1811 μὲν
629 1747 985 1815 κρατούντων
1022 1747 1089 1798 τὰ
1129 1747 1402 1799 δοκοῦντα
1450 1748 1611 1815 χείρω
1652 1747 1887 1799 λύεσθαι

200 1834 290 1886 καὶ
328 1835 429 1902 τὴν
467 1834 641 1902 φύσιν
687 1842 786 1887 τοῦ
832 1835 1147 1904 πράγματος
1195 1834 1555 1904 ἰσχυροτέραν
1602 1831 1742 1888 εἶναι
1788 1839 1887 1887 τοῦ

201 1925 430 1991 χρόνου,
485 1923 620 1975 κατὰ
667 1919 727 1975 δὲ
781 1933 891 1976 τῶν
945 1923 1097 1976 οὔπω
1152 1925 1519 1992 νενικηκότων
1570 1924 1781 1992 ἰσχύειν
1827 1923 1888 1975 τὸ

200 2013 271 2079 μὴ
310 2020 422 2063 τῶν
460 2012 741 2064 εἰωθότων
782 2007 924 2065 εἶναι
963 2013 1028 2064 τὰ
1067 2014 1347 2080 λεγόμενα.

313 2098 398 2151 25.
454 2101 650 2152 Καίτοι
695 2100 840 2162 τινὲς
879 2099 966 2153 ἐπὶ
1006 2109 1116 2153 τῶν
1164 2100 1539 2170 ἐργαστηρίων
1584 2102 1891 2170 καθήμενοι

201 2189 325 2255 περὶ
372 2195 466 2255 τῆς
519 2196 630 2240 τῶν
678 2188 1030 2242 διδασκάλων
1075 2189 1337 2258 εὐπορίας
1383 2188 1732 2257 διαλέγονται
1778 2198 1891 2242 τῶν

202 2295 257 2327 τε
298 2275 439 2329 νέων
485 2277 790 2344 κατάλογον
843 2278 1167 2346 ποιούμενοι
1219 2276 1310 2330 καὶ
1365 2278 1618 2346 σταθμὸν
1663 2276 1752 2330 ἐπὶ
1799 2277 1892 2329 δα-

323 2427 347 2464 2
380 2421 510 2464 Dem.
539 2421 595 2464 de
622 2435 711 2466 cor.
737 2438 780 2478 p.
803 2427 901 2478 244,
920 2427 973 2465 ‘21
1121 2428 1175 2466 22
1207 2422 1337 2466 Dem.
1365 2437 1402 2466 c.
1429 2422 1594 2468 Neaer.
1620 2437 1664 2478 p.
1688 2426 1815 2475 1367,
1833 2424 1890 2464 26
1950 2460 1953 2461 γ

324 2558 346 2596 1
382 2549 544 2597 ἆθλον.
579 2553 620 2597 εἰ
644 2561 779 2598 τοῦτο
806 2550 878 2610 ἦν,
910 2555 1124 2598 Monnier
1155 2555 1237 2611 qui
1271 2555 1534 2598 adnotavit:
1568 2556 1754 2611 „potuit
1783 2567 1889 2610 quo·

205 2626 287 2669 que
318 2614 492 2656 servari
516 2614 666 2657 Reisk.
702 2615 829 2657 lectio
859 2615 1016 2659 addito
1042 2612 1070 2669 ἢ
1096 2618 1217 2670 μικ.“
1246 2616 1251 2670 j
1282 2612 1309 2669 ἢ
1341 2614 1517 2658 inserui
1549 2615 1736 2657 auctore
1761 2613 1892 2656 Mon·

203 2671 331 2715 nerio
423 2670 541 2715 οὕτω
576 2671 661 2727 γὰρ
696 2669 755 2715 ἂν
786 2680 958 2728 μικρῶς
989 2673 1094 2717 coni
1117 2674 1186 2716 Re
1329 2679 1354 2716 5
1388 2672 1437 2716 ἕν
1461 2674 1524 2731 τι]
1555 2687 1669 2716 num
1702 2672 1831 2716 ἐστὶῗ

264 2734 287 2771 7
322 2730 370 2787 γὲ
395 2731 442 2774 Ρ
471 2731 553 2773 sed
587 2729 672 2786 γὰρ
698 2744 911 2786 suprascr
934 2733 1003 2774 m⁵
1064 2732 1152 2788 γάρ
1183 2749 1255 2776 τοι
1280 2733 1426 2775 ΒΡαν
1448 2732 1552 2775 Mor
1671 2735 1697 2773 8
1730 2731 1820 2774 κάν
1843 2729 1891 2772 Β

266 2793 318 2831 10
353 2785 452 2831 ἴσον
478 2790 509 2831 Ι
627 2794 680 2831 15
714 2788 907 2840 δικαίως
931 2791 1094 2846 scripsi
1156 2789 1338 2840 δίκαιος
1364 2790 1474 2834 libri
1498 2791 1604 2845 edd,
1634 2792 1742 2846 post
1765 2787 1890 2844 quod

204 2843 326 2890 εἶναι
349 2847 474 2891 inser
490 2848 571 2899 Re,
598 2847 772 2891 delevit
795 2848 1061 2893 Monnerius
1184 2854 1237 2892 17
1270 2848 1633 2907 βουλευομένους
1655 2850 1689 2891 Ι
1707 2848 1788 2891 sed
1813 2862 1891 2892 ευο

204 2906 251 2948 in
276 2919 351 2948 ras
375 2906 444 2948 m³
568 2911 621 2950 18
654 2906 736 2962 μὲν
771 2907 855 2963 γὰρ
888 2908 989 2951 Mor
