1992 3094
632 117 974 162 PRAEFATIO
1008 117 1244 163 CRITICA
1689 121 1789 164 LXI

102 262 279 310 fleatur
323 275 476 322 aeque
525 260 673 320 atque
718 260 770 305 in
818 259 1222 307 antecedentibus
1268 259 1427 307 πάντα
1466 260 1661 325 κρείττω
1700 267 1787 308 τοῦ

101 353 148 385 τι
178 337 363 383 παθεῖν
393 330 562 398 ἤρχετο
594 330 898 395 πληττόμενα
923 329 1011 395 μὲν
1035 336 1136 391 τοῖς
1166 333 1414 394 πεφυκόσι
1444 334 1787 397 λυμαίνεσθαι,

100 407 406 473 κρατούμενα
445 403 496 454 δὲ
535 400 622 454 ὑπ’
658 405 875 464 οὐδενός.

212 514 258 559 p.
285 497 484 557 459,21
528 493 740 559 ἔφευγον
779 491 1080 558 ἀποροῦντες
1116 492 1303 560 στέγης,
1342 493 1641 560 ἀποροῦντες
1679 514 1787 561 τρο-

100 577 221 635 φῆς,
262 567 354 618 οὐκ
384 567 571 634 ἔχοντες
603 566 769 632 ἰατρὸν
801 565 1076 616 ἀντιθεῖναι
1114 572 1217 627 τοῖς
1247 567 1301 617 ἐκ
1331 575 1417 633 τῆς
1448 570 1787 635 ταλαιπωρίας.

100 643 243 701 Quod
280 642 639 692 Herwerdenus
674 659 721 704 p.
750 644 853 690 119
894 646 1008 704 post
1046 643 1372 708 ταλαιπωρίας
1412 644 1590 691 addere
1629 645 1789 693 voluit

100 716 395 781 παθήμασιν
442 731 862 779 supervacaneum
908 719 996 765 est.
1065 714 1124 764 τὰ
1161 714 1214 764 ἐκ
1251 723 1338 780 τῆς
1376 717 1702 781 ταλαιπωρίας
1741 721 1789 766 et

99 792 286 841 similia
322 791 562 839 Libanius
601 790 652 837 in
692 790 883 838 deliciis
923 791 1085 839 habet.

211 897 258 943 p.
292 880 415 941 460,
434 881 464 927 9
514 878 802 941 σεσώσμεθα
846 876 937 944 γὰρ
985 885 1042 947 τῇ
1094 877 1328 943 βασιλέως
1373 878 1558 948 ψήφῳ,
1609 878 1790 944 ε’ρχεται

102 952 156 1003 δέ
201 971 246 1002 τι
291 953 531 1018 σωτηρίας
577 950 660 1000 καὶ
707 950 784 1000 ἐπὶ
831 952 922 1016 τὴν
969 951 1063 1016 σὴν
1109 953 1326 1018 γνώμην.
1403 953 1660 1001 Articulus
1703 961 1790 1018 τῆς

101 1044 246 1090 quem
276 1027 633 1076 Herwerdenus
666 1030 782 1075 ante
814 1027 1057 1091 σωτηρίας
1094 1028 1244 1076 inseri
1275 1029 1450 1088 voluit,
1489 1030 1789 1076 necessarius

99 1118 199 1150 non
237 1104 325 1150 est.
653 1115 656 1119 ·

211 1193 258 1238 p.
291 1177 497 1236 461,11
549 1175 620 1234 τίς
666 1173 758 1240 γὰρ
807 1178 991 1238 μᾶλλον
1036 1172 1099 1223 ἂν
1144 1174 1342 1234 εἰκότως
1383 1173 1694 1240 ἐκαρπώσατο
1733 1173 1791 1224 τὰ

101 1248 355 1315 γράμματα
394 1257 481 1298 τοῦ
515 1249 672 1313 μόνου
703 1256 800 1297 τῶν
835 1247 989 1312 [τοὺς]
1025 1249 1208 1308 ἵππους
1238 1248 1546 1300 ἐλαυνόντων
1578 1264 1789 1313 μιμησα-

100 1321 252 1387 μένου
301 1322 359 1372 τὰ
408 1323 685 1385 Καισαρίου
734 1322 906 1389 πτερά;
984 1323 1267 1371 Articulum
1316 1322 1432 1382 τοὺς
1483 1339 1629 1386 quem
1679 1339 1790 1371 can-

101 1398 278 1447 cellavi
325 1398 683 1446 Herwerdenus
734 1400 922 1446 servari
975 1414 1117 1460 posse
1172 1398 1318 1461 dixit,
1374 1401 1427 1445 at
1480 1399 1533 1446 in
1587 1399 1789 1459 optimis

99 1471 240 1520 libris
279 1472 416 1521 deest
448 1475 497 1520 et
527 1473 581 1519 in
622 1489 717 1520 uno
755 1474 954 1520 tantum
990 1472 1156 1520 codice
1194 1474 1466 1520 recentiore
1505 1474 1789 1534 passimque

98 1548 315 1594 correcto
355 1548 528 1595 exstat.

212 1651 260 1696 p.
294 1636 416 1696 461,
439 1636 504 1683 18
553 1631 604 1683 σὲ
653 1631 704 1683 δὲ
752 1634 998 1699 μακαρίζω
1046 1631 1134 1698 μὲν
1180 1641 1267 1698 τῆς
1312 1641 1399 1683 τοῦ
1439 1631 1673 1698 βασιλέως
1711 1633 1790 1683 εὐ-

101 1707 261 1772 νοίας,
308 1709 554 1773 μακαρίζω
595 1705 647 1757 δὲ
686 1716 773 1773 τῆς
812 1708 1124 1773 φρονήσεως,
1173 1708 1418 1773 μακαρίζω
1466 1705 1518 1756 δὲ
1565 1715 1652 1756 τοῦ
1693 1704 1786 1773 [τε]

100 1788 300 1831 τοιαῦτα
324 1779 412 1846 μὲν
436 1781 711 1848 εἰργάσθαι,
743 1789 944 1831 τοιαῦτα
976 1779 1027 1831 δὲ
1056 1786 1240 1850 σεαυτῷ
1267 1780 1556 1831 συνειδέναι.
1617 1783 1789 1844 Neque

102 1853 161 1903 τὰ
199 1857 329 1919 quod
373 1857 481 1905 loco
528 1857 803 1919 particulae
851 1875 898 1906 τε
945 1872 1125 1919 ponere
1165 1857 1326 1906 voluit
1364 1857 1594 1904 Reiskius
1633 1873 1790 1918 neque

101 1947 154 1995 γε
193 1930 324 1993 quod
360 1931 741 1992 Herwerdenus,
789 1931 1099 1992 probandum
1145 1930 1284 1979 duco.
1363 1930 1505 1978 Prius
1544 1930 1791 1978 refutatur

103 2005 327 2066 sequenti
365 2012 563 2053 τοιαῦτα
603 2003 669 2066 ὁέ,
710 2005 921 2053 alterum
954 2005 1179 2053 omnibus
1212 2005 1614 2053 antecedentibus
1647 2020 1789 2067 gene-

102 2078 220 2126 tivis
257 2080 504 2140 particula
549 2081 705 2142 privis
752 2095 911 2141 neque
956 2080 1127 2140 aptum
1165 2079 1368 2140 praebet
1407 2094 1614 2126 sensum.
1690 2078 1788 2125 Ita-

104 2167 198 2213 que
236 2153 454 2201 nondum
492 2169 569 2201 me
609 2155 832 2216 paenitet
870 2170 917 2201 τε
956 2153 1265 2201 cancellasse.
1346 2151 1529 2200 Contra

211 2258 258 2303 p.
285 2242 407 2302 462,
420 2244 448 2289 7
483 2240 633 2290 καλὸν
665 2239 753 2305 μὲν
785 2234 876 2290 οὖν
916 2239 997 2289 καὶ
1036 2239 1180 2306 ἀνδρὶ
1219 2239 1511 2290 συνειπόντα
1549 2239 1787 2289 κινδύνου

101 2321 294 2376 σαφοῦς
338 2313 603 2380 ἐξαρπάσαι
648 2314 731 2364 καὶ
776 2315 829 2365 τὸ
876 2313 961 2378 νηὶ
1007 2321 1134 2363 ναῦν
1179 2313 1500 2379 ἐπαμύνασαν
1539 2313 1785 2378 ἀποκρού-

102 2391 286 2436 σασθαι
323 2388 499 2457 λῃστάς
529 2389 915 2438 Herwerdenum
952 2387 1004 2437 τὸ
1045 2389 1287 2437 delentem
1327 2405 1421 2437 non
1463 2388 1783 2436 laudaverim.

101 2459 337 2512 Libanius
375 2463 583 2524 addidit,
622 2466 740 2526 quia
780 2480 962 2512 novum
1001 2463 1273 2511 subiectum
1311 2456 1480 2529 (ναῦς)
1521 2462 1785 2510 inducitur.

213 2567 260 2612 p.
285 2551 408 2612 462,
422 2554 486 2599 12
529 2550 621 2620 ὅτῳ
662 2549 714 2600 δὲ
753 2551 906 2600 εἰπεῖν
945 2550 1018 2599 ε’νι
1056 2549 1138 2599 καὶ
1177 2549 1439 2599 σεσωκέναι
1477 2550 1638 2610 πόλιν,
1678 2544 1782 2597 ἀλλ’

104 2619 165 2671 οὔ
202 2642 247 2671 τι
284 2642 335 2689 γε
373 2624 631 2689 τοσαύτην.
702 2625 842 2681 Quod
872 2625 1231 2673 Herwerdenus
1266 2642 1356 2687 pro
1396 2623 1489 2673 ὅτω
1528 2624 1786 2686 proposuit

103 2693 260 2766 ἑτέρω,
298 2715 395 2747 11011
437 2700 594 2747 solum
628 2715 1045 2761 supervacaneum
1076 2699 1287 2759 videtur,
1327 2699 1411 2746 sed
1444 2700 1594 2745 etiam
1627 2699 1788 2744 minus

104 2770 280 2832 placet,
317 2773 377 2819 ut
416 2773 548 2834 quod
573 2775 885 2828 „sententiam
928 2772 1167 2820 debilitet.

213 2861 262 2906 p.
287 2846 450 2906 465,6
485 2844 748 2909 μηδέτερον
778 2853 875 2894 τῶν
906 2843 1239 2908 ἀναλωμάτων
1274 2845 1456 2912 φύγῃς,
1496 2843 1628 2902 ὅπως
1667 2839 1785 2905 ἡμῖν

108 2912 293 2978 μὲνὼς
323 2917 432 2983 περὶ
463 2919 665 2968 πολίτου
697 2917 1007 2984 διαλέγεσθαι
1037 2918 1160 2981 πρός
1199 2936 1246 2966 τε
1278 2916 1518 2980 ἀλλήλους
1548 2915 1630 2965 καὶ
1667 2916 1789 2980 πρὸς
