1992 3094
378 100 607 145 LIBANII
637 100 862 146 ORATIO
895 100 1154 146 CONTRA*
1169 102 1565 148 FLORENTIUM
1707 103 1812 157 397

126 241 277 304 εἴπερ
318 235 500 305 ἀληθῆ
535 234 684 288 ταῦτ’
724 232 811 304 ἦν,
849 240 1062 304 μᾶλλον
1100 237 1212 291 ἔδει
1251 239 1438 292 δεινὸν
1477 241 1666 293 δοκεῖν
1695 253 1737 297 R
1759 253 1904 297 H488

124 326 187 378 τὸ
225 325 394 378 πόλιν
428 323 565 392 ὅλην
603 328 937 393 πλημμελεῖν
975 324 1009 394 ἢ
1039 325 1101 377 τὸ
1133 325 1455 395 μέμφεσθαί
1487 347 1614 382 τινα
1644 332 1815 382 πόλει.

125 415 324 483 μείζων
361 413 467 482 γὰρ
506 411 539 480 ἡ
579 413 757 482 βλάβη
793 418 868 485 τῷ
900 421 1084 466 ποιεῖν
1123 412 1156 466 ἃ
1193 416 1265 484 μὴ
1305 415 1406 484 δεῖ,
1444 415 1477 485 ἦ
1517 418 1615 470 τὸν
1651 425 1815 471 τοῦτο

128 501 357 570 λέγοντα
403 494 561 554 εἶναι.
644 498 724 554 ἔτι
774 503 970 554 τοίνυν
1016 500 1136 554 οὐδ’
1178 502 1388 573 ἁπάσης
1437 506 1622 573 ἔλεγεν
1675 500 1816 559 εἶναι

125 592 227 660 τὴν
259 591 456 657 αἰτίαν,
497 589 557 652 ὅς
588 609 648 658 γε
681 590 748 643 οὐ
780 591 904 660 περὶ
936 590 1175 659 πάντων,
1215 602 1326 645 τῶν
1357 591 1405 645 δ’
1438 595 1618 647 ὄντων
1648 593 1711 648 ἐν
1747 601 1822 667 τῷ
1864 615 1883 644 5

126 679 359 751 θεάτρῳ.
435 680 578 732 πολὺ
626 679 730 748 γὰρ
776 677 948 731 πλέον
994 676 1064 747 ἦν
1109 687 1208 733 τοῦ
1250 683 1520 751 παρόντος
1556 684 1617 736 τὸ
1658 683 1817 751 ἅπόν,

127 769 218 822 καὶ
256 767 568 821 πολλοστὸν
613 766 778 837 μέρος
815 775 916 820 τοῦ
955 767 1016 820 τὸ
1056 766 1298 838 θέατρον
1337 769 1438 838 οὐχ
1479 770 1720 840 ὁρῶντος
1756 773 1817 825 τὸ

127 865 346 927 χωροῦν
400 853 482 909 ἐπ’
531 856 690 922 αὐτό,
744 856 884 908 ὥστε
931 854 1116 909 ἐλθών
1168 876 1251 920 τις
1304 859 1547 912 ἄλλοθεν
1598 869 1819 927 πρῶτον

129 945 277 1015 ὁρῶν
314 947 416 1014 τὴν
453 946 618 1007 πόλιν
655 943 748 997 καὶ
785 946 847 998 τὸ
889 948 1316 1014 συγκαθήμενον
1353 948 1489 1000 κατὰ
1526 947 1669 1001 θέαν
1706 958 1819 1002 τῶν

129 1033 216 1087 ἐπὶ
261 1042 356 1103 τῆς
394 1041 597 1102 σκηνῆς
636 1034 738 1086 οὐκ
778 1035 1001 1096 εἰκότως
1040 1027 1191 1087 εἶπεν
1230 1033 1300 1087 ἂν
1339 1036 1416 1098 εἰς
1452 1037 1818 1106 πολυάνθρω-
1843 1059 1886 1091 1o

127 1141 237 1176 πον
281 1123 438 1192 ἥκειν
483 1123 656 1176 ἄστυ·
720 1122 895 1185 οὕτως
942 1124 990 1175 εἰ
1035 1121 1125 1175 καὶ
1179 1125 1315 1175 κατὰ
1366 1125 1591 1177 πάντων
1636 1131 1817 1195 εἴρητο

128 1221 240 1265 τῶν
287 1211 347 1265 ἐν
391 1218 467 1284 τῷ
507 1211 726 1283 θεάτρῳ
772 1212 834 1264 τὸ
883 1211 1050 1280 ῥῆμα,
1105 1212 1171 1265 οὐ
1221 1213 1358 1264 κατὰ
1411 1213 1586 1281 πάσης
1636 1219 1818 1284 εἴρητο

128 1308 224 1370 τῆς
268 1301 489 1363 πόλεως.
574 1300 660 1352 38.
715 1299 852 1368 φασὶ
901 1298 962 1353 δὲ
1007 1298 1098 1352 καὶ
1145 1310 1334 1369 σαφῶς
1380 1301 1551 1354 αὐτὸν
1596 1302 1820 1370 ἀφεῖναι

129 1397 224 1458 τῆς
269 1390 445 1452 αἰτίας
490 1389 551 1442 τὸ
597 1388 768 1442 πλέον
815 1389 875 1442 ἐν
920 1395 995 1462 τῷ
1034 1391 1188 1452 τινὰς
1234 1391 1422 1444 εἰπεῖν.
1499 1392 1673 1444 εἰπεῖν
1715 1392 1819 1461 γὰρ

129 1487 301 1533 τινῶν
348 1471 490 1531 εἶναι
535 1485 707 1531 ταῦτα
754 1479 973 1542 ζώντων
1018 1477 1080 1531 ἐν
1125 1477 1329 1549 ἀταξίᾳ.
1406 1480 1496 1531 καὶ
1538 1481 1647 1548 μὴν
1688 1480 1718 1532 ὅ
1758 1500 1819 1548 γε
1844 1501 1886 1533 15

132 1566 476 1636 συλληφθεὶς
535 1567 736 1630 νυκτὸς
794 1564 866 1635 ἦν
926 1568 1035 1620 ὑπὸ
1098 1577 1212 1629 τοῖς
1266 1567 1462 1621 ἁλοῦσι
1519 1566 1526 1638 Ι
1582 1567 1671 1621 καὶ
1703 1581 1805 1624 RII
1821 1585 1906 1624 489

132 1655 414 1726 ἐδάκρυεν.
485 1656 629 1710 οὕτω
661 1657 729 1709 τά
769 1676 830 1724 γε
862 1657 964 1710 οὐκ
996 1655 1253 1725 εἰρημένα
1283 1655 1409 1726 περὶ
1446 1666 1558 1709 τῶν
1589 1657 1821 1726 φαύλων

33 1788 38 1793 ,
133 1750 330 1816 εἴρητο.
408 1745 541 1798 οὐδὲ
586 1747 691 1814 γὰρ
741 1743 946 1813 ἑωρᾶτο
993 1747 1139 1815 παρὰ
1186 1752 1284 1797 τοῦ
1332 1746 1646 1810 δικάζοντος
1689 1742 1820 1799 οὐδὲ

134 1833 466 1903 ἀνηρωτᾶτο,
507 1832 631 1887 ὥστ’
665 1830 737 1902 ἦν
775 1832 846 1887 ἂν
877 1833 938 1886 ἐν
970 1827 1053 1897 οἷς
1084 1832 1300 1902 ἐγένετο
1338 1834 1428 1886 καὶ
1461 1843 1684 1886 σιωπῶν
1713 1833 1819 1888 ἀπὸ

132 1932 244 1976 τῶν
287 1921 414 1991 περὶ
459 1923 525 1975 τὰ
570 1921 753 1993 μέτρα.
811 1923 931 1991 ,τὴν
976 1924 1080 1992 γὰρ
1127 1922 1301 1993 ὀργὴν
1344 1921 1439 1990 ἀφ’
1476 1918 1542 1991 ἦς
1580 1926 1820 1991 εἴληπτο,
1844 1944 1888 1976 so

134 2009 337 2081 πληγαὶ
384 2010 585 2074 δείξειν
630 2009 876 2079 ἔμελλον.
952 2011 1039 2064 39.
1086 2011 1159 2074 ὡς
1204 2011 1266 2064 δὲ
1312 2010 1485 2073 οὕτως
1530 2009 1601 2063 ἂν
1645 2009 1820 2080 ἔσχεν,

136 2099 312 2154 ἐκεῖνο
346 2109 573 2169 σημεῖον
602 2099 877 2169 μέγιστον.
941 2101 993 2153 οἱ
1025 2101 1130 2169 γὰρ
1156 2100 1222 2168 δὴ
1255 2096 1428 2168 μηδὲν
1460 2102 1591 2167 μήτε
1622 2097 1821 2168 ἐρωτη-

135 2187 328 2251 θέντες
359 2186 480 2257 μήτ’
511 2188 939 2255 ἀποκρινάμενοι
970 2190 1183 2255 μισθὸν
1214 2189 1414 2240 ἔδοσαν
1447 2189 1651 2256 ἰατροῖς
1681 2184 1820 2254 ὑπὲρ

255 2383 278 2421 1
311 2374 446 2422 ταῦτ’
471 2371 531 2434 ἦν
561 2377 630 2421 Re
690 2377 864 2433 ταύτην
894 2376 1003 2420 libri
1034 2376 1136 2420 Mor
1276 2381 1302 2419 2
1335 2378 1424 2432 πλη
1428 2377 1579 2432 μελεῖν
1609 2375 1776 2420 PVaB
1812 2374 1818 2432 Ι

135 2436 271 2481 πόλιν
304 2436 341 2482 Ο
463 2441 488 2480 3
522 2439 676 2509 μεῖζον
704 2436 748 2504 ‘C
775 2435 877 2479 Mor
904 2438 909 2492 Ι
936 2439 1019 2495 τῷ]
1050 2435 1102 2479 τὸ
1136 2435 1179 2478 V
1206 2437 1254 2480 et
1285 2434 1488 2479 Sintenis
1548 2441 1630 2478 τοῦ
1662 2434 1764 2478 Μοι·

138 2499 164 2539 5
194 2495 397 2551 πάντων,
429 2502 521 2540 τῶν
552 2493 598 2539 δ’
628 2494 804 2552 scripsi
818 2497 1006 2539 auctore
1031 2494 1212 2539 Sinteni
1271 2493 1461 2538 πάντων
1484 2500 1575 2537 τῶν
1599 2493 1707 2536 libri
1731 2493 1821 2537 edd

196 2556 403 2610 „videtwr
445 2554 678 2612 legendum
721 2568 810 2599 esse
853 2552 959 2611 ὅσγε
1002 2554 1058 2598 οὐ
1100 2554 1206 2608 περὶ
1252 2552 1443 2597 πάντων
1488 2559 1580 2596 τῶν
1622 2554 1822 2597 πολιτῶν

138 2612 302 2671 ἔλεγεν,
333 2610 435 2657 ἀλλ’
462 2613 572 2658 οὐδὲ
604 2614 711 2669 περὶ
741 2612 933 2658 πάντων
963 2620 1054 2656 τῶν
1087 2611 1233 2656 ὄντων
1266 2612 1316 2656 ἐν
1345 2615 1410 2672 τῷ
1432 2610 1648 2667 θεάτρω“
1680 2611 1747 2654 Ro

51 2711 55 2742 3
140 2676 166 2715 7
203 2672 255 2716 τὸ
293 2672 547 2716 πολλοστὸν
579 2673 624 2717 V
839 2675 893 2715 10
932 2669 1121 2722 εἰκότως
1144 2670 1323 2740 scripsi
1413 2670 1546 2720 εἰδὼς
1582 2657 1692 2713 [ibri
1731 2669 1823 2713 edd

199 2735 255 2775 14
286 2729 461 2789 αἰτίας]
486 2729 656 2787 σοφίας
677 2731 714 2774 Ι
843 2735 897 2774 15
931 2746 953 2775 ο
986 2747 1036 2788 γε
1068 2729 1233 2787 scripsi
1294 2726 1367 2774 ὅτε
1398 2728 1508 2772 libri
1539 2728 1638 2785 (sed
1668 2728 1717 2771 in
1748 2728 1823 2772 lac

47 2771 57 2838 s
140 2793 256 2834 3—4
285 2789 365 2834 litt
395 2804 471 2834 om
501 2791 565 2858 B)
596 2790 688 2834 edd
749 2788 865 2847 ὁμου
894 2806 943 2834 τε
975 2803 1079 2834 com
1110 2789 1179 2834 Re
1209 2788 1349 2832 Anim
1478 2792 1531 2831 16
1563 2787 1693 2838 ἐκτὸς
1722 2787 1824 2831 Mor

53 2867 58 2870 -
141 2848 221 2892 sed
252 2865 307 2905 γρ
338 2848 506 2900 νυκτὸς
534 2849 583 2892 in
613 2862 749 2906 marg
926 2853 978 2893 19
1012 2846 1124 2892 ὥστε
1156 2846 1247 2892 edd
1411 2851 1468 2890 20
1500 2845 1646 2903 ὁρμὴν
1678 2846 1818 2890 Mor'
1814 2871 1818 2905 Ι

47 2915 56 2922 “
139 2906 277 2962 ἀφεὶς
306 2908 343 2952 Ι
454 2911 508 2950 21
542 2905 588 2951 δ’
618 2907 710 2952 edd
751 2910 758 2965 1
801 2907 935 2966 ἔσχον
966 2906 1068 2950 Mor
1186 2910 1242 2949 23
1275 2904 1385 2962 μήτε
1418 2906 1462 2949 V
