1992 3094
440 147 671 191 LIBANII
702 146 927 192 ORATIO
960 148 1077 192 PRO
1111 149 1495 195 RHETORIBUS
1703 153 1804 205 129

116 293 243 339 τῶν
279 283 492 337 ἄλλων
530 282 564 336 ἃ
603 281 759 352 μέρη
797 284 1089 337 πλούτου
1123 288 1520 355 νενόμισται.
1583 295 1805 355 ταῦτα,

115 377 379 445 φήσουσι,
431 373 930 442 προσδοκῶντες
984 373 1395 443 ἠπειγόμεθα
1449 377 1671 446 δεῦρο,
1726 376 1807 438 ὡς

117 466 211 527 εἰς
247 461 448 515 καλὸν
491 460 608 528 μὲν
655 462 898 530 χωρίον
935 465 1464 531 καταθησόμενοι
1512 467 1664 527 τοὺς
1703 467 1806 518 λό-

119 558 297 622 γους,
335 557 445 618 τῆς
484 546 552 602 δὲ
591 558 729 612 τοῖς
768 551 1146 617 ἔμπροσθεν
1175 550 1549 622 ὑπαρξάσης
1587 554 1805 607 εὐδαι-

118 643 349 712 μονίας
401 639 923 707 μεταληψόμενοι
978 638 1083 691 καὶ
1140 639 1341 693 αὐτοί.
1434 642 1515 694 10.
1571 638 1657 711 ἀρ’
1703 639 1806 696 οὖν
1853 666 1872 697 5

118 731 304 797 καλόν,
343 724 385 781 ὦ
426 727 622 796 ἄνδρες
662 725 976 796 Ἀντιοχεῖς,
1025 727 1355 797 ἐλεγχθῆναι
1403 738 1469 800 τῆ
1507 733 1670 801 πείρᾳ
1707 733 1808 800 τὴν

118 817 288 882 δόξαν
332 815 423 870 καὶ
470 817 722 885 βελτίους
767 816 910 883 ὑμᾶς
954 817 1353 886 ὑποληφθῆναι
1398 820 1547 889 παρὰ
1591 820 1808 882 τούτοις

113 907 152 976 ἢ
192 914 435 976 φανῆναι
474 903 564 958 καὶ
605 906 712 958 σὺν
749 911 889 975 χαρᾷ
938 901 1041 973 μὲν
1080 905 1284 968 αὐτοὺς
1322 907 1383 959 τὸ
1422 905 1476 971 ἐξ
1517 907 1686 977 ἀρχῆς
1725 908 1808 962 ε’λ-

100 1001 265 1063 θεῖν,
305 994 670 1061 ἀθυμοῦντας
703 989 764 1046 δὲ
804 993 871 1046 οὐ
912 994 1192 1047 διαλιπεῖν
1236 995 1326 1047 καὶ
1365 997 1504 1065 πρὸς
1539 993 1643 1065 μὲν
1679 999 1809 1060 τοὺς

119 1085 359 1146 οἰκείους
389 1081 488 1145 οὓς
514 1081 911 1150 ἀπελίμπανον,
942 1089 1142 1135 τοῦτον
1173 1091 1326 1152 σχεῖν
1357 1083 1597 1154 εὐπρεπῆ
1623 1088 1808 1154 λόγον,
1834 1109 1876 1141 ιο

121 1174 194 1236 ὡς
253 1170 504 1242 ἕρχοιντο
566 1173 852 1239 ζητοῦντες
903 1173 1082 1241 πόρον
1144 1170 1237 1241 ἀφ’
1285 1167 1352 1224 οὗ
1413 1171 1688 1237 κάκείνοις
1722 1174 1808 1227 ’ἂν

121 1263 308 1324 αὐτοῖς
336 1260 645 1330 ε’παρκοῖεν,
676 1267 784 1313 νῦν
816 1259 877 1313 δὲ
907 1267 1179 1313 τοσοῦτον
1203 1259 1426 1329 ἀπέχειν
1454 1269 1555 1314 τοῦ
1578 1260 1809 1331 πέμπειν

118 1349 369 1419 ἐκείνοις,
405 1347 548 1403 ὥσθ’
575 1346 754 1417 ἥδιστ’
785 1347 855 1402 ἂν
887 1347 1123 1417 ἐκεῖθεν,
1163 1354 1218 1402 εἴ
1244 1369 1325 1412 τις
1355 1347 1563 1417 ἐδίδου,
1596 1354 1807 1420 λαβεῖν;

127 1441 208 1492 11.
246 1439 319 1508 μὴ
359 1438 464 1508 γάρ
504 1457 597 1508 μοι
628 1439 767 1506 πρὸς
801 1438 1063 1507 τοῦνομα,
1104 1439 1152 1491 εἰ
1182 1438 1529 1506 διδάσκαλοι,
1567 1438 1695 1508 μηδ’
1724 1441 1806 1493 ὅτι

123 1528 348 1598 ῥήτορες
386 1526 511 1597 μηδ’
543 1527 628 1581 ὅτι
663 1530 990 1592 καθίζουσιν
1029 1525 1116 1580 ἐπὶ
1149 1528 1379 1597 θρόνων
1409 1526 1535 1596 μηδ’
1566 1527 1672 1581 ἀπὸ
1711 1536 1808 1582 τοῦ
1835 1550 1875 1583 1⁵

124 1620 320 1670 λοιποῦ
368 1618 641 1686 σχήματος
685 1614 1053 1684 ἐξαπατᾶσθε,
1107 1615 1245 1669 ἀλλὰ
1294 1616 1442 1685 παρὰ
1490 1624 1590 1669 τοῦ
1635 1618 1811 1670 πάντα

123 1707 188 1759 τά
240 1707 453 1759 τούτων
507 1705 746 1773 ἀκριβῶς
795 1705 1007 1767 εἰδότος
1060 1704 1329 1757 ἀκούσατε
1378 1705 1478 1773 τὴν
1529 1704 1810 1774 ἀλήθειαν.

119 1789 335 1848 τούτων
373 1794 477 1863 γὰρ
509 1801 624 1855 τοῖς
661 1793 763 1860 μὲν
795 1793 896 1877 οὐκ
929 1795 1080 1846 ἔστιν
1119 1793 1373 1860 οἰκίδιον,
1413 1790 1531 1846 ἀλλ’
1561 1794 1813 1847 οἰκοῦσιν

124 1881 186 1936 ἐν
223 1881 558 1951 ἀλλοτρίοις,
605 1882 784 1951 ὥσπερ
825 1881 884 1934 oc
919 1882 1319 1950 νευρορράφοι,
1368 1881 1518 1944 ὅστις
1564 1878 1625 1934 δὲ
1664 1881 1812 1951 ε’πρί-

122 1990 239 2040 ατο,
278 1971 338 2024 τὸ
379 1971 647 2039 δάνεισμα
703 1969 710 2042 Ι
767 1971 921 2024 οὔπω
963 1969 1234 2037 διέλυσεν,
1273 1967 1399 2022 ὥστ’
1432 1969 1491 2022 ἐν
1529 1971 1642 2038 μεί-
1696 1982 1898 2027 RH209

125 2062 240 2124 ζονι
278 2069 388 2112 τῶν
427 2059 529 2112 οὐκ
569 2059 895 2128 ἐωνημένων
935 2059 963 2112 ὁ
1003 2057 1331 2126 κεκτημένος
1371 2057 1598 2130 ἀθυμίᾳ.
1672 2057 1810 2111 οἰκέ-
1836 2082 1875 2113 21

124 2167 214 2201 ται
254 2145 314 2201 δὲ
345 2154 421 2220 τῷ
460 2145 562 2217 μὲν
599 2156 763 2218 τρεῖς,
801 2154 876 2221 τῷ
912 2144 972 2200 δὲ
1005 2148 1127 2211 δύο,
1168 2153 1242 2218 τῷ
1278 2143 1337 2199 δὲ
1378 2143 1509 2199 οὐδὲ
1540 2154 1812 2213 τοσοῦτοι,

125 2244 523 2306 παροινοῦντες
575 2235 667 2290 καὶ
717 2236 1035 2307 ὑβρίζοντες
1090 2237 1168 2298 εἰς
1222 2237 1351 2298 τοὺς
1406 2236 1672 2298 δεσπότας
1722 2236 1814 2288 διὰ

125 2325 188 2377 τὸ
224 2326 297 2394 μὴ
335 2326 469 2395 μετὰ
514 2330 736 2379 πολλῶν
783 2325 1092 2391 δουλεύειν,
1147 2324 1219 2386 ὡς
1266 2324 1318 2376 οἱ
1362 2320 1465 2390 μὲν
1511 2323 1612 2376 οὐκ
1658 2323 1813 2377 ε’δου-

129 2414 375 2467 λώσαντο
413 2414 698 2482 πολλάκις,
751 2415 803 2467 οἱ
843 2410 905 2466 δὲ
946 2411 1175 2475 ἀναξίως
1215 2412 1413 2464 αὑτῶν.
1488 2408 1596 2464 εἷθ’
1629 2410 1657 2464 ὁ
1696 2411 1813 2479 μέν,
1838 2433 1879 2466 2⁶

250 2607 272 2646 1
305 2602 417 2660 μέρη
450 2602 481 2647 ἃ
506 2605 590 2648 Mo
757 2608 782 2647 2
815 2600 1098 2660 ἐπειγόμεθα
1132 2603 1176 2645 Β
1336 2605 1358 2643 7
1392 2600 1523 2655 παρὰ
1554 2601 1735 2651 τούτοις
1765 2601 1811 2643 in

129 2675 264 2719 marg
278 2663 310 2706 1
320 2661 336 2687 ⁸
456 2666 482 2706 8
504 2663 753 2721 τοεξαρχῆς
769 2663 870 2708 BV
887 2664 934 2706 et
958 2675 1014 2706 ex
1036 2677 1087 2704 το
1115 2661 1309 2718 εξαρχῆς
1332 2673 1434 2704 corr
1449 2659 1508 2703 1⁸
1631 2663 1684 2703 10
1708 2666 1812 2703 τοῦ·

128 2735 209 2764 τον
248 2734 321 2764 om
353 2722 489 2766 Patm
523 2722 605 2765 sed
643 2738 697 2778 γρ
723 2721 868 2766 αὐτὸν
899 2721 948 2764 in
972 2733 1106 2776 marg
1129 2719 1198 2762 m‘
1239 2722 1244 2775 Ι
1288 2725 1413 2777 σχεῖν
1445 2717 1609 2774 scripsi
1693 2717 1813 2775 ἔχειν

127 2777 238 2823 libri
268 2780 359 2824 edd
512 2785 565 2824 12
599 2781 758 2833 αὑτοῖς
782 2782 825 2824 Β
916 2794 1025 2822 num
1059 2779 1211 2837 (καὶ)
1244 2779 1403 2829 αὑτοῖς
1420 2784 1439 2821 ‘3
1608 2782 1661 2820 14
1686 2779 1733 2820 et
1760 2782 1812 2819 15

131 2837 237 2895 (bis)
269 2838 328 2895 μὴ
361 2836 407 2883 δ’
436 2839 511 2884 ΙΒ
675 2844 729 2883 16
762 2838 1089 2891 ἐξαπατᾶσθαι
1122 2837 1223 2881 Mor
1250 2839 1255 2893 1
1282 2835 1411 2891 παρὰ
1441 2843 1523 2879 τοῦ
1556 2849 1630 2878 om
1655 2835 1756 2879 Mor

135 2900 187 2940 19
219 2894 265 2942 δ’
286 2897 378 2941 edd
499 2903 554 2942 22
585 2898 637 2943 τὸ
663 2900 724 2955 (2)
752 2899 836 2942 Mo
863 2900 870 2953 Ι
898 2897 998 2950 δύο,
1028 2900 1092 2940 τῶ
1116 2897 1167 2941 δὲ
1194 2909 1267 2939 om
1295 2896 1379 2939 Mo
1499 2899 1555 2938 23
1589 2894 1654 2944 εἰς
1677 2894 1815 2938 omB

192 2959 248 3000 24
279 2955 358 3014 ὡς]
391 2957 470 3000 καὶ
502 2959 547 3001 Β
669 2962 724 3001 25
758 2958 912 3001 αὐτῶν
936 2943 1156 3001 ΒνΜοι

221 3035 417 3071 Lnuums
441 3039 500 3071 ed.
522 3039 762 3072 Fon-stet.
800 3039 871 3071 ΠΙ.
1521 3032 1546 3070 9
