1992 3094
651 814 883 867 XXXVI
924 814 1153 886 (xxxv
1177 814 1248 886 R)
1318 810 1321 813 ’

457 935 663 995 ΠΕΡΙ
709 935 889 995 ΤΩΝ
936 934 1438 996 ΦΑΡΜΑΚΩΝ.

123 1141 128 1145 .
220 1083 263 1134 1.
296 1080 371 1134 ‘H
395 1082 497 1149 μὲν
527 1084 750 1150 μεγίστη
783 1101 878 1150 μοι
918 1083 1061 1150 λύπη
1103 1083 1167 1135 τὰ
1206 1085 1343 1135 κατὰ
1381 1091 1476 1152 τῆς
1514 1082 1643 1152 ἐμῆς
1673 1096 1714 1139 R
1736 1096 1884 1140 1130?

105 1181 280 1242 ψυχῆς
318 1191 375 1224 τε
414 1172 503 1224 καὶ
545 1171 796 1240 σώματος
833 1170 1152 1240 ἀνθρώποις
1184 1174 1342 1240 γόησι
1375 1171 1793 1242 μεμηχανημένα

104 1281 161 1314 τε
207 1259 296 1313 καὶ
342 1259 718 1327 τετελεσμένα,
773 1260 839 1313 οὐ
886 1261 1088 1329 μικρὸν
1140 1261 1202 1314 δὲ
1249 1262 1326 1323 εἰς
1373 1260 1624 1328 ἀθυμίαν
1664 1260 1794 1314 οὐδὲ

105 1351 165 1403 τὸ
205 1358 299 1419 τῆς
338 1349 633 1417 ἐπιβουλῆς
672 1348 1020 1417 ἐγνωσμένης
1058 1350 1149 1402 καὶ
1179 1350 1356 1418 πάσης
1388 1350 1462 1412 ὡς
1493 1351 1669 1402 εἰπεῖν
1700 1357 1794 1418 τῆς
1841 1371 1860 1403 5

105 1441 314 1501 πόλεως
349 1437 679 1507 δεδεγμένης
709 1438 807 1490 τὸν
837 1435 963 1507 περὶ
1006 1445 1104 1490 τοῦ
1144 1440 1595 1508 κακουργήματος
1626 1441 1795 1506 λόγον

105 1528 505 1596 συντυγχάνειν
550 1524 652 1594 μὲν
702 1527 830 1596 ἡμῖν
883 1546 1038 1589 τινας
1085 1527 1187 1579 οὐκ
1235 1527 1459 1595 ὀλίγους
1506 1515 1659 1580 εἶναι
1701 1528 1790 1581 δο-

105 1623 338 1678 κοῦντας
378 1618 603 1685 φίλους,
649 1616 864 1669 τούτων
903 1612 964 1668 δὲ
1010 1617 1139 1678 τοὺς
1177 1612 1279 1684 μὲν
1325 1613 1462 1684 μηδὲ
1510 1615 1702 1679 ἀξιοῦν
1741 1637 1793 1669 τι

104 1703 224 1774 περὶ
272 1713 372 1758 τοῦ
417 1705 732 1774 πράγματος
770 1704 803 1773 ἢ
843 1703 1024 1771 λέγειν
1062 1703 1095 1772 ἢ
1153 1702 1159 1774 Ι
1218 1703 1458 1771 ἀκούειν,
1505 1707 1636 1767 τοὺς
1673 1717 1883 1761 RH308

106 1791 152 1845 δ’
186 1793 359 1856 οὕτως
398 1793 596 1861 ἀηδῶς,
636 1793 771 1845 ὥστε
811 1791 976 1861 ἐγγὺς
1016 1791 1241 1845 ἐκείνων
1281 1788 1437 1845 εἶναι.
1515 1793 1563 1846 2.
1614 1796 1793 1846 καίτοι
1819 1815 1861 1846 ιο

226 1939 262 1982 C
328 1961 383 1975 =
416 1939 561 1983 codex
593 1937 839 1982 Chisianus

225 2000 263 2042 A
298 2035 301 2038 .
329 2021 385 2035 =
418 1998 710 2042 Monacensis
741 2013 807 2054 gr.
834 2002 921 2041 483
954 1998 1290 2054 (Augustanus)

225 2059 270 2102 P
332 2081 385 2094 =
419 2057 662 2101 Palatinus
693 2071 760 2115 gr.
787 2061 872 2100 282

126 2116 130 2120 ’
223 2118 255 2159 Ι
330 2139 384 2153 =
418 2114 682 2160 Marcianus
715 2116 915 2173 append.
940 2114 1040 2159 XCI
1058 2119 1083 2157 2

224 2177 269 2220 Β
331 2198 386 2212 =
418 2175 700 2219 Barberinus
730 2175 772 2218 H
790 2180 843 2218 41

222 2207 383 2281 ’Va‚=
415 2235 673 2279 Vaticanus
705 2249 770 2292 gr.
798 2239 851 2278 81

204 2295 207 2298 ’
234 2295 276 2335 V
327 2316 381 2330 =
415 2293 787 2338 vindobonensis
819 2293 931 2349 phil.
959 2308 1025 2350 gr.
1051 2291 1192 2336 XCIII

225 2431 250 2469 2
283 2427 339 2469 cf.
364 2427 436 2471 t.1
462 2431 560 2480 189,
582 2431 635 2470 18
649 2441 715 2482 sq.

215 2565 248 2603 ’1
282 2562 333 2612 λζ
361 2562 469 2603 ante
500 2560 605 2615 περὶ
629 2561 688 2613 Α,
720 2566 803 2604 τοῦ
836 2560 980 2603 αὐτοῦ
1006 2559 1048 2601 V
1071 2562 1076 2613 Ι
1103 2565 1196 2603 τῶν
1229 2572 1303 2602 om
1337 2559 1407 2612 V}
1435 2558 1501 2611 λζ’
1534 2561 1642 2614 post
1669 2575 1791 2615 φαρ-

108 2617 267 2673 μάκων
282 2618 330 2661 in
347 2630 423 2662 rau
443 2619 481 2663 Ο
500 2617 595 2675 (μὴ’
618 2619 667 2662 in
684 2621 851 2675 marg),
874 2616 1009 2675 λόγος
1032 2617 1235 2669 εἰκοστὸς
1258 2616 1426 2674 ὄγδοος
1447 2618 1491 2661 V
1507 2617 1632 2673 rubr,
1656 2616 1792 2674 λόγος

107 2675 177 2728 λζ’
199 2677 248 2720 in
264 2691 399 2735 marg
423 2679 455 2721 Ι
467 2677 597 2733 rubr,
630 2695 692 2734 μα
720 2677 769 2721 in
792 2689 928 2733 marg
951 2677 997 2720 B
1020 2676 1131 2719 rubr
1251 2682 1276 2719 5
1307 2676 1462 2733 πάσης
1484 2702 1540 2708 -
1567 2681 1592 2719 6
1617 2674 1792 2727 πόλεως

108 2747 184 2778 om
206 2736 338 2793 Bong
365 2740 370 2792 Ι
399 2737 612 2781 ὡσειπεῑν
645 2738 690 2781 Β
827 2741 849 2778 7
885 2734 1182 2792 ἐντυγχάνειν
1213 2735 1358 2779 Cobet
1390 2734 1503 2779 coll.
1532 2739 1612 2778 131
1649 2738 1700 2779 at
1730 2735 1789 2779 cf.

107 2792 235 2837 Dem.
268 2810 312 2850 p.
339 2799 438 2849 585,
459 2800 511 2838 12
540 2796 548 2854 Ι
575 2792 696 2839 εἶναι
728 2797 774 2840 Ρ
801 2795 882 2838 sed
913 2812 940 2838 ν
972 2795 1020 2837 in
1043 2807 1119 2838 ras
1143 2793 1214 2838 m'
1340 2799 1367 2838 8
1398 2794 1458 2851 μὴ
1492 2794 1543 2837 δὲ
1575 2794 1751 2838 AIBV
1781 2795 1787 2852 Ι

107 2849 151 2895 τί
175 2853 273 2897 BV
394 2858 420 2896 9
451 2855 560 2905 τούς
591 2855 636 2897 Ρ
664 2855 744 2898 sed
777 2853 790 2868 '
822 2868 847 2898 e
870 2854 880 2869 ¹
924 2867 1025 2897 corr
1048 2854 1131 2908 m⁴‚
1164 2852 1415 2911 BVBong
1553 2858 1606 2896 10
1639 2853 1689 2898 δὲ
1721 2853 1790 2897 Re

113 2910 120 2970 Ι
152 2909 256 2954 ὥστ’
284 2912 352 2956 Re

1438 2986 1522 3029 15*
