<?xml version="1.0" encoding="UTF-8"?>
<!DOCTYPE html PUBLIC "-//W3C//DTD XHTML 1.0 Transitional//EN"
    "http://www.w3.org/TR/xhtml1/DTD/xhtml1-transitional.dtd">
<html xmlns="http://www.w3.org/1999/xhtml" xml:lang="en" lang="en">
 <head>
  <title>
</title>
<meta http-equiv="Content-Type" content="text/html;charset=utf-8" />
  <meta name='ocr-system' content='tesseract 3.04.00' />
  <meta name='ocr-capabilities' content='ocr_page ocr_carea ocr_par ocr_line ocrx_word'/>
</head>
<body>
  <div class='ocr_page' id='page_1' title='image "./operarecensuitri03libauoft_0436.png"; bbox 0 0 1992 3094; ppageno 0'>
   <div class='ocr_carea' id='block_1_1' title="bbox 193 129 1356 184">
    <p class='ocr_par' dir='ltr' id='par_1_1' title="bbox 193 129 1356 184">
     <span class='ocr_line' id='line_1_1' title="bbox 193 129 1356 184; baseline -0.009 0"><span class='ocrx_word' id='word_1_1' title='bbox 193 132 299 184; x_wconf 83' lang='grc'><em>366</em></span> <span class='ocrx_word' id='word_1_2' title='bbox 716 130 944 174; x_wconf 90' lang='lat' dir='ltr'><strong>LIBANII</strong></span> <span class='ocrx_word' id='word_1_3' title='bbox 976 129 1200 174; x_wconf 88' lang='lat' dir='ltr'><strong>ORATIO</strong></span> <span class='ocrx_word' id='word_1_4' title='bbox 1232 131 1356 175; x_wconf 89' lang='lat' dir='ltr'><em>XLV</em></span> 
     </span>
    </p>
   </div>
   <div class='ocr_carea' id='block_1_2' title="bbox 102 263 1888 2375">
    <p class='ocr_par' dir='ltr' id='par_1_2' title="bbox 102 263 1888 2375">
     <span class='ocr_line' id='line_1_2' title="bbox 193 263 1884 336; baseline -0.001 -16"><span class='ocrx_word' id='word_1_5' title='bbox 193 268 276 320; x_wconf 84' lang='grc' dir='ltr'><em>ὅτι</em></span> <span class='ocrx_word' id='word_1_6' title='bbox 308 268 355 320; x_wconf 90' lang='grc' dir='ltr'><em>εἰ</em></span> <span class='ocrx_word' id='word_1_7' title='bbox 392 263 493 335; x_wconf 79' lang='grc' dir='ltr'><em>μὲν</em></span> <span class='ocrx_word' id='word_1_8' title='bbox 529 264 872 329; x_wconf 74' lang='grc' dir='ltr'><em>ἀνεξέταστοι</em></span> <span class='ocrx_word' id='word_1_9' title='bbox 903 271 1190 333; x_wconf 72' lang='grc' dir='ltr'><em>τεθνᾶσιν,</em></span> <span class='ocrx_word' id='word_1_10' title='bbox 1229 267 1520 335; x_wconf 79' lang='grc' dir='ltr'><em>ἠδίκηνται</em></span> <span class='ocrx_word' id='word_1_11' title='bbox 1558 268 1785 336; x_wconf 88' lang='grc' dir='ltr'><em>κρίσεως</em></span> <span class='ocrx_word' id='word_1_12' title='bbox 1818 267 1884 319; x_wconf 86' lang='grc' dir='ltr'><em>οὐ</em></span> 
     </span>
     <span class='ocr_line' id='line_1_3' title="bbox 191 351 1886 424; baseline 0.001 -16"><span class='ocrx_word' id='word_1_13' title='bbox 191 357 560 424; x_wconf 78' lang='grc' dir='ltr'><em>τετυχηκότες,</em></span> <span class='ocrx_word' id='word_1_14' title='bbox 602 356 648 407; x_wconf 88' lang='grc' dir='ltr'><em>εἰ</em></span> <span class='ocrx_word' id='word_1_15' title='bbox 689 351 750 406; x_wconf 78' lang='grc' dir='ltr'><em>δὲ</em></span> <span class='ocrx_word' id='word_1_16' title='bbox 786 353 1213 423; x_wconf 75' lang='grc' dir='ltr'><em>ἐξεληλεγμένοι,</em></span> <span class='ocrx_word' id='word_1_17' title='bbox 1252 355 1421 407; x_wconf 89' lang='grc' dir='ltr'><em>πάλιν</em></span> <span class='ocrx_word' id='word_1_18' title='bbox 1458 355 1748 424; x_wconf 79' lang='grc' dir='ltr'><em>ἠδίκηνται</em></span> <span class='ocrx_word' id='word_1_19' title='bbox 1787 363 1886 409; x_wconf 84' lang='grc' dir='ltr'><em>τοῦ</em></span> 
     </span>
     <span class='ocr_line' id='line_1_4' title="bbox 190 442 1887 515; baseline 0.001 -19"><span class='ocrx_word' id='word_1_20' title='bbox 190 443 315 513; x_wconf 86' lang='grc' dir='ltr'><em>περὶ</em></span> <span class='ocrx_word' id='word_1_21' title='bbox 354 444 453 497; x_wconf 91' lang='grc' dir='ltr'><em>τὸν</em></span> <span class='ocrx_word' id='word_1_22' title='bbox 492 444 741 497; x_wconf 90' lang='grc' dir='ltr'><em>θάνατον</em></span> <span class='ocrx_word' id='word_1_23' title='bbox 791 442 1219 513; x_wconf 77' lang='grc' dir='ltr'><em>ἀπεστερημένοι</em></span> <span class='ocrx_word' id='word_1_24' title='bbox 1267 444 1480 512; x_wconf 77' lang='grc' dir='ltr'><em>τάχους.</em></span> <span class='ocrx_word' id='word_1_25' title='bbox 1557 447 1622 496; x_wconf 92' lang='grc' dir='ltr'><em>τί</em></span> <span class='ocrx_word' id='word_1_26' title='bbox 1657 445 1775 515; x_wconf 81' lang='grc' dir='ltr'><em>γάρ</em></span> <span class='ocrx_word' id='word_1_27' title='bbox 1815 464 1887 513; x_wconf 87' lang='grc' dir='ltr'><em>με</em></span> 
     </span>
     <span class='ocr_line' id='line_1_5' title="bbox 148 533 1883 602; baseline 0.001 -17"><span class='ocrx_word' id='word_1_28' title='bbox 148 556 168 586; x_wconf 66' lang='grc'>4</span> <span class='ocrx_word' id='word_1_29' title='bbox 193 535 597 601; x_wconf 84' lang='grc' dir='ltr'><em>κατατήκεις,</em></span> <span class='ocrx_word' id='word_1_30' title='bbox 631 538 774 585; x_wconf 80' lang='grc' dir='ltr'><em>εἴποι</em></span> <span class='ocrx_word' id='word_1_31' title='bbox 809 533 895 600; x_wconf 75' lang='grc' dir='ltr'><em>ἄν,</em></span> <span class='ocrx_word' id='word_1_32' title='bbox 936 533 1009 584; x_wconf 85' lang='grc' dir='ltr'><em>οὐ</em></span> <span class='ocrx_word' id='word_1_33' title='bbox 1043 540 1236 586; x_wconf 85' lang='grc' dir='ltr'><em>τοῦτο</em></span> <span class='ocrx_word' id='word_1_34' title='bbox 1268 539 1383 585; x_wconf 85' lang='grc' dir='ltr'><em>τοῦ</em></span> <span class='ocrx_word' id='word_1_35' title='bbox 1414 534 1623 602; x_wconf 91' lang='grc' dir='ltr'><em>νόμου</em></span> <span class='ocrx_word' id='word_1_36' title='bbox 1660 533 1883 601; x_wconf 76' lang='grc' dir='ltr'><em>λέγον-</em></span> 
     </span>
     <span class='ocr_line' id='line_1_6' title="bbox 102 618 1882 694; baseline -0.001 -18"><span class='ocrx_word' id='word_1_37' title='bbox 102 633 309 677; x_wconf 85' lang='lat' dir='ltr'>RII449</span> <span class='ocrx_word' id='word_1_38' title='bbox 350 641 479 685; x_wconf 86' lang='grc' dir='ltr'><em>τος;</em></span> <span class='ocrx_word' id='word_1_39' title='bbox 533 622 596 674; x_wconf 91' lang='grc' dir='ltr'><em>τί</em></span> <span class='ocrx_word' id='word_1_40' title='bbox 647 618 714 674; x_wconf 74' lang='grc' dir='ltr'><em>δὲ</em></span> <span class='ocrx_word' id='word_1_41' title='bbox 764 620 894 674; x_wconf 86' lang='grc' dir='ltr'><em>κατ’</em></span> <span class='ocrx_word' id='word_1_42' title='bbox 941 621 1170 689; x_wconf 78' lang='grc' dir='ltr'><em>ὀλίγον</em></span> <span class='ocrx_word' id='word_1_43' title='bbox 1217 621 1618 691; x_wconf 78' lang='grc' dir='ltr'><em>ἀναλίσκεις,</em></span> <span class='ocrx_word' id='word_1_44' title='bbox 1674 623 1833 675; x_wconf 82' lang='grc' dir='ltr'><em>ὥστε</em></span> <span class='ocrx_word' id='word_1_45' title='bbox 1876 620 1882 694; x_wconf 78' lang='grc' dir='ltr'>Ι</span> 
     </span>
     <span class='ocr_line' id='line_1_7' title="bbox 191 709 1887 781; baseline 0.001 -19"><span class='ocrx_word' id='word_1_46' title='bbox 191 709 312 762; x_wconf 90' lang='grc' dir='ltr'><em>ἀπὸ</em></span> <span class='ocrx_word' id='word_1_47' title='bbox 354 711 571 778; x_wconf 90' lang='grc' dir='ltr'><em>μόνων</em></span> <span class='ocrx_word' id='word_1_48' title='bbox 609 719 735 762; x_wconf 85' lang='grc' dir='ltr'><em>τῶν</em></span> <span class='ocrx_word' id='word_1_49' title='bbox 775 709 984 763; x_wconf 82' lang='grc' dir='ltr'><em>ὀστῶν</em></span> <span class='ocrx_word' id='word_1_50' title='bbox 1022 709 1129 762; x_wconf 84' lang='grc' dir='ltr'><em>καὶ</em></span> <span class='ocrx_word' id='word_1_51' title='bbox 1168 718 1282 763; x_wconf 87' lang='grc' dir='ltr'><em>τοῦ</em></span> <span class='ocrx_word' id='word_1_52' title='bbox 1332 710 1651 781; x_wconf 76' lang='grc' dir='ltr'><em>δέρματος</em></span> <span class='ocrx_word' id='word_1_53' title='bbox 1698 711 1887 764; x_wconf 88' lang='grc' dir='ltr'><em>ἀπελ-</em></span> 
     </span>
     <span class='ocr_line' id='line_1_8' title="bbox 191 798 1886 870; baseline 0.001 -19"><span class='ocrx_word' id='word_1_54' title='bbox 191 805 342 852; x_wconf 86' lang='grc' dir='ltr'><em>θεῖν</em></span> <span class='ocrx_word' id='word_1_55' title='bbox 383 799 501 867; x_wconf 86' lang='grc' dir='ltr'><em>τὴν</em></span> <span class='ocrx_word' id='word_1_56' title='bbox 547 801 784 867; x_wconf 82' lang='grc' dir='ltr'><em>ψυχήν,</em></span> <span class='ocrx_word' id='word_1_57' title='bbox 833 799 908 852; x_wconf 86' lang='grc' dir='ltr'><em>οὐ</em></span> <span class='ocrx_word' id='word_1_58' title='bbox 955 800 1262 866; x_wconf 82' lang='grc' dir='ltr'><em>τοιαύτης</em></span> <span class='ocrx_word' id='word_1_59' title='bbox 1311 798 1377 852; x_wconf 81' lang='grc' dir='ltr'><em>ἐκ</em></span> <span class='ocrx_word' id='word_1_60' title='bbox 1423 809 1551 853; x_wconf 85' lang='grc' dir='ltr'><em>τῶν</em></span> <span class='ocrx_word' id='word_1_61' title='bbox 1596 800 1886 870; x_wconf 78' lang='grc' dir='ltr'><em>γραμμά-</em></span> 
     </span>
     <span class='ocr_line' id='line_1_9' title="bbox 191 885 1887 958; baseline 0.001 -19"><span class='ocrx_word' id='word_1_62' title='bbox 191 908 316 940; x_wconf 87' lang='grc' dir='ltr'><em>των</em></span> <span class='ocrx_word' id='word_1_63' title='bbox 355 885 770 955; x_wconf 81' lang='grc' dir='ltr'><em>ἐπικειμένης</em></span> <span class='ocrx_word' id='word_1_64' title='bbox 809 894 919 955; x_wconf 84' lang='grc' dir='ltr'><em>τῆς</em></span> <span class='ocrx_word' id='word_1_65' title='bbox 959 888 1165 955; x_wconf 81' lang='grc' dir='ltr'><em>δίκης;</em></span> <span class='ocrx_word' id='word_1_66' title='bbox 1246 887 1329 940; x_wconf 79' lang='grc'><em>15.</em></span> <span class='ocrx_word' id='word_1_67' title='bbox 1372 889 1428 940; x_wconf 90' lang='grc' dir='ltr'><em>τί</em></span> <span class='ocrx_word' id='word_1_68' title='bbox 1465 886 1514 940; x_wconf 91' lang='grc' dir='ltr'><em>δ’</em></span> <span class='ocrx_word' id='word_1_69' title='bbox 1553 886 1623 940; x_wconf 75' lang='grc' dir='ltr'><em>ὀὲν</em></span> <span class='ocrx_word' id='word_1_70' title='bbox 1662 888 1887 958; x_wconf 87' lang='grc' dir='ltr'><em>ἀποκρι-</em></span> 
     </span>
     <span class='ocr_line' id='line_1_10' title="bbox 192 974 1886 1047; baseline 0.001 -19"><span class='ocrx_word' id='word_1_71' title='bbox 192 978 432 1045; x_wconf 88' lang='grc' dir='ltr'><em>ναίμεθα</em></span> <span class='ocrx_word' id='word_1_72' title='bbox 469 984 588 1038; x_wconf 88' lang='grc' dir='ltr'><em>ταῖς</em></span> <span class='ocrx_word' id='word_1_73' title='bbox 618 985 730 1028; x_wconf 85' lang='grc' dir='ltr'><em>τῶν</em></span> <span class='ocrx_word' id='word_1_74' title='bbox 769 974 858 1029; x_wconf 81' lang='grc' dir='ltr'><em>ἐπὶ</em></span> <span class='ocrx_word' id='word_1_75' title='bbox 897 978 1173 1046; x_wconf 78' lang='grc' dir='ltr'><em>μαρτυρίᾳ</em></span> <span class='ocrx_word' id='word_1_76' title='bbox 1211 976 1492 1029; x_wconf 82' lang='grc' dir='ltr'><em>δεθέντων</em></span> <span class='ocrx_word' id='word_1_77' title='bbox 1524 975 1742 1044; x_wconf 79' lang='grc' dir='ltr'><em>γυναιξὶ</em></span> <span class='ocrx_word' id='word_1_78' title='bbox 1780 978 1886 1047; x_wconf 91' lang='grc' dir='ltr'><em>πρὸ</em></span> 
     </span>
     <span class='ocr_line' id='line_1_11' title="bbox 127 1065 1888 1136; baseline 0.001 -19"><span class='ocrx_word' id='word_1_79' title='bbox 127 1085 167 1117; x_wconf 87' lang='lat'><em>10</em></span> <span class='ocrx_word' id='word_1_80' title='bbox 191 1073 286 1132; x_wconf 82' lang='grc' dir='ltr'><em>τῆς</em></span> <span class='ocrx_word' id='word_1_81' title='bbox 324 1068 555 1133; x_wconf 88' lang='grc' dir='ltr'><em>κρίσεως</em></span> <span class='ocrx_word' id='word_1_82' title='bbox 586 1065 778 1127; x_wconf 85' lang='grc' dir='ltr'><em>αὐταῖς</em></span> <span class='ocrx_word' id='word_1_83' title='bbox 812 1074 923 1118; x_wconf 84' lang='grc' dir='ltr'><em>τῶν</em></span> <span class='ocrx_word' id='word_1_84' title='bbox 963 1065 1187 1133; x_wconf 85' lang='grc' dir='ltr'><em>ἀνδρῶν</em></span> <span class='ocrx_word' id='word_1_85' title='bbox 1227 1065 1550 1134; x_wconf 80' lang='grc' dir='ltr'><em>οἰχομένων,</em></span> <span class='ocrx_word' id='word_1_86' title='bbox 1591 1065 1690 1128; x_wconf 82' lang='grc' dir='ltr'><em>οὓς</em></span> <span class='ocrx_word' id='word_1_87' title='bbox 1721 1065 1888 1136; x_wconf 83' lang='grc' dir='ltr'><em>ἐχρῆν</em></span> 
     </span>
     <span class='ocr_line' id='line_1_12' title="bbox 191 1147 1886 1224; baseline 0.001 -18"><span class='ocrx_word' id='word_1_88' title='bbox 191 1154 407 1224; x_wconf 79' lang='grc' dir='ltr'><em>ἡμερῶν</em></span> <span class='ocrx_word' id='word_1_89' title='bbox 453 1153 727 1221; x_wconf 75' lang='grc' dir='ltr'><em>(ὀλίγων)</em></span> <span class='ocrx_word' id='word_1_90' title='bbox 780 1159 926 1206; x_wconf 77' lang='grc' dir='ltr'><em>οἴκοι</em></span> <span class='ocrx_word' id='word_1_91' title='bbox 975 1154 1143 1207; x_wconf 92' lang='grc' dir='ltr'><em>πάλιν</em></span> <span class='ocrx_word' id='word_1_92' title='bbox 1190 1147 1332 1207; x_wconf 83' lang='grc' dir='ltr'><em>εἶναι</em></span> <span class='ocrx_word' id='word_1_93' title='bbox 1383 1155 1703 1224; x_wconf 79' lang='grc' dir='ltr'><em>φράσαντας</em></span> <span class='ocrx_word' id='word_1_94' title='bbox 1754 1155 1783 1207; x_wconf 84' lang='grc' dir='ltr'>ὅ</span> <span class='ocrx_word' id='word_1_95' title='bbox 1835 1175 1886 1207; x_wconf 92' lang='grc' dir='ltr'><em>τι</em></span> 
     </span>
     <span class='ocr_line' id='line_1_13' title="bbox 193 1238 1887 1311; baseline 0.001 -17"><span class='ocrx_word' id='word_1_96' title='bbox 193 1238 364 1311; x_wconf 83' lang='grc' dir='ltr'><em>εἶχον;</em></span> <span class='ocrx_word' id='word_1_97' title='bbox 405 1245 484 1295; x_wconf 83' lang='grc' dir='ltr'><em>ἔτι</em></span> <span class='ocrx_word' id='word_1_98' title='bbox 523 1245 718 1296; x_wconf 86' lang='grc' dir='ltr'><em>τοίνυν</em></span> <span class='ocrx_word' id='word_1_99' title='bbox 756 1252 868 1296; x_wconf 85' lang='grc' dir='ltr'><em>τῶν</em></span> <span class='ocrx_word' id='word_1_100' title='bbox 907 1242 1083 1305; x_wconf 77' lang='grc' dir='ltr'><em>οὕτως</em></span> <span class='ocrx_word' id='word_1_101' title='bbox 1119 1243 1397 1296; x_wconf 89' lang='grc' dir='ltr'><em>ἀπιόντων</em></span> <span class='ocrx_word' id='word_1_102' title='bbox 1436 1244 1732 1310; x_wconf 84' lang='grc' dir='ltr'><em>δεσμωτῶν</em></span> <span class='ocrx_word' id='word_1_103' title='bbox 1770 1252 1887 1306; x_wconf 90' lang='grc' dir='ltr'><em>τοῖς</em></span> 
     </span>
     <span class='ocr_line' id='line_1_14' title="bbox 192 1330 1888 1401; baseline 0.001 -17"><span class='ocrx_word' id='word_1_104' title='bbox 192 1334 271 1384; x_wconf 82' lang='grc' dir='ltr'><em>ἔτι</em></span> <span class='ocrx_word' id='word_1_105' title='bbox 313 1335 438 1396; x_wconf 82' lang='grc' dir='ltr'><em>ζῶσι</em></span> <span class='ocrx_word' id='word_1_106' title='bbox 479 1334 772 1399; x_wconf 86' lang='grc' dir='ltr'><em>συμβαίνει</em></span> <span class='ocrx_word' id='word_1_107' title='bbox 815 1330 907 1384; x_wconf 87' lang='grc' dir='ltr'><em>καὶ</em></span> <span class='ocrx_word' id='word_1_108' title='bbox 947 1337 1247 1385; x_wconf 90' lang='grc' dir='ltr'><em>λυπεῖσθαι</em></span> <span class='ocrx_word' id='word_1_109' title='bbox 1285 1330 1376 1384; x_wconf 85' lang='grc' dir='ltr'><em>καὶ</em></span> <span class='ocrx_word' id='word_1_110' title='bbox 1414 1334 1652 1401; x_wconf 83' lang='grc' dir='ltr'><em>χαίρειν,</em></span> <span class='ocrx_word' id='word_1_111' title='bbox 1700 1336 1888 1385; x_wconf 92' lang='grc' dir='ltr'><em>λυπεῖ-</em></span> 
     </span>
     <span class='ocr_line' id='line_1_15' title="bbox 192 1417 1886 1490; baseline 0 -17"><span class='ocrx_word' id='word_1_112' title='bbox 192 1425 327 1473; x_wconf 90' lang='grc' dir='ltr'><em>σθαι</em></span> <span class='ocrx_word' id='word_1_113' title='bbox 374 1417 475 1489; x_wconf 75' lang='grc' dir='ltr'><em>μὲν</em></span> <span class='ocrx_word' id='word_1_114' title='bbox 521 1426 826 1482; x_wconf 85' lang='grc' dir='ltr'><em>τεθνεῶτος</em></span> <span class='ocrx_word' id='word_1_115' title='bbox 873 1423 1184 1489; x_wconf 84' lang='grc' dir='ltr'><em>συνήθους,</em></span> <span class='ocrx_word' id='word_1_116' title='bbox 1212 1422 1453 1490; x_wconf 75' lang='grc' dir='ltr'><em>’χαίρειν</em></span> <span class='ocrx_word' id='word_1_117' title='bbox 1507 1417 1567 1473; x_wconf 73' lang='grc' dir='ltr'><em>δὲ</em></span> <span class='ocrx_word' id='word_1_118' title='bbox 1620 1425 1886 1490; x_wconf 84' lang='grc' dir='ltr'><em>κληρονο-</em></span> 
     </span>
     <span class='ocr_line' id='line_1_16' title="bbox 127 1506 1886 1579; baseline 0 -17"><span class='ocrx_word' id='word_1_119' title='bbox 127 1529 166 1562; x_wconf 85' lang='lat'><em>15</em></span> <span class='ocrx_word' id='word_1_120' title='bbox 192 1517 358 1578; x_wconf 91' lang='grc' dir='ltr'><em>μοῦσι</em></span> <span class='ocrx_word' id='word_1_121' title='bbox 389 1516 487 1561; x_wconf 85' lang='grc' dir='ltr'><em>τοῦ</em></span> <span class='ocrx_word' id='word_1_122' title='bbox 519 1511 706 1562; x_wconf 92' lang='grc' dir='ltr'><em>τόπου.</em></span> <span class='ocrx_word' id='word_1_123' title='bbox 777 1507 940 1562; x_wconf 85' lang='grc' dir='ltr'><em>ἔπειτ’</em></span> <span class='ocrx_word' id='word_1_124' title='bbox 973 1509 1039 1562; x_wconf 85' lang='grc' dir='ltr'><em>οὐ</em></span> <span class='ocrx_word' id='word_1_125' title='bbox 1080 1511 1225 1562; x_wconf 88' lang='grc' dir='ltr'><em>πολὺ</em></span> <span class='ocrx_word' id='word_1_126' title='bbox 1257 1509 1494 1578; x_wconf 78' lang='grc' dir='ltr'><em>ὕστερον</em></span> <span class='ocrx_word' id='word_1_127' title='bbox 1530 1506 1662 1577; x_wconf 81' lang='grc' dir='ltr'><em>ἧκεν</em></span> <span class='ocrx_word' id='word_1_128' title='bbox 1702 1508 1886 1579; x_wconf 80' lang='grc' dir='ltr'><em>ἕτερος</em></span> 
     </span>
     <span class='ocr_line' id='line_1_17' title="bbox 192 1590 1409 1661; baseline 0 -11"><span class='ocrx_word' id='word_1_129' title='bbox 192 1597 220 1651; x_wconf 88' lang='grc' dir='ltr'>ὁ</span> <span class='ocrx_word' id='word_1_130' title='bbox 261 1599 360 1650; x_wconf 89' lang='grc' dir='ltr'><em>τὸν</em></span> <span class='ocrx_word' id='word_1_131' title='bbox 398 1597 615 1650; x_wconf 81' lang='grc' dir='ltr'><em>ἐκείνου</em></span> <span class='ocrx_word' id='word_1_132' title='bbox 653 1597 921 1661; x_wconf 80' lang='grc' dir='ltr'><em>καθέξων.</em></span> <span class='ocrx_word' id='word_1_133' title='bbox 1405 1590 1409 1598; x_wconf 54' lang='grc'><em>’</em></span> 
     </span>
     <span class='ocr_line' id='line_1_18' title="bbox 307 1685 1885 1757; baseline 0 -18"><span class='ocrx_word' id='word_1_134' title='bbox 307 1687 389 1739; x_wconf 86' lang='grc'><em>16.</em></span> <span class='ocrx_word' id='word_1_135' title='bbox 429 1688 555 1740; x_wconf 79' lang='grc' dir='ltr'><em>Καὶ</em></span> <span class='ocrx_word' id='word_1_136' title='bbox 585 1696 713 1749; x_wconf 83' lang='grc' dir='ltr'><em>πῶς</em></span> <span class='ocrx_word' id='word_1_137' title='bbox 745 1694 945 1739; x_wconf 88' lang='grc' dir='ltr'><em>ταῦτα</em></span> <span class='ocrx_word' id='word_1_138' title='bbox 976 1690 1054 1740; x_wconf 89' lang='grc' dir='ltr'><em>σὺ</em></span> <span class='ocrx_word' id='word_1_139' title='bbox 1085 1688 1471 1757; x_wconf 85' lang='grc' dir='ltr'><em>περιεώρας,</em></span> <span class='ocrx_word' id='word_1_140' title='bbox 1504 1685 1694 1757; x_wconf 83' lang='grc' dir='ltr'><em>ε’ρήσῃ,</em></span> <span class='ocrx_word' id='word_1_141' title='bbox 1734 1685 1885 1739; x_wconf 87' lang='grc' dir='ltr'><em>δέον</em></span> 
     </span>
     <span class='ocr_line' id='line_1_19' title="bbox 103 1773 1885 1844; baseline -0.002 -13"><span class='ocrx_word' id='word_1_142' title='bbox 103 1787 311 1831; x_wconf 83' lang='lat' dir='ltr'>RII450</span> <span class='ocrx_word' id='word_1_143' title='bbox 345 1774 676 1844; x_wconf 78' lang='grc' dir='ltr'><em>ἐπιτιμᾶν</em></span> <span class='ocrx_word' id='word_1_144' title='bbox 723 1796 792 1828; x_wconf 89' lang='grc' dir='ltr'><em>τε</em></span> <span class='ocrx_word' id='word_1_145' title='bbox 835 1784 984 1838; x_wconf 88' lang='grc' dir='ltr'><em>τοῖς</em></span> <span class='ocrx_word' id='word_1_146' title='bbox 1031 1777 1331 1844; x_wconf 77' lang='grc' dir='ltr'><em>ἄρχουσι</em></span> <span class='ocrx_word' id='word_1_147' title='bbox 1377 1774 1485 1828; x_wconf 87' lang='grc' dir='ltr'><em>καὶ</em></span> <span class='ocrx_word' id='word_1_148' title='bbox 1538 1776 1543 1844; x_wconf 90' lang='grc' dir='ltr'>Ι</span> <span class='ocrx_word' id='word_1_149' title='bbox 1594 1783 1810 1828; x_wconf 88' lang='grc' dir='ltr'><em>ταῦτα</em></span> <span class='ocrx_word' id='word_1_150' title='bbox 1853 1773 1885 1826; x_wconf 83' lang='grc' dir='ltr'><em>ἃ</em></span> 
     </span>
     <span class='ocr_line' id='line_1_20' title="bbox 193 1861 1886 1934; baseline -0.001 -18"><span class='ocrx_word' id='word_1_151' title='bbox 193 1862 343 1917; x_wconf 87' lang='grc' dir='ltr'><em>νυνὶ</em></span> <span class='ocrx_word' id='word_1_152' title='bbox 384 1864 595 1931; x_wconf 78' lang='grc' dir='ltr'><em>λέγεις</em></span> <span class='ocrx_word' id='word_1_153' title='bbox 628 1864 846 1932; x_wconf 79' lang='grc' dir='ltr'><em>λέγειν</em></span> <span class='ocrx_word' id='word_1_154' title='bbox 877 1865 981 1917; x_wconf 85' lang='grc' dir='ltr'><em>καὶ</em></span> <span class='ocrx_word' id='word_1_155' title='bbox 1022 1861 1182 1933; x_wconf 74' lang='grc' dir='ltr'><em>μηδὲ</em></span> <span class='ocrx_word' id='word_1_156' title='bbox 1213 1863 1650 1932; x_wconf 88' lang='grc' dir='ltr'><em>βουλομένοις</em></span> <span class='ocrx_word' id='word_1_157' title='bbox 1682 1863 1886 1934; x_wconf 77' lang='grc' dir='ltr'><em>ρᾳθυ-</em></span> 
     </span>
     <span class='ocr_line' id='line_1_21' title="bbox 127 1950 1886 2023; baseline -0.001 -18"><span class='ocrx_word' id='word_1_158' title='bbox 127 1975 169 2006; x_wconf 85' lang='lat'><em>20</em></span> <span class='ocrx_word' id='word_1_159' title='bbox 193 1961 340 2022; x_wconf 90' lang='grc' dir='ltr'><em>μεῖν</em></span> <span class='ocrx_word' id='word_1_160' title='bbox 379 1951 781 2023; x_wconf 76' lang='grc' dir='ltr'><em>ἐπιτρέπεινς</em></span> <span class='ocrx_word' id='word_1_161' title='bbox 822 1952 912 2006; x_wconf 87' lang='grc' dir='ltr'><em>καὶ</em></span> <span class='ocrx_word' id='word_1_162' title='bbox 953 1955 1036 2016; x_wconf 88' lang='grc' dir='ltr'><em>τίς</em></span> <span class='ocrx_word' id='word_1_163' title='bbox 1075 1954 1177 2006; x_wconf 85' lang='grc' dir='ltr'><em>οὐκ</em></span> <span class='ocrx_word' id='word_1_164' title='bbox 1217 1950 1388 2021; x_wconf 85' lang='grc' dir='ltr'><em>οἶδεν,</em></span> <span class='ocrx_word' id='word_1_165' title='bbox 1429 1953 1529 2005; x_wconf 83' lang='grc' dir='ltr'><em>ὅσα</em></span> <span class='ocrx_word' id='word_1_166' title='bbox 1568 1953 1659 2004; x_wconf 85' lang='grc' dir='ltr'><em>καὶ</em></span> <span class='ocrx_word' id='word_1_167' title='bbox 1699 1952 1886 2013; x_wconf 77' lang='grc' dir='ltr'><em>ὁσάκις</em></span> 
     </span>
     <span class='ocr_line' id='line_1_22' title="bbox 194 2041 1886 2113; baseline -0.001 -19"><span class='ocrx_word' id='word_1_168' title='bbox 194 2045 406 2110; x_wconf 79' lang='grc' dir='ltr'><em>εἴρηταί</em></span> <span class='ocrx_word' id='word_1_169' title='bbox 442 2062 533 2110; x_wconf 91' lang='grc' dir='ltr'><em>μοι</em></span> <span class='ocrx_word' id='word_1_170' title='bbox 572 2043 709 2112; x_wconf 88' lang='grc' dir='ltr'><em>πρὸς</em></span> <span class='ocrx_word' id='word_1_171' title='bbox 749 2043 951 2104; x_wconf 86' lang='grc' dir='ltr'><em>αὐτοὺς</em></span> <span class='ocrx_word' id='word_1_172' title='bbox 983 2041 1109 2112; x_wconf 87' lang='grc' dir='ltr'><em>περὶ</em></span> <span class='ocrx_word' id='word_1_173' title='bbox 1148 2052 1261 2095; x_wconf 84' lang='grc' dir='ltr'><em>τῶν</em></span> <span class='ocrx_word' id='word_1_174' title='bbox 1300 2041 1361 2095; x_wconf 80' lang='grc' dir='ltr'><em>ἐν</em></span> <span class='ocrx_word' id='word_1_175' title='bbox 1400 2048 1472 2113; x_wconf 79' lang='grc' dir='ltr'><em>τῷ</em></span> <span class='ocrx_word' id='word_1_176' title='bbox 1509 2043 1688 2113; x_wconf 81' lang='grc' dir='ltr'><em>δεσμῷ</em></span> <span class='ocrx_word' id='word_1_177' title='bbox 1723 2046 1886 2109; x_wconf 84' lang='grc' dir='ltr'><em>φθει-</em></span> 
     </span>
     <span class='ocr_line' id='line_1_23' title="bbox 195 2130 1885 2201; baseline -0.001 -18"><span class='ocrx_word' id='word_1_178' title='bbox 195 2130 459 2198; x_wconf 90' lang='grc' dir='ltr'><em>ρομένων,</em></span> <span class='ocrx_word' id='word_1_179' title='bbox 501 2130 572 2193; x_wconf 86' lang='grc' dir='ltr'><em>ὡς</em></span> <span class='ocrx_word' id='word_1_180' title='bbox 608 2131 862 2199; x_wconf 88' lang='grc' dir='ltr'><em>ἀσεβοῖέν</em></span> <span class='ocrx_word' id='word_1_181' title='bbox 899 2150 957 2184; x_wconf 90' lang='grc' dir='ltr'><em>τε</em></span> <span class='ocrx_word' id='word_1_182' title='bbox 995 2132 1166 2201; x_wconf 79' lang='grc' dir='ltr'><em>ταύτῃ</em></span> <span class='ocrx_word' id='word_1_183' title='bbox 1207 2131 1298 2183; x_wconf 86' lang='grc' dir='ltr'><em>καὶ</em></span> <span class='ocrx_word' id='word_1_184' title='bbox 1337 2140 1451 2193; x_wconf 91' lang='grc' dir='ltr'><em>τοῖς</em></span> <span class='ocrx_word' id='word_1_185' title='bbox 1482 2138 1577 2198; x_wconf 82' lang='grc' dir='ltr'><em>τῆς</em></span> <span class='ocrx_word' id='word_1_186' title='bbox 1608 2133 1885 2190; x_wconf 85' lang='grc' dir='ltr'><em>πολιτείας</em></span> 
     </span>
     <span class='ocr_line' id='line_1_24' title="bbox 195 2217 1886 2289; baseline -0.001 -19"><span class='ocrx_word' id='word_1_187' title='bbox 195 2219 296 2271; x_wconf 87' lang='grc' dir='ltr'><em>οὐκ</em></span> <span class='ocrx_word' id='word_1_188' title='bbox 336 2218 622 2286; x_wconf 82' lang='grc' dir='ltr'><em>ἐμμένοιεν</em></span> <span class='ocrx_word' id='word_1_189' title='bbox 670 2220 821 2289; x_wconf 82' lang='grc' dir='ltr'><em>ὅροις</em></span> <span class='ocrx_word' id='word_1_190' title='bbox 869 2217 1000 2272; x_wconf 74' lang='grc' dir='ltr'><em>οὐδὲ</em></span> <span class='ocrx_word' id='word_1_191' title='bbox 1041 2224 1252 2288; x_wconf 83' lang='grc' dir='ltr'><em>μᾶλλον</em></span> <span class='ocrx_word' id='word_1_192' title='bbox 1293 2218 1362 2271; x_wconf 77' lang='grc' dir='ltr'><em>ὀὲν</em></span> <span class='ocrx_word' id='word_1_193' title='bbox 1403 2218 1622 2288; x_wconf 85' lang='grc' dir='ltr'><em>ἑτέρους</em></span> <span class='ocrx_word' id='word_1_194' title='bbox 1661 2219 1886 2278; x_wconf 86' lang='grc' dir='ltr'><em>δικαίως</em></span> 
     </span>
     <span class='ocr_line' id='line_1_25' title="bbox 194 2305 1886 2375; baseline 0 -17"><span class='ocrx_word' id='word_1_195' title='bbox 194 2308 474 2370; x_wconf 83' lang='grc' dir='ltr'><em>κολάζοιεν</em></span> <span class='ocrx_word' id='word_1_196' title='bbox 536 2308 568 2375; x_wconf 73' lang='grc' dir='ltr'>ἦ</span> <span class='ocrx_word' id='word_1_197' title='bbox 631 2309 845 2361; x_wconf 84' lang='grc' dir='ltr'><em>διδοῖεν</em></span> <span class='ocrx_word' id='word_1_198' title='bbox 908 2307 1064 2361; x_wconf 84' lang='grc' dir='ltr'><em>αὐτοὶ</em></span> <span class='ocrx_word' id='word_1_199' title='bbox 1121 2309 1277 2370; x_wconf 90' lang='grc' dir='ltr'><em>δίκας</em></span> <span class='ocrx_word' id='word_1_200' title='bbox 1338 2306 1425 2360; x_wconf 81' lang='grc' dir='ltr'><em>ἐπὶ</em></span> <span class='ocrx_word' id='word_1_201' title='bbox 1479 2315 1594 2368; x_wconf 90' lang='grc' dir='ltr'><em>τοῖς</em></span> <span class='ocrx_word' id='word_1_202' title='bbox 1654 2305 1714 2359; x_wconf 81' lang='grc' dir='ltr'><em>ἐκ</em></span> <span class='ocrx_word' id='word_1_203' title='bbox 1774 2315 1886 2359; x_wconf 81' lang='grc' dir='ltr'><em>τῶν</em></span> 
     </span>
    </p>
   </div>
   <div class='ocr_carea' id='block_1_3' title="bbox 312 2451 1668 2508">
    <p class='ocr_par' dir='ltr' id='par_1_3' title="bbox 312 2451 1668 2508">
     <span class='ocr_line' id='line_1_26' title="bbox 312 2451 1668 2508; baseline 0 -14"><span class='ocrx_word' id='word_1_204' title='bbox 312 2458 339 2494; x_wconf 87' lang='grc'>4</span> <span class='ocrx_word' id='word_1_205' title='bbox 373 2451 480 2496; x_wconf 87' lang='lat' dir='ltr'>Cod.</span> <span class='ocrx_word' id='word_1_206' title='bbox 508 2452 680 2496; x_wconf 88' lang='lat' dir='ltr'>Theod.</span> <span class='ocrx_word' id='word_1_207' title='bbox 708 2453 770 2496; x_wconf 89' lang='lat' dir='ltr'><em>IX</em></span> <span class='ocrx_word' id='word_1_208' title='bbox 796 2459 871 2507; x_wconf 85' lang='lat'><em>3,1</em></span> <span class='ocrx_word' id='word_1_209' title='bbox 907 2456 954 2498; x_wconf 75' lang='lat' dir='ltr'><em>et</em></span> <span class='ocrx_word' id='word_1_210' title='bbox 987 2459 1034 2508; x_wconf 80' lang='lat'><em>63</em></span> <span class='ocrx_word' id='word_1_211' title='bbox 1070 2458 1175 2508; x_wconf 87' lang='grc'><em>1,18</em></span> <span class='ocrx_word' id='word_1_212' title='bbox 1209 2454 1256 2496; x_wconf 72' lang='lat' dir='ltr'><em>et</em></span> <span class='ocrx_word' id='word_1_213' title='bbox 1289 2459 1311 2495; x_wconf 85' lang='lat'><strong>7</strong></span> <span class='ocrx_word' id='word_1_214' title='bbox 1377 2452 1433 2496; x_wconf 86' lang='lat' dir='ltr'><em>cf.</em></span> <span class='ocrx_word' id='word_1_215' title='bbox 1459 2467 1504 2508; x_wconf 88' lang='lat' dir='ltr'><em>p.</em></span> <span class='ocrx_word' id='word_1_216' title='bbox 1525 2455 1668 2505; x_wconf 82' lang='lat'>375‚9</span> 
     </span>
    </p>
   </div>
   <div class='ocr_carea' id='block_1_4' title="bbox 197 2580 1883 2879">
    <p class='ocr_par' dir='ltr' id='par_1_4' title="bbox 197 2580 1883 2879">
     <span class='ocr_line' id='line_1_27' title="bbox 316 2580 1825 2638; baseline -0.002 -10"><span class='ocrx_word' id='word_1_217' title='bbox 316 2591 336 2628; x_wconf 94' lang='lat'>1</span> <span class='ocrx_word' id='word_1_218' title='bbox 363 2585 588 2630; x_wconf 86' lang='grc' dir='ltr'><em>τεθνάσιν</em></span> <span class='ocrx_word' id='word_1_219' title='bbox 612 2587 706 2629; x_wconf 86' lang='lat' dir='ltr'><em>AP</em></span> <span class='ocrx_word' id='word_1_220' title='bbox 727 2587 807 2630; x_wconf 81' lang='lat' dir='ltr'><em>sed</em></span> <span class='ocrx_word' id='word_1_221' title='bbox 831 2587 879 2629; x_wconf 88' lang='lat' dir='ltr'><em>in</em></span> <span class='ocrx_word' id='word_1_222' title='bbox 905 2587 993 2630; x_wconf 84' lang='lat' dir='ltr'><em>hoc</em></span> <span class='ocrx_word' id='word_1_223' title='bbox 1019 2585 1030 2599; x_wconf 91' lang='lat'><em>&#39;</em></span> <span class='ocrx_word' id='word_1_224' title='bbox 1054 2586 1102 2628; x_wconf 89' lang='lat' dir='ltr'><em>in</em></span> <span class='ocrx_word' id='word_1_225' title='bbox 1120 2589 1139 2598; x_wconf 79' lang='lat'><em>&#39;‘</em></span> <span class='ocrx_word' id='word_1_226' title='bbox 1167 2600 1268 2629; x_wconf 84' lang='lat' dir='ltr'><strong>con·</strong></span> <span class='ocrx_word' id='word_1_227' title='bbox 1290 2585 1374 2638; x_wconf 57' lang='grc' dir='ltr'><em>ωδ,</em></span> <span class='ocrx_word' id='word_1_228' title='bbox 1398 2587 1433 2628; x_wconf 91' lang='grc' dir='ltr'><em>Ι</em></span> <span class='ocrx_word' id='word_1_229' title='bbox 1451 2584 1542 2628; x_wconf 70' lang='lat' dir='ltr'><em>Gob</em></span> <span class='ocrx_word' id='word_1_230' title='bbox 1633 2589 1656 2626; x_wconf 99' lang='grc'><strong>2</strong></span> <span class='ocrx_word' id='word_1_231' title='bbox 1684 2580 1729 2628; x_wconf 82' lang='grc' dir='ltr'><em>δ’</em></span> <span class='ocrx_word' id='word_1_232' title='bbox 1758 2583 1825 2626; x_wconf 83' lang='lat' dir='ltr'><em>Re</em></span> 
     </span>
     <span class='ocr_line' id='line_1_28' title="bbox 197 2642 1883 2702; baseline -0.002 -15"><span class='ocrx_word' id='word_1_233' title='bbox 197 2649 221 2687; x_wconf 86' lang='lat'>5</span> <span class='ocrx_word' id='word_1_234' title='bbox 256 2643 498 2702; x_wconf 75' lang='grc' dir='ltr'><em>κατολίγον</em></span> <span class='ocrx_word' id='word_1_235' title='bbox 533 2646 602 2700; x_wconf 67' lang='lat' dir='ltr'><em>V!</em></span> <span class='ocrx_word' id='word_1_236' title='bbox 631 2643 794 2702; x_wconf 78' lang='grc' dir='ltr'><em>ὀλίγων</em></span> <span class='ocrx_word' id='word_1_237' title='bbox 826 2647 861 2688; x_wconf 93' lang='grc' dir='ltr'><em>Ι</em></span> <span class='ocrx_word' id='word_1_238' title='bbox 1003 2649 1056 2688; x_wconf 91' lang='grc'><em>10</em></span> <span class='ocrx_word' id='word_1_239' title='bbox 1090 2646 1253 2694; x_wconf 79' lang='grc' dir='ltr'><em>αὐταῖς</em></span> <span class='ocrx_word' id='word_1_240' title='bbox 1283 2646 1328 2688; x_wconf 89' lang='grc' dir='ltr'><em>Ρ</em></span> <span class='ocrx_word' id='word_1_241' title='bbox 1358 2644 1436 2687; x_wconf 82' lang='lat' dir='ltr'><em>sed</em></span> <span class='ocrx_word' id='word_1_242' title='bbox 1471 2651 1525 2686; x_wconf 87' lang='grc' dir='ltr'><em>αῖ</em></span> <span class='ocrx_word' id='word_1_243' title='bbox 1552 2656 1608 2686; x_wconf 82' lang='lat' dir='ltr'><em>ex</em></span> <span class='ocrx_word' id='word_1_244' title='bbox 1640 2643 1694 2686; x_wconf 84' lang='grc' dir='ltr'><em>οὺ</em></span> <span class='ocrx_word' id='word_1_245' title='bbox 1727 2642 1777 2685; x_wconf 85' lang='lat' dir='ltr'><em>in</em></span> <span class='ocrx_word' id='word_1_246' title='bbox 1806 2654 1883 2684; x_wconf 81' lang='lat' dir='ltr'><em>ras</em></span> 
     </span>
     <span class='ocr_line' id='line_1_29' title="bbox 198 2700 1832 2762; baseline -0.001 -16"><span class='ocrx_word' id='word_1_247' title='bbox 198 2717 296 2746; x_wconf 84' lang='lat' dir='ltr'>corr</span> <span class='ocrx_word' id='word_1_248' title='bbox 455 2709 506 2747; x_wconf 94' lang='lat'><em>11</em></span> <span class='ocrx_word' id='word_1_249' title='bbox 541 2704 722 2760; x_wconf 80' lang='grc' dir='ltr'><em>ἡμερῶν</em></span> <span class='ocrx_word' id='word_1_250' title='bbox 749 2731 804 2735; x_wconf 90' lang='grc'><strong>-</strong></span> <span class='ocrx_word' id='word_1_251' title='bbox 832 2709 884 2747; x_wconf 92' lang='grc'><em>12</em></span> <span class='ocrx_word' id='word_1_252' title='bbox 919 2700 1045 2762; x_wconf 85' lang='grc' dir='ltr'><em>εἶχον</em></span> <span class='ocrx_word' id='word_1_253' title='bbox 1077 2704 1126 2747; x_wconf 89' lang='lat' dir='ltr'><em>in</em></span> <span class='ocrx_word' id='word_1_254' title='bbox 1157 2703 1327 2746; x_wconf 83' lang='lat' dir='ltr'>lacuna</span> <span class='ocrx_word' id='word_1_255' title='bbox 1359 2702 1455 2747; x_wconf 83' lang='lat' dir='ltr'>fere</span> <span class='ocrx_word' id='word_1_256' title='bbox 1489 2706 1543 2745; x_wconf 86' lang='lat'><em>35</em></span> <span class='ocrx_word' id='word_1_257' title='bbox 1575 2702 1656 2744; x_wconf 73' lang='lat' dir='ltr'>litt</span> <span class='ocrx_word' id='word_1_258' title='bbox 1687 2715 1762 2744; x_wconf 92' lang='lat' dir='ltr'><em>om</em></span> <span class='ocrx_word' id='word_1_259' title='bbox 1789 2702 1832 2745; x_wconf 89' lang='lat' dir='ltr'><strong><em>V</em></strong></span> 
     </span>
     <span class='ocr_line' id='line_1_30' title="bbox 199 2756 1879 2818; baseline 0 -14"><span class='ocrx_word' id='word_1_260' title='bbox 199 2766 249 2804; x_wconf 92' lang='lat'><em>11</em></span> <span class='ocrx_word' id='word_1_261' title='bbox 287 2760 450 2818; x_wconf 76' lang='grc' dir='ltr'><em>ὀλίγων</em></span> <span class='ocrx_word' id='word_1_262' title='bbox 482 2763 656 2807; x_wconf 82' lang='lat' dir='ltr'>inserui</span> <span class='ocrx_word' id='word_1_263' title='bbox 689 2763 790 2806; x_wconf 81' lang='lat' dir='ltr'>coll.</span> <span class='ocrx_word' id='word_1_264' title='bbox 808 2763 972 2807; x_wconf 83' lang='lat' dir='ltr'><strong>Aesch.</strong></span> <span class='ocrx_word' id='word_1_265' title='bbox 994 2762 1112 2807; x_wconf 81' lang='lat' dir='ltr'><strong>Ctes.</strong></span> <span class='ocrx_word' id='word_1_266' title='bbox 1140 2767 1165 2815; x_wconf 63' lang='grc' dir='ltr'>ξ</span> <span class='ocrx_word' id='word_1_267' title='bbox 1191 2767 1276 2805; x_wconf 86' lang='grc'><em>254</em></span> <span class='ocrx_word' id='word_1_268' title='bbox 1301 2777 1346 2818; x_wconf 90' lang='lat' dir='ltr'><em>p.</em></span> <span class='ocrx_word' id='word_1_269' title='bbox 1365 2766 1501 2816; x_wconf 85' lang='grc' dir='ltr'><em>89,2Ο</em></span> <span class='ocrx_word' id='word_1_270' title='bbox 1530 2763 1536 2817; x_wconf 90' lang='grc'><strong>1</strong></span> <span class='ocrx_word' id='word_1_271' title='bbox 1565 2756 1686 2805; x_wconf 85' lang='grc' dir='ltr'><em>εἶναι</em></span> <span class='ocrx_word' id='word_1_272' title='bbox 1710 2774 1786 2802; x_wconf 91' lang='lat' dir='ltr'><em>om</em></span> <span class='ocrx_word' id='word_1_273' title='bbox 1813 2760 1851 2804; x_wconf 81' lang='lat' dir='ltr'><strong><em>G</em></strong></span> <span class='ocrx_word' id='word_1_274' title='bbox 1874 2758 1879 2817; x_wconf 94' lang='grc' dir='ltr'>Ι</span> 
     </span>
     <span class='ocr_line' id='line_1_31' title="bbox 198 2815 1826 2879; baseline -0.001 -16"><span class='ocrx_word' id='word_1_275' title='bbox 198 2821 468 2874; x_wconf 83' lang='grc' dir='ltr'><em>φράσαντας</em></span> <span class='ocrx_word' id='word_1_276' title='bbox 492 2848 546 2854; x_wconf 85' lang='lat'>—</span> <span class='ocrx_word' id='word_1_277' title='bbox 575 2827 628 2865; x_wconf 84' lang='lat'><em>12</em></span> <span class='ocrx_word' id='word_1_278' title='bbox 662 2819 788 2879; x_wconf 87' lang='grc' dir='ltr'><em>εἶχον</em></span> <span class='ocrx_word' id='word_1_279' title='bbox 821 2822 869 2864; x_wconf 89' lang='lat' dir='ltr'><em>in</em></span> <span class='ocrx_word' id='word_1_280' title='bbox 900 2834 1034 2879; x_wconf 85' lang='lat' dir='ltr'><strong>marg</strong></span> <span class='ocrx_word' id='word_1_281' title='bbox 1066 2821 1159 2864; x_wconf 85' lang='lat' dir='ltr'><em>add</em></span> <span class='ocrx_word' id='word_1_282' title='bbox 1183 2821 1241 2865; x_wconf 78' lang='grc' dir='ltr'><em>Ι2</em></span> <span class='ocrx_word' id='word_1_283' title='bbox 1453 2826 1505 2863; x_wconf 82' lang='lat'><em>15</em></span> <span class='ocrx_word' id='word_1_284' title='bbox 1537 2815 1681 2875; x_wconf 83' lang='grc' dir='ltr'><em>ἦλθεν</em></span> <span class='ocrx_word' id='word_1_285' title='bbox 1716 2819 1826 2862; x_wconf 84' lang='lat' dir='ltr'><em>OPa</em></span> 
     </span>
    </p>
   </div>
   <div class='ocr_carea' id='block_1_5' title="bbox 197 2875 1881 2982">
    <p class='ocr_par' dir='ltr' id='par_1_5' title="bbox 197 2875 1881 2982">
     <span class='ocr_line' id='line_1_32' title="bbox 258 2875 1881 2940; baseline -0.002 -18"><span class='ocrx_word' id='word_1_286' title='bbox 258 2884 309 2922; x_wconf 86' lang='lat'><em>17</em></span> <span class='ocrx_word' id='word_1_287' title='bbox 343 2884 564 2940; x_wconf 82' lang='grc' dir='ltr'><em>περιορᾷς</em></span> <span class='ocrx_word' id='word_1_288' title='bbox 595 2882 668 2924; x_wconf 85' lang='grc' dir='ltr'><em>Ρα</em></span> <span class='ocrx_word' id='word_1_289' title='bbox 806 2886 859 2924; x_wconf 86' lang='grc'><em>18</em></span> <span class='ocrx_word' id='word_1_290' title='bbox 891 2887 988 2930; x_wconf 88' lang='grc' dir='ltr'><em>τοῖς</em></span> <span class='ocrx_word' id='word_1_291' title='bbox 1017 2897 1066 2924; x_wconf 83' lang='grc' dir='ltr'><em>τε</em></span> <span class='ocrx_word' id='word_1_292' title='bbox 1094 2881 1137 2925; x_wconf 89' lang='lat' dir='ltr'><strong><em>V</em></strong></span> <span class='ocrx_word' id='word_1_293' title='bbox 1180 2883 1184 2934; x_wconf 84' lang='grc' dir='ltr'>Ι</span> <span class='ocrx_word' id='word_1_294' title='bbox 1235 2896 1282 2923; x_wconf 88' lang='grc' dir='ltr'><em>τε</em></span> <span class='ocrx_word' id='word_1_295' title='bbox 1315 2894 1390 2923; x_wconf 90' lang='lat' dir='ltr'><em>om</em></span> <span class='ocrx_word' id='word_1_296' title='bbox 1422 2879 1512 2923; x_wconf 74' lang='lat' dir='ltr'><em>Got</em></span> <span class='ocrx_word' id='word_1_297' title='bbox 1653 2882 1705 2921; x_wconf 89' lang='lat'><em>19</em></span> <span class='ocrx_word' id='word_1_298' title='bbox 1738 2877 1798 2934; x_wconf 90' lang='grc' dir='ltr'><em>μὴ</em></span> <span class='ocrx_word' id='word_1_299' title='bbox 1831 2875 1881 2919; x_wconf 81' lang='grc' dir='ltr'><em>δὲ</em></span> 
     </span>
     <span class='ocr_line' id='line_1_33' title="bbox 197 2938 524 2982; baseline 0.009 -3"><span class='ocrx_word' id='word_1_300' title='bbox 197 2938 414 2982; x_wconf 80' lang='lat' dir='ltr'><strong><em>APJBV</em></strong></span> <span class='ocrx_word' id='word_1_301' title='bbox 434 2938 524 2982; x_wconf 81' lang='lat' dir='ltr'><em>Got</em></span> 
     </span>
    </p>
   </div>
  </div>
 </body>
</html>
