1992 3094
194 87 301 139 384
708 82 938 126 LIBANII
969 81 1192 126 ORATIO
1225 81 1370 124 XLVI

307 221 388 274 10.
437 218 751 272 Ἠδίκουν
789 219 937 287 γάρ,
979 219 1166 287 φησίν,
1207 217 1266 270 οἱ
1305 217 1584 285 κάπηλοι
1623 215 1769 286 περὶ
1808 218 1882 270 τὰ

193 309 389 381 μέτρα
427 311 579 371 τοὺς
617 310 943 369 πίνοντας.
1022 306 1382 372 ἀδικούμενοί
1416 325 1502 374 γε,
1549 303 1591 359 ὦ
1633 308 1881 375 βασιλεῦ,

193 401 339 469 παρὰ
384 407 496 451 τῶν
541 398 817 449 πινόντων
862 393 955 448 καὶ
1002 393 1159 447 αὐτοὶ
1211 394 1277 447 οὐ
1325 395 1549 447 πάντων
1601 394 1725 462 μέν,
1781 396 1883 449 οὐκ

195 490 396 556 ὀλίγων
452 485 525 539 δέ.
618 486 666 537 εἰ
727 484 827 551 μὲν
888 479 992 536 οὖν
1053 483 1288 551 ἠδίκουν
1346 483 1448 536 οὐκ
1511 482 1883 553 ἀδικούμενοι,

151 599 169 632 5
196 580 350 645 δίκης
381 574 543 638 ἄξιοι·
584 575 632 627 εἰ
673 572 721 626 δ’
760 573 868 625 ὑπὸ
900 580 1001 624 τοῦ
1034 572 1264 640 πάσχειν
1301 581 1478 634 κακῶς
1516 569 1763 641 ἐποίουν,
1802 574 1884 636 τίς

195 666 296 719 οὐκ
335 664 405 717 ἂν
444 664 735 731 συγγνοίη;
779 662 845 715 οὐ
886 662 989 730 γὰρ
1032 659 1388 729 βουλομένων
1426 669 1590 713 τοῦτο
1630 658 1716 730 ἦν,
1757 661 1885 715 ἀλλ’

194 752 635 823 ἠναγκασμένων.
706 744 789 813 οἷς
822 749 886 802 δέ
916 749 1030 802 ἐστι
1070 751 1359 818 καταφυγὴ
1397 750 1487 803 καὶ
1526 750 1587 802 τὸ
1623 768 1885 820 παραιτη-

196 847 447 911 σόμενον,
481 841 548 893 οὐ
582 838 900 909 φονευτέον.
974 839 1057 890 11.
1096 839 1153 891 τί
1181 834 1285 890 οὖν
1317 838 1656 907 ἀδικοῦνται,
1695 839 1886 907 βούλει

195 938 414 999 μαθεῖν,
455 927 496 982 ὦ
536 932 787 997 βασιλεῦς
831 928 1029 980 πολλαὶ
1068 924 1170 996 μὲν
1208 928 1265 979 αἱ
1305 926 1483 996 ἀρχαί,
1524 929 1608 980 ἔνι
1648 928 1711 981 δὲ
1747 927 1887 982 καθ’

131 1042 173 1074 10
198 1020 429 1087 ἑκάστην
462 1016 694 1087 φάλαγξ,
726 1017 816 1069 καὶ
848 1018 1063 1069 τούτων
1095 1012 1164 1069 αὖ
1196 1015 1325 1068 καθ’
1351 1014 1584 1085 ἑκάστην
1615 1015 1882 1089 κήρυκες,Ι

107 1122 206 1166 RH
225 1125 310 1164 469
342 1108 733 1176 ἡμεροδρόμοι,
788 1107 1138 1174 βασανισταί,
1195 1107 1278 1157 ἔνι
1326 1105 1387 1158 δὲ
1432 1105 1524 1158 καὶ
1571 1107 1708 1158 ἄλλα
1755 1106 1887 1159 ἄττα

196 1197 328 1267 ἔργα
374 1204 642 1249 ποιοῦντα
687 1196 1074 1264 προσηγορίας.
1151 1189 1307 1247 οὗτοι
1354 1195 1422 1263 δὴ
1469 1199 1685 1263 πλῆθος
1732 1197 1887 1258 ὄντες

198 1288 574 1347 εἰσπίπτοντες
614 1285 691 1347 εἰς
722 1284 788 1336 τὰ
826 1288 1092 1351 καπηλεῖα
1126 1283 1390 1346 πολλάκις
1423 1281 1649 1352 ἑκάστης
1686 1282 1888 1354 ἡμέρας

197 1379 456 1429 πίνουσιν
497 1374 632 1427 ὅσον
671 1371 741 1425 ἂν
783 1371 964 1441 μέθην
1002 1375 1309 1440 ποιήσειεν,
1357 1372 1457 1424 οὐκ
1498 1369 1657 1426 οἶνον
1695 1375 1887 1440 μόνον,

132 1486 173 1518 15
199 1465 334 1517 ἀλλὰ
375 1464 464 1516 καὶ
521 1462 553 1515 ἃ
600 1463 774 1533 τούτῳ
823 1460 885 1514 ἐν
938 1459 1094 1527 μίξει.
1188 1460 1416 1529 ἀριθμεῖ
1469 1457 1530 1513 δὲ
1585 1461 1770 1523 οὐδεὶς
1821 1462 1888 1513 τὰ

199 1554 503 1621 ἐκπώματα,
543 1551 644 1604 οὐκ
684 1550 841 1620 ἀνήρ,
889 1550 955 1602 οὐ
997 1552 1156 1618 γυνή,
1197 1550 1297 1619 οὐχ
1335 1551 1470 1620 υἱός,
1510 1550 1575 1603 οὐ
1614 1549 1888 1620 θυγάτηρ,

200 1640 314 1695 ἀλλ’
345 1641 378 1709 ἢ
420 1641 504 1693 δεῖ
543 1647 706 1707 σιγᾶν
744 1638 776 1706 ἢ
819 1637 1176 1691 ἀπολωλέναι.
1244 1647 1361 1701 τοῖς
1396 1639 1498 1707 γὰρ
1540 1638 1723 1691 αὑτῶν
1761 1646 1891 1707 χρῆ-

1971 1716 1973 1723 ,
1972 1637 1973 1642 .
1967 1549 1977 1583 m—

200 1736 334 1783 σθαι
367 1728 589 1797 λέγουσι
621 1726 711 1780 καὶ
745 1721 885 1779 εἶναι
927 1729 1185 1780 δεσπόται
1223 1737 1335 1780 τῶν
1372 1746 1430 1778 τε
1462 1730 1651 1780 πίθων
1691 1726 1890 1794 ὁμοίως

199 1819 286 1871 καὶ
329 1814 407 1871 ὧν
447 1819 589 1871 εἰσιν
632 1818 684 1870 οἱ
730 1819 905 1869 πίθοι.
987 1817 1068 1868 12.
1126 1817 1178 1868 οἱ
1217 1813 1320 1883 μὲν
1358 1812 1463 1869 οὖν
1502 1814 1890 1886 ἐπιεικέστεροι
1959 1880 1962 1883 ι

135 1928 177 1959 2ο
200 1909 261 1959 τὸ
310 1909 529 1974 ἔκπωμα
567 1904 899 1967 καταθέντες
941 1905 1031 1957 καὶ
1078 1907 1435 1973 προειπόντες
1482 1898 1638 1957 οἶνον
1685 1904 1888 1973 ἀμείνω

200 2003 553 2064 περισκοπεῖν
589 1993 861 2062 ἀπῆλθον,
901 1995 954 2046 οἱ
995 1991 1041 2046 δ’
1076 1994 1264 2055 αὐτοῖς
1294 1992 1622 2062 ἐκπώμασιν.
1694 1993 1892 2060 ὀβολὸς
1924 2013 1931 2018 ’
1958 1987 1963 2011 ⁵

202 2084 262 2136 δὲ
302 2079 431 2135 οὐδὲ
471 2080 596 2150 παρ’
637 2081 863 2150 ἑτέρων,
909 2080 1025 2134 ἀλλ’
1067 2081 1094 2134 ὁ
1134 2078 1234 2148 μὲν
1273 2082 1513 2149 κάπηλος
1553 2082 1796 2149 ὠνεῖται,
1837 2083 1894 2135 οἱ

204 2170 251 2222 δ’
290 2170 691 2239 ἐμπίμπλανται
739 2172 927 2232 δόντες
974 2170 1155 2223 οὐδέν.
1233 2166 1343 2222 εἷθ’
1381 2171 1433 2222 οἱ
1476 2170 1576 2236 μὲν
1617 2170 1889 2238 ἀπῆλθον,
1950 2239 1951 2242 ¹

322 2336 343 2372 7
380 2330 435 2373 cf.
462 2330 604 2374 Thuc.
629 2330 650 2372 I
676 2334 781 2385 90‚2
815 2344 919 2373 cum
950 2331 1062 2373 nota,
1093 2329 1321 2387 Kruegeri

321 2482 347 2519 4
381 2477 464 2520 οὐκ
497 2491 552 2520 ex
585 2476 629 2521 οἱ
662 2492 762 2520 corr
794 2477 861 2522 Α2
1025 2483 1047 2520 7
1083 2475 1127 2520 δ’
1165 2478 1232 2520 Re
1275 2477 1281 2535 Ι
1323 2477 1699 2533 παραιτούμενον
1731 2476 1832 2519 Μο1·
1946 2493 1951 2502 ·

207 2541 260 2579 10
294 2533 352 2580 ἂν
380 2537 421 2580 V
561 2541 611 2579 11
647 2536 760 2580 ἅττα
795 2537 874 2580 CA
907 2537 998 2579 edd
1031 2536 1155 2592 quod
1188 2537 1388 2579 correxib
1418 2535 1749 2579 Boissonadius
1781 2536 1887 2579 Not.
1938 2565 1943 2574 ,

206 2597 252 2638 et
282 2595 407 2637 Extr.
434 2595 496 2637 XI
521 2600 561 2648 2,
591 2600 672 2638 155
827 2600 878 2638 12
914 2595 1090 2651 ὄργανα
1123 2596 1223 2639 Mor
1272 2597 1277 2651 Ι
1328 2592 1565 2649 λοιδορίας
1597 2594 1701 2637 coni
1731 2594 1833 2637 Mor

209 2660 260 2697 15
293 2653 322 2696 ἃ
348 2653 521 2696 inserui
549 2656 554 2710 Ι
581 2655 727 2713 τούτῳ
753 2654 918 2710 scripsi
978 2654 1159 2704 τούτοις
1181 2654 1291 2697 libri
1316 2654 1406 2696 edd
1470 2654 1553 2710 οὐχ
1579 2650 1707 2696 οὗτοι
1731 2652 1890 2710 μόνον,

206 2712 318 2756 ἀλλὰ
343 2713 422 2755 καὶ
448 2710 569 2762 ὅστις
594 2710 789 2771 συμμίξῃ
814 2713 906 2770 (vel
931 2714 1089 2763 αὐτοῖς
1113 2711 1326 2771 συμμίξῃ)
1353 2712 1457 2756 coni
1482 2713 1549 2755 Re
1669 2717 1721 2755 16
1749 2713 1803 2755 οὐ
1829 2713 1889 2767 (2)

205 2799 262 2804 —
283 2776 335 2814 18
366 2770 548 2827 λέγουσι
581 2786 655 2815 om
688 2773 732 2815 B
856 2777 907 2814 17
943 2773 1096 2815 αὐτῶν
1127 2772 1281 2814 IMor
1401 2776 1454 2814 21
1489 2771 1535 2814 οἳ
1559 2773 1604 2815 Α
1666 2770 1781 2815 οἴΡ
1810 2769 1889 2813 sed

209 2829 220 2844 ‘
251 2831 308 2874 e*
354 2844 454 2873 corr
483 2830 566 2884 m³‚
598 2832 729 2874 IBV
764 2831 770 2888 Ι
820 2830 870 2874 δὲ
902 2831 970 2873 Re
1093 2835 1147 2873 22
1182 2830 1228 2874 οἳ
1258 2830 1303 2874 Α
1365 2829 1417 2873 οῖ’
1434 2831 1565 2874 IBV
1677 2834 1732 2872 23
1759 2825 1889 2885 ἐμπί-

206 2892 404 2932 πλανται
438 2889 603 2933 OJBV
619 2889 721 2932 Mor
783 2889 839 2932 cf.
865 2891 897 2931 ι.
924 2889 945 2931 Ι
967 2893 1162 2944 442,10;
1195 2889 1238 2931 Π
1261 2893 1427 2944 209,1;
1462 2893 1562 2944 258,
1581 2893 1634 2930 13

1953 2061 1962 2086 ²
