1992 3094
10 2812 41 3094 ἰ

375 82 603 126 LIBANII
633 81 858 128 ORATIO
892 81 1135 127 CONTRA
1166 81 1563 127 FLORENTIUM
1702 80 1810 134 385

127 218 178 271 οἱ
220 215 268 270 δ’
306 211 501 284 ἦλθον.
579 218 664 270 δεῖ
709 215 771 271 δὲ
817 221 1217 288 προκεκρίσθαι
1255 228 1367 272 τῶν
1405 220 1679 273 διδόντων
1714 221 1813 273 τὸν

124 315 237 360 τῶν
280 314 482 375 προῖκα
526 309 807 360 πινόντων
852 309 1046 376 φόβον.
1123 310 1421 374 βαλαντιόυ
1462 306 1523 362 δὲ
1570 309 1637 363 οὐ
1685 313 1813 363 λυο-

125 393 297 464 μένου
350 396 494 448 πολὺ
547 396 608 448 τὸ
660 398 975 465 πινόμενον.
1058 398 1205 450 πίνει
1259 394 1321 450 δὲ
1374 398 1476 450 οὐκ
1522 398 1687 461 αὐτός
1731 418 1814 462 τις

125 484 316 552 μόνος,
356 482 494 536 ἀλλὰ
531 481 623 536 καὶ
663 484 730 537 ὃν
770 485 975 552 εἰσάγει
1012 492 1121 538 νῦν
1158 485 1259 553 μὲν
1298 494 1563 555 συγγενῆ,
1604 494 1714 541 νῦν
1753 486 1812 541 δὲ

127 574 362 642 συνήθη.
442 571 525 624 13.
578 573 812 635 τούτους
850 572 1099 643 ἆρίθμει,
1139 577 1392 643 βασιλεῦ,
1430 577 1559 639 τοὺς
1595 575 1704 629 ὑπὸ
1744 583 1820 648 τῷ
1862 597 1880 630 5

126 662 188 714 τὸ
219 658 388 723 ἔθνος
419 661 630 729 ἄγοντι,
667 664 798 725 τοὺς
829 662 935 715 ὑπὸ
967 669 1043 735 τῷ
1074 665 1319 733 πλείονα,
1353 662 1360 735 Ι
1394 666 1524 727 τοὺς
1558 665 1665 718 ὑπὸ
1697 677 1797 721 RII
1817 682 1902 722 470

127 756 202 821 τῷ
234 756 519 822 στρατηγῷ
551 751 641 803 καὶ
672 748 809 819 μηδὲ
846 749 931 804 δύ’
972 752 1202 822 ἄρχοντε
1233 754 1459 806 πίνοντε
1488 755 1814 824 παραλίπῃς,

128 831 212 901 οἷς
257 836 418 908 ἀγροὶ
464 839 531 891 τὰ
577 837 907 908 ἐργαστήρια
951 847 1152 909 μικροῦ
1190 841 1381 893 πάντα.
1458 839 1554 910 ἀφ’
1592 837 1671 894 ὧν
1709 843 1814 912 γὰρ

128 926 345 981 ἕκαστοι
375 930 623 980 πωλοῦσι
649 928 991 997 λαμβάνουσι
1022 935 1098 1001 τῷ
1124 934 1347 999 λογιστῇ
1372 930 1815 999 προσγινομένου

130 1023 227 1070 τοῦ
259 1017 543 1069 συνδίκου.
611 1017 711 1069 τὸν
742 1014 803 1070 δὲ
836 1015 1218 1085 ἐγκαθήμενον
1249 1021 1415 1087 λόχον
1453 1020 1507 1071 τί
1544 1024 1670 1083 οῖει;
1710 1014 1816 1089 ἄρα
1842 1043 1883 1075 ιο

130 1104 347 1173 ἀγαπᾶν
393 1113 457 1175 τῇ
504 1106 656 1174 παρὰ
706 1113 808 1159 σοῦ
854 1114 1056 1176 τροφῇ;
1112 1105 1202 1159 καὶ
1255 1110 1338 1170 τίς
1391 1107 1493 1160 οὐκ
1547 1100 1663 1160 οἶδε
1715 1109 1816 1176 τὴν

130 1193 382 1263 ἁρπαγὴν
419 1194 490 1262 ἣν
527 1193 557 1247 6
596 1198 797 1247 πωλῶν
836 1193 1080 1264 ἐπισχεῖν
1118 1192 1219 1262 μὲν
1266 1195 1367 1248 οὐκ
1414 1195 1696 1264 ἐπιχειρεῖ,
1743 1198 1815 1265 μὴ

130 1281 436 1354 παροξύνῃ,
498 1284 672 1336 δεῖται
727 1281 788 1337 δὲ
843 1283 1043 1337 ἐλάττω
1097 1283 1381 1353 γενέσθαι;
1439 1282 1595 1338 οὗτοι
1648 1281 1709 1337 δὲ
1763 1286 1814 1338 οἱ

131 1381 456 1442 στρατιῶται
486 1371 656 1425 πάνθ’
689 1372 872 1435 ἁπλῶς
899 1371 1219 1442 ἐπέρχονται
1251 1375 1600 1442 πανταχόθεν
1630 1372 1817 1426 ἕλκον-

130 1480 218 1524 τες
255 1461 347 1514 καὶ
386 1462 434 1514 εἰ
473 1462 545 1530 μὴ
585 1460 746 1531 κρέας
785 1463 818 1530 ἤ
857 1482 909 1514 τι
948 1471 1059 1515 τῶν
1096 1462 1364 1515 τοιούτων
1404 1464 1512 1528 ἔνι,
1556 1460 1819 1530 φέροντες
1844 1487 1884 1518 15

132 1549 415 1620 ἀργύριον.
496 1550 578 1602 14.
634 1550 918 1619 ἀγείρουσι
973 1546 1035 1603 δὲ
1090 1550 1191 1619 οὐχ
1245 1551 1298 1604 οἱ
1351 1551 1576 1619 μάχιμοι
1628 1552 1819 1619 μόνον,

132 1638 270 1691 ἀλλὰ
315 1638 405 1691 καὶ
453 1631 536 1702 οἷς
578 1639 608 1693 6
655 1641 776 1708 βίος
814 1637 877 1692 ἐν
914 1637 1147 1701 ἐκείνοις
1186 1643 1588 1706 γελωτοποιεῖν.
1667 1638 1820 1708 ἀρκεῖ

133 1724 193 1780 δὲ
234 1729 312 1790 εἰς
348 1728 410 1780 τὸ
448 1737 632 1781 ποιεῖν
668 1729 735 1781 τὰ
771 1738 883 1781 τῶν
914 1728 1276 1795 ταλαιπώρων
1307 1726 1508 1780 ἐλάττω
1547 1726 1638 1780 καὶ
1678 1726 1819 1781 λέων

131 1816 365 1879 τιθασὸς
408 1815 499 1869 καὶ
547 1817 744 1885 ἄρκτος
789 1815 879 1870 καὶ
935 1816 1205 1886 πάρδαλις
1249 1817 1340 1869 καὶ
1392 1817 1544 1869 κύων
1596 1816 1820 1884 μεγέθει

134 1903 440 1975 διαφέρων,
496 1906 598 1974 ἤδη
648 1906 709 1959 δὲ
754 1904 846 1958 καὶ
892 1907 1145 1973 πίθηκος.
1221 1905 1310 1958 καὶ
1357 1905 1386 1959 6
1432 1902 1535 1972 μὲν
1580 1905 1820 1974 αὐλήσας
1844 1930 1887 1961 20

134 1991 466 2063 εἰσέπραξεν,
506 1993 536 2048 6
576 1991 637 2048 δὲ
675 1995 809 2062 μετὰ
846 1995 1111 2063 σύριγγος
1145 1992 1453 2062 ἐρχόμενος,
1494 1993 1522 2046 6
1564 1991 1625 2046 δὲ
1658 1998 1821 2048 Πᾶνα

133 2085 366 2151 ποιήσας
403 2083 589 2151 αὑτόν,
629 2082 658 2136 ὁ
700 2083 762 2136 δὲ
797 2084 1086 2151 Σειληνόν,
1126 2082 1348 2151 Βάκχην
1388 2079 1447 2135 δὲ
1487 2081 1681 2151 ἕτερος.
1751 2082 1822 2135 ἂν

254 2261 280 2301 5
312 2257 370 2301 cf.
393 2272 439 2314 p.
458 2262 558 2312 229,
571 2261 647 2313 133
679 2261 844 2312 299‚22

257 2425 279 2463 1
321 2420 367 2464 οἳ
405 2422 450 2465 A
541 2420 594 2465 οῗ
625 2422 745 2466 PIB
757 2422 801 2465 V
945 2424 970 2463 2
1011 2418 1172 2478 φόβων
1211 2421 1244 2463 Ι
1293 2420 1301 2477 Ι
1358 2421 1633 2478 βαλλαντίου
1673 2421 1766 2465 ΑΡ

138 2478 194 2523 cf.
220 2479 282 2523 ad
310 2494 356 2536 p.
384 2485 484 2534 111,
502 2486 528 2523 5
649 2484 676 2523 3
708 2477 756 2523 δ’
791 2479 858 2522 Re
989 2484 1017 2522 4
1043 2477 1216 2536 εἰσάγει
1240 2477 1343 2522 Mor
1403 2478 1581 2535 εἰσάγοι
1612 2478 1722 2522 libri
1755 2479 1821 2522 Re

196 2543 223 2582 5
248 2552 363 2595 συνη
389 2553 494 2583 cum
516 2552 592 2583 ras
617 2544 642 2583 2
666 2538 748 2582 litt
769 2539 803 2582 Ι
825 2541 830 2594 Ι
857 2538 1039 2588 τούτοις
1062 2538 1105 2580 V
1123 2537 1226 2581 Mor
1345 2541 1368 2580 7
1401 2536 1462 2593 μὴ
1495 2536 1548 2582 δὲ
1570 2538 1737 2583 APIB
1750 2539 1793 2582 V
1813 2539 1817 2563 ¹

138 2594 216 2640 δύ’
249 2598 439 2654 reposui
469 2611 494 2642 θ
525 2597 658 2642 libris
718 2597 806 2643 δύο
839 2596 928 2640 edd
971 2599 977 2652 Ι
1019 2594 1300 2651 παραλίποις
1332 2597 1376 2639 V
1517 2601 1542 2640 9
1574 2611 1821 2654 προσγινο-

137 2655 279 2711 μένου
306 2656 344 2701 Ο
371 2657 454 2701 sed
479 2674 495 2701 ι
519 2671 576 2701 ex
599 2673 620 2701 ε
644 2670 759 2712 corr,
790 2656 893 2700 Mor
952 2654 1323 2713 προσγενομένου
1355 2654 1522 2711 reliqui
1554 2654 1663 2699 libri
1695 2656 1763 2699 Re

141 2718 195 2758 10
227 2712 274 2760 δ’
309 2715 377 2760 Re
411 2718 418 2772 Ι
453 2715 547 2771 ἄρα
573 2717 651 2761 CA
684 2716 752 2759 Re
874 2719 929 2758 15
960 2715 1040 2758 καὶ
1073 2715 1114 2759 εἰ
1144 2714 1235 2758 scri
1270 2714 1309 2758 si
1370 2714 1411 2758 εἰ
1441 2715 1520 2758 καὶ
1552 2714 1663 2758 libri
1694 2715 1786 2758 edd
1813 2716 1819 2774 Ι

138 2770 168 2829 ἢ
199 2771 243 2817 τί
277 2775 322 2819 V
524 2779 579 2819 16
612 2775 695 2833 οὐχ
728 2773 772 2819 οἱ
804 2775 850 2819 Ρ
878 2773 961 2817 sed-
991 2790 1008 2817 ι
1040 2787 1182 2830 supra
1213 2789 1237 2818 ο
1288 2786 1372 2830 pos
1402 2773 1473 2816 m'
1563 2773 1668 2832 οὐχὶ
1701 2774 1739 2819 G

142 2835 196 2875 18
235 2831 350 2877 λέων
387 2831 586 2884 emensos
622 2847 647 2878 e
685 2833 835 2877 λέοντι
872 2831 1025 2883 θάσος
1061 2835 1105 2888 (1
1137 2831 1218 2875 litt
1249 2834 1358 2875 ante
1388 2835 1426 2876 θ
1458 2835 1577 2889 eras)
1617 2845 1718 2876 con·
1757 2833 1824 2878 Α2

202 2895 254 2935 19
286 2890 485 2944 τίθασος
514 2893 549 2935 Ι
602 2892 659 2936 cf.
692 2907 736 2948 p.
764 2895 908 2946 303‚7
1030 2895 1085 2934 22
1118 2890 1293 2950 βάκχον
1327 2892 1370 2936 V

229 2972 428 3005 Lumems
453 2974 510 3006 ed.
534 2974 772 3006 Foerster.
811 2973 883 3005 111.
1502 2970 1556 3007 25
