1992 3094
464 124 692 169 LIBANII
725 123 949 168 ORATIO
983 125 1101 169 PRO
1134 125 1519 170 RHETORIBUS
1726 127 1828 179 137

139 263 357 316 κτύλων
401 258 408 332 Ι
453 260 706 323 ἕλκοντες
745 259 1017 330 ἀργυρίου
1054 260 1243 330 μέγαν.
1320 263 1410 315 καὶ
1450 269 1556 315 νῦν
1597 258 1675 315 οἷ-
1714 275 1814 318 RH
1835 280 1918 319 215

138 353 238 422 μαί
271 369 366 420 μοι
403 357 606 403 τοῦτον
645 348 1060 418 ἀπαντήσεσθαι
1099 350 1200 403 τὸν
1239 353 1433 420 λόγον·
1487 359 1610 404 ποῦ
1652 352 1721 406 δὲ
1759 354 1832 404 τὰ

137 440 307 509 παρὰ
359 447 487 491 τῶν
539 443 882 508 μαθητῶν;
936 435 1053 491 ἔστι
1093 439 1162 507 δὴ
1207 440 1345 508 πρὸς
1383 447 1547 492 τοῦτο
1595 443 1832 509 χαλεπὸν

139 529 415 583 ἀντειπεῖν
454 527 522 580 οὐ
555 533 629 600 τῷ
664 527 878 589 δικαίας
912 526 1252 597 ἀποκρίσεως
1282 527 1529 596 ἀπορεῖν,
1569 526 1675 598 ἔχω
1708 531 1832 598 γάρ,

139 617 278 670 ἀλλὰ
328 622 403 689 τῷ
442 617 544 685 τὴν
590 615 971 684 ἀληθεστάτην
1020 617 1215 685 ἥκιστα
1262 622 1567 686 φανεῖσθαι
1615 621 1830 687 πιστνήν.

140 707 193 759 οἱ
239 706 343 776 γὰρ
398 703 459 758 ἐκ
511 711 612 757 τοῦ
663 705 954 758 παιδεύειν
991 707 1425 774 πεπλουτηκότες
1472 704 1534 759 ἐν
1579 715 1695 769 τοῖς
1741 709 1831 776 ἔμ-

139 800 390 865 προσθεν
450 795 671 863 χρόνοις
725 791 893 857 δόξαν
946 796 1310 863 πεποιήκασιν
1363 795 1437 858 ὡς
1489 803 1583 863 τῆς
1639 794 1832 865 τέχνης

139 884 371 954 μάλιστα
394 883 740 952 παρεχούσης
766 882 1172 953 ἐνεργάσασθαι
1197 885 1456 952 χρήματα.
1502 885 1563 937 τὸ
1594 881 1696 951 μὲν
1728 880 1832 937 οὖν

142 974 359 1026 δίκαιον
396 968 468 1040 ἦν
506 971 588 1025 ἀεὶ
640 972 702 1024 τὸ
747 979 971 1041 πρᾶγμα
1026 971 1200 1034 οὕτως
1246 974 1408 1041 ἔχειν,
1463 974 1573 1042 ἔχει
1624 971 1683 1026 δὲ
1730 974 1831 1042 οὐχ

141 1062 328 1124 οὕτως.
406 1060 545 1114 ἀλλά
583 1059 868 1138 μετέπεσε,
918 1059 1011 1113 καὶ
1052 1060 1207 1125 ὅθεν,
1262 1065 1375 1114 ἴστε
1413 1058 1515 1128 μὲν
1555 1061 1675 1115 ὅσοι
1715 1071 1832 1125 τοῖς

140 1149 420 1221 ἡμετέροις
458 1151 1004 1219 παρηκολουθήκατε,
1045 1158 1156 1203 τῶν
1189 1150 1250 1202 δὲ
1286 1149 1645 1219 ἀγνοούντων
1673 1149 1833 1204 ἕνεκα

141 1240 350 1309 φράσω.

250 1329 338 1381 26.
399 1331 524 1381 Τῶν
568 1338 777 1397 τεχνῶν
823 1327 1020 1382 ὁπόσαι
1070 1328 1171 1395 μὲν
1218 1337 1481 1397 τιμῶνται
1526 1330 1675 1397 παρά
1721 1338 1832 1381 τῶν

140 1419 572 1486 βασιλευόντων,
642 1417 733 1470 καὶ
801 1419 931 1480 τοὺς
992 1419 1378 1486 μεμαθηκότας
1447 1418 1525 1480 εἰς
1592 1417 1833 1484 δύναμιν

141 1508 375 1576 ἄγουσιν
414 1505 554 1574 ὁμοῦ
593 1507 685 1559 καὶ
722 1514 838 1569 τοῖς
878 1506 1244 1559 διδάσκουσιν
1274 1506 1634 1573 εὐδαιμονίαν
1660 1501 1829 1559 ἀὗται

143 1594 378 1666 φέρουσι
416 1594 508 1648 καὶ
549 1594 579 1648 ὁ
618 1595 824 1664 μισθὸς
863 1595 938 1658 ὡς
976 1591 1116 1665 ὑπὲρ
1157 1595 1412 1664 μεγάλων
1457 1594 1645 1663 μέγας·
1701 1595 1833 1648 ὅταν

143 1681 204 1737 δὲ
242 1683 350 1737 ὑπὸ
397 1691 499 1737 τοῦ
547 1684 988 1747 δυναστεύοντος
1035 1682 1369 1753 ἐπιτήδευμα
1413 1689 1832 1753 καταφρονηθῇ,

142 1771 246 1827 κᾶν
283 1774 523 1843 χρηστὸν
566 1767 601 1843 ’ᾗ
641 1781 706 1844 τῇ
747 1774 938 1841 φύσει,
988 1773 1091 1841 τὴν
1136 1771 1306 1836 δόξαν
1356 1771 1690 1839 ἀπολώλεκε,
1739 1780 1833 1839 τῆς

145 1861 303 1931 δόξης
357 1859 418 1915 δὲ
471 1864 918 1932 περιαιρεθείσης
970 1860 1062 1915 καὶ
1109 1860 1137 1914 ὁ
1184 1863 1388 1930 μισθὸς
1441 1858 1831 1932 συνανῄρηται,

142 1954 352 2020 μᾶλλον
391 1947 452 2003 δὲ
490 1950 596 2004 κᾶν
633 1952 705 2020 μὴ
745 1951 961 2020 σύμπας
1007 1950 1297 2019 ἀπόληται,
1342 1950 1535 2019 μικρὸς
1580 1948 1702 2002 ἀντὶ
1742 1968 1830 2015 με·
1857 1971 1875 2002 2

145 2039 318 2108 γάλου
357 2042 620 2108 γίγνεται.
697 2040 783 2092 27.
822 2037 1007 2107 πότερ’
1041 2035 1146 2092 οὗν
1191 2038 1326 2106 ὑμῖν
1372 2039 1524 2091 δοκεῖ
1559 2037 1698 2107 μέγα
1737 2039 1831 2090 δύ-

145 2133 351 2181 νασθαι
400 2128 659 2198 ῥητορικὴ
705 2127 796 2181 καὶ
843 2132 1104 2182 πλεῖστον
1157 2126 1218 2180 ἐν
1272 2129 1574 2195 βασιλείοις
1622 2127 1833 2195 ἰσχύειν

146 2215 235 2269 καὶ
286 2218 380 2280 τὰς
426 2216 595 2287 ἀρχὰς
642 2217 854 2279 ἁπάσας
900 2218 958 2270 οἱ
1001 2216 1184 2285 λέγειν
1231 2215 1581 2283 ἐπιστάμενοι
1628 2215 1832 2283 λαμβά-

175 2417 178 2422 .
265 2382 291 2421 2
322 2385 414 2422 ποῦ
444 2376 518 2432 δέ;
550 2377 678 2433 παρὰ
710 2377 812 2421 Mor
843 2378 925 2433 qui
956 2376 1008 2422 δὲ
1039 2375 1096 2420 τὰ
1129 2375 1258 2431 παρὰ
1291 2375 1395 2420 coni
1445 2378 1451 2432 Ι
1501 2374 1557 2418 τὰ
1589 2390 1663 2418 0111
1690 2376 1773 2419 Mo

148 2441 175 2479 3
221 2436 271 2481 δὲ
306 2438 492 2482 MoPar
515 2436 616 2480 Mor
825 2442 852 2479 4
900 2434 1087 2486 δίκαιας
1121 2436 1159 2480 C
1193 2435 1274 2479 sed
1306 2451 1414 2485 αιας
1444 2435 1492 2478 in
1526 2450 1602 2486 αις
1631 2447 1731 2477 corr
1753 2448 1775 2477 8

150 2499 175 2538 5
206 2495 320 2540 ἀλλὰ
352 2497 434 2540 καὶ
463 2499 526 2553 τῷ
558 2497 603 2540 Β
631 2498 638 2553 Ι
665 2494 831 2550 πιστήν
862 2496 931 2539 Re
1006 2493 1164 2539 πίστιν
1194 2494 1304 2538 libri
1335 2494 1437 2538 Mor
1579 2497 1605 2537 8
1638 2491 1833 2549 ἐργάσα-

149 2556 265 2598 σθαι
295 2554 440 2599 Cobet
472 2554 585 2599 coll.
607 2559 690 2598 128
730 2555 928 2599 fortasse
967 2556 1093 2599 recte
1132 2552 1234 2597 coll.
1261 2555 1294 2596 t.
1319 2553 1340 2596 I
1367 2557 1465 2606 103,
1485 2557 1538 2595 12
1586 2553 1633 2596 et
1664 2556 1831 2604 375,1·2

209 2617 234 2656 9
267 2607 346 2670 ἦν·
381 2615 423 2659 εἰ
453 2614 528 2659 ἀεὶ
558 2614 661 2658 Mor
701 2616 708 2670 1
752 2614 872 2672 ἔχειν
906 2629 981 2658 om
1007 2615 1091 2658 Mo
1123 2613 1225 2656 Mor
1377 2616 1430 2655 10
1462 2608 1705 2668 μετέπεσεν
1730 2613 1773 2654 Α

152 2676 204 2716 11
244 2672 692 2729 παρηκολουθήσατε
724 2673 825 2717 Mor
1006 2677 1060 2715 13
1105 2675 1209 2715 Τῶν
1241 2678 1413 2728 τεχνῶν
1445 2696 1490 2702 -
1534 2674 1586 2713 21
1628 2667 1834 2726 γίγνεται

150 2729 267 2774 citat
296 2731 457 2776 Macar
486 2731 566 2788 fol.
593 2736 674 2776 89v
826 2736 880 2776 14
913 2729 1138 2789 βασιλέων
1169 2730 1329 2774 Macar
1478 2733 1533 2771 20
1579 2726 1834 2773 ἀπόλλυται

151 2790 287 2834 Patm
326 2791 407 2835 scd
438 2809 492 2849 γρ
518 2789 749 2847 ἀπόληται
787 2791 836 2835 in
868 2805 1001 2847 marg
1031 2790 1114 2843 m²‚
1145 2789 1304 2833 Macar
1345 2791 1351 2846 1
1394 2788 1556 2844 μικρὸς
1587 2789 1632 2832 Ρ
1670 2787 1750 2830 scd
1784 2802 1836 2836 ος

152 2890 207 2921 ex
230 2893 284 2922 ov
309 2893 411 2922 corr
433 2879 504 2922 m⁸
564 2867 738 2935 μικρὸςν
756 2880 836 2924 ΑΙ
953 2883 1004 2921 21
1033 2876 1210 2934 γίνεται
1227 2877 1272 2920 Β
1285 2878 1328 2921 V
1344 2876 1504 2920 Macar
1624 2880 1678 2918 23
1711 2873 1834 2918 ἁπά-

152 2949 235 2987 σας
262 2937 313 2980 in
337 2951 470 2995 marg
499 2937 624 2983 inser
648 2939 694 2982 A

1856 1085 1900 1117 10

1855 1527 1898 1560 15
