1992 3094
209 113 319 166 310
733 112 962 155 LIBANII
993 111 1219 156 ORATIO
1252 111 1374 155 XLII

209 246 480 318 προτέρου
515 248 773 317 φροντίδι
814 266 870 300 τε
901 255 967 317 τῇ
999 248 1124 317 περὶ
1156 248 1257 316 τὴν
1297 247 1554 315 φυλακὴν
1594 247 1804 317 φίλτρῳ
1843 264 1898 298 τε

210 344 283 409 τῷ
316 335 441 406 περὶ
481 338 610 397 τοὺς
650 339 850 402 λόγους
889 336 1080 406 εὐνοίᾳ
1111 355 1169 389 τε
1208 344 1273 405 τῇ
1313 336 1451 405 πρὸς
1489 331 1581 402 ἐμὲ
1611 332 1702 386 καὶ
1733 347 1901 402 προσ-

211 426 288 478 έτι
321 445 383 493 γε
416 426 751 493 σωφροσύνῃ
784 424 874 476 καὶ
907 425 1140 494 γαστρὸς
1179 423 1270 477 καὶ
1308 424 1550 477 αἰδοίων.
1619 422 1669 474 4.
1701 422 1903 491 μισθὸς

211 511 271 566 δὲ
320 514 465 585 αὐτῷ
506 514 719 566 τούτων
769 514 829 565 τὸ
880 516 974 581 ζῆν
1022 512 1082 565 ἐν
1136 513 1355 575 τούτοις
1400 512 1491 564 καὶ
1544 519 1727 564 πᾶσαν
1771 511 1904 579 ἡμῖν

169 625 187 655 5
213 602 539 655 ἐπίστασθαι
586 602 687 669 τὴν
725 603 911 668 πόλιν,
959 602 1031 664 ὡς
1074 600 1164 654 ἐπὶ
1210 602 1424 654 τούτων
1463 601 1902 668 διατρίβοι·,τοῢ

122 704 162 746 R
186 703 327 746 11391
363 690 428 743 δέ
467 710 530 758 γε
570 691 661 742 διὰ
708 690 998 758 χρημάτων
1048 688 1054 761 Ι
1106 690 1234 743 οὔτε
1275 690 1448 742 δεῖται
1489 686 1603 742 οὔτ’
1646 687 1905 756 ἐπιθυμεῖ

212 787 310 847 γῆς
355 799 506 841 τινος
554 778 875 848 ἀποχρώσης
922 778 1086 851 αὐτῷ.
1163 780 1406 841 πολλοὺς
1452 777 1517 830 δέ
1560 797 1621 846 γε
1659 776 1903 830 πλούτου

211 868 447 936 μέγεθος
502 868 669 921 οὐδὲν
723 868 930 935 ἵστησι,
992 873 1067 939 τῷ
1118 864 1177 920 δὲ
1231 868 1320 920 καὶ
1384 866 1643 935 ἀνάλωμα
1697 866 1906 933 γίνεται

211 959 352 1009 πολὺ
384 957 506 1027 περὶ
539 957 738 1008 τούσδε
770 958 900 1018 τοὺς
925 958 1125 1024 λόγους
1147 957 1409 1018 πολλάκις
1433 955 1603 1008 ταύτὰ
1635 952 1904 1025 κτωμένῳ.

148 1066 188 1098 10
213 1047 277 1098 τὰ
331 1042 392 1098 δὲ
441 1052 603 1098 τοῦτο
660 1052 929 1097 ποιοῦντα
982 1045 1173 1097 πολλά.
1259 1044 1306 1098 5.
1363 1043 1511 1113 ἀλλ’,
1566 1043 1700 1113 ὅπερ
1747 1040 1906 1111 ἔφην,

215 1136 397 1203 δῶρον
436 1134 515 1186 ὥν
553 1154 646 1200 μοι
688 1142 800 1202 τῆς
830 1134 1007 1202 Τύχης
1050 1134 1362 1196 Θαλάσσιος
1400 1134 1491 1186 καὶ
1529 1133 1630 1185 τὸν
1669 1131 1774 1184 ἀπὸ
1813 1137 1908 1198 τῆς

216 1222 475 1290 Μαξίμου
514 1227 767 1291 τελευτῆς
806 1222 976 1285 λύσας
1014 1224 1195 1291 φόβον
1232 1225 1363 1285 τοὺς
1403 1227 1762 1291 φθονοῦντας
1792 1229 1908 1281 τοῖς

214 1321 325 1364 τῶν
355 1311 522 1373 πέλας
553 1310 789 1379 ἀγαθοῖς
821 1309 905 1379 ἐφ’
939 1309 1138 1363 ἑαυτὸν
1173 1309 1342 1364 ἐκίνει
1382 1312 1474 1364 διὰ
1513 1311 1575 1363 τὸ
1607 1313 1908 1379 πειρᾶσθαι
1962 1347 1964 1349 .

216 1401 527 1453 δυσκολιῶν
590 1400 953 1454 ἀπαλλάττειν
1016 1420 1110 1467 μοι
1172 1401 1270 1453 τὸν
1338 1402 1479 1468 βίον.
1578 1398 1668 1452 καὶ
1737 1415 1908 1464 παρα-

151 1507 190 1540 15
216 1491 512 1552 καλοῦντες
550 1489 823 1558 ἀλλήλους
862 1488 1184 1559 ἑφλυάρουν
1222 1490 1312 1542 καὶ
1351 1490 1489 1559 πρὸς
1527 1491 1658 1550 τοὺς
1697 1486 1908 1555 εὐχερε-
1942 1538 1960 1548 ⁴.

218 1575 444 1644 στέρους
475 1587 587 1630 τῶν
619 1578 901 1647 ἀρχόντων
934 1580 1126 1646 ἔλεγον
1156 1587 1333 1641 κακῶς
1369 1579 1535 1646 δῆλοί
1567 1597 1624 1629 τε
1663 1571 1821 1643 ἦσαν,
1861 1573 1909 1626 εἰ

217 1666 534 1734 δυνηθεῖεν,
557 1668 648 1719 καὶ
672 1668 1013 1735 ποιήσοντες,
1038 1666 1298 1738 ἑκάτερον
1322 1666 1535 1729 ἀδίκως.
1592 1666 1640 1718 6.
1666 1664 1910 1717 ἐνταῦθα

218 1754 285 1822 δὴ
324 1763 579 1823 παραινεῖ
616 1775 698 1818 τις
735 1765 847 1808 τῶν
879 1756 1199 1809 δοκούντων
1238 1763 1379 1809 νοῦν
1419 1757 1565 1825 ἔχειν
1603 1752 1700 1807 ἕνα
1740 1752 1911 1805 αὐτὸν
1945 1798 1955 1807 ,.

127 1853 231 1896 RII
248 1859 332 1897 392
366 1842 629 1910 γενέσθαι
675 1852 774 1897 τοῦ
823 1845 1123 1914 συνεδρίου
1163 1845 1254 1897 καὶ
1301 1845 1471 1915 ταύτῃ
1510 1846 1641 1905 τοὺς
1690 1842 1696 1910 Ι
1748 1856 1910 1894 συκο-

152 1951 195 1982 20
221 1931 431 1998 φάντας
477 1931 912 2000 ἀσθενεστέρους
958 1941 1306 2002 καταστῆσαι.
1391 1934 1613 2003 γραφὴν
1659 1931 1760 1998 μὲν
1806 1930 1908 1998 γὰρ

220 2020 438 2073 δικαιάν
478 2021 576 2073 οὐκ
619 2021 1001 2091 ἐφοβούμεθα,
1047 2023 1109 2074 τὸ
1155 2020 1204 2073 δ’
1234 2021 1505 2090 ὑπάρχειν
1548 2021 1660 2073 τισὶ
1708 2019 1910 2091 ραδίως

219 2105 533 2176 ἐπηρεάζειν
587 2103 670 2172 οἷς
725 2111 900 2163 έκεῖνο
957 2110 1059 2162 οὐκ
1110 2112 1208 2163 ἔ.νι
1293 2118 1486 2180 χρῆται
1542 2110 1609 2177 δὴ
1664 2114 1738 2180 τῷ
1786 2125 1909 2174 περι

218 2203 387 2248 ταῦτα
442 2199 590 2269 νόμω
643 2199 978 2266 Θαλάσσιος,
1037 2197 1164 2251 καθ’
1207 2198 1273 2252 ὃν
1326 2199 1612 2267 γράμματα
1665 2204 1760 2264 τῆς
1814 2203 1911 2263 σῆς

221 2282 400 2347 δεξιᾶς
433 2287 616 2352 λαβὼν
648 2286 798 2339 ταῦτ’
831 2289 908 2349 εἰς
938 2289 1039 2356 τὴν
1069 2288 1283 2355 βουλὴν
1314 2286 1603 2353 εἰσέπεμψε
1633 2294 1745 2336 τῶν
1775 2280 1912 2351 παρ’

151 2391 195 2423 2⁵
222 2371 430 2441 ἐκείνης
469 2373 778 2442 τευξόμενα.
848 2376 1203 2445 ἀναπηδήσας
1243 2371 1348 2428 οὖν
1387 2376 1560 2437 εὐθὺς
1587 2373 1910 2438 Ὀπτάτος,

342 2508 363 2546 7
399 2503 455 2547 ef.
480 2520 524 2560 p.
546 2509 644 2558 325,
665 2510 717 2548 12
843 2510 896 2549 13
930 2507 986 2550 cf.
1012 2522 1056 2562 p.
1077 2510 1243 2560 330‚13
1263 2521 1328 2562 sq.
1453 2510 1508 2548 25
1542 2504 1598 2548 cf.
1625 2504 1686 2547 ad
1709 2518 1753 2560 p.
1773 2505 1907 2556 49‚11
1991 2527 1992 2555 Ι

341 2626 365 2663 9
398 2622 543 2666 ταύτὰ
576 2623 740 2679 scripsi
773 2626 962 2668 auctore
992 2624 1061 2667 Re
1121 2630 1268 2667 ταῦτα
1299 2623 1410 2666 libri
1442 2623 1533 2666 edd
1680 2625 1733 2664 10
1764 2619 1910 2678 τούτῳ

223 2679 284 2721 Μ
303 2679 437 2737 Bong
559 2687 610 2725 11
640 2682 694 2726 ὄν
719 2684 859 2726 ΙΒΜ
878 2683 1013 2740 Bong
1128 2687 1181 2726 12
1205 2682 1345 2740 τύχης
1367 2683 1501 2738 Bong
1616 2686 1670 2724 14
1694 2696 1782 2736 μου
1807 2678 1852 2721 Β

225 2742 278 2780 18
304 2739 362 2794 δὴ
387 2753 462 2782 om
489 2739 526 2783 C
643 2746 695 2783 21
725 2742 779 2784 οὐ
806 2742 1085 2814 φοβούμεθα
1112 2742 1192 2785 OB
1220 2741 1227 2799 Ι
1255 2741 1306 2786 δὲ
1329 2742 1470 2785 ΙΒΜ
1491 2740 1582 2783 edd
1710 2744 1765 2782 23
1790 2731 1906 2781 καθ’

225 2822 279 2828 —
297 2802 352 2839 25
380 2795 601 2849 Ὀπτάτος
631 2800 887 2855 praemisso
920 2798 1132 2856 κείμενον
1162 2800 1212 2842 in
1243 2814 1377 2873 marg
1407 2799 1474 2844 P3
1601 2808 1622 2835 Ι
1679 2803 1736 2840 24
1766 2802 1910 2840 ταῦτα

223 2855 427 2899 P³IBM
456 2858 546 2900 edd
667 2863 722 2900 25
756 2857 951 2909 ἐκείνοις
993 2860 1095 2903 VaI
1124 2861 1129 2914 Ι
1163 2857 1434 2915 τευξόμενος
1465 2857 1611 2902 Cobet
1642 2856 1754 2901 Coll.
1783 2858 1865 2897 133
1901 2851 1906 2911 Ι

222 2914 369 2965 εὐθὺς
400 2930 474 2958 om
504 2918 538 2958 I
574 2920 580 2970 1
625 2916 823 2967 ὀπτάτος
854 2918 925 2960 bis
956 2917 1066 2961 libri
1099 2919 1231 2974 Bong
