1992 3094
169 97 278 149 460
687 94 914 138 LIBANII
946 94 1170 139 ORATIO
1203 95 1347 138 XLIX

84 246 286 288 RH580
320 231 596 301 δευτέροις
636 229 948 300 ἐχαρίζοντο
996 239 1110 293 τοῖς
1155 230 1458 299 συμμάχοις
1504 229 1537 298 ἢ
1579 231 1672 284 διὰ
1709 238 1808 284 τοῦ
1851 231 1860 301 Ι

171 320 474 389 σπέρματος
524 317 782 372 ἐλύπουν.
861 318 1034 380 οὕτως
1082 318 1215 371 ὅταν
1254 318 1438 370 αὑτῶν
1483 320 1543 371 τὸ
1591 329 1702 372 τῶν
1741 318 1869 372 ὀνο-ι

170 410 356 476 μάτων
379 417 630 475 ποιῶσιν,
658 406 1011 470 ἐξαπατῶσιν.
1067 406 1203 459 ἀλλὰ
1227 409 1353 475 μήν,
1388 407 1522 459 ὅταν
1546 407 1618 470 ὡς
1642 405 1870 461 ἔδεισαν

172 498 368 565 λέγωσι
408 498 508 565 τὴν
547 505 657 548 τῶν
695 503 866 548 ταῦτα
915 495 980 547 οὐ
1029 494 1388 563 βουλομένων
1437 496 1622 564 ἰσχύν,
1671 495 1866 564 ὁμολο-

127 594 369 654 5γοῦσιν
417 582 558 637 εἶναι
605 582 730 654 περὶ
779 585 880 652 τὴν
927 583 1109 636 αὑτῶν
1155 585 1328 636 κακοί.
1416 583 1481 636 οὐ
1530 585 1634 654 γὰρ
1682 585 1742 637 τὸ
1789 586 1862 654 μὴ

171 673 484 743 ἠδικηκέναι
541 674 710 743 ταύτῃ
768 673 1114 740 δεικνύουσι,
1169 674 1270 740 τὴν
1325 671 1373 725 δ’
1422 674 1605 726 αἰτίαν
1659 671 1754 742 ἀφ’
1799 669 1870 741 ἧς·

169 764 456 832 ἠδικήκασι
501 761 774 830 λέγουσιν.
857 761 938 813 16.
996 763 1078 813 ε”νι
1128 758 1187 813 δὲ
1235 759 1325 814 καὶ
1373 770 1488 824 τοῖς
1536 763 1738 824 δειλοῖς
1784 757 1871 815 ὧν

171 854 223 904 οἱ
263 852 363 920 μὲν
401 853 650 904 λείπουσι
689 852 784 912 τὰς
816 849 1008 919 τάξεις,
1049 852 1100 903 οἱ
1144 848 1197 903 δ’
1233 847 1365 903 οὐδὲ
1404 850 1728 920 μετέχουσιν
1768 850 1864 903 αὐ-

169 950 304 1007 τῶν,
351 947 577 993 τοιαῦτα
623 938 972 1007 κρινομένοις
1020 938 1222 1007 λέγειν·
1271 939 1495 992 δειλὸν
1542 940 1661 1009 γάρ
1710 959 1783 1008 με
1830 939 1864 1008 ἡ

104 1050 146 1081 10
170 1032 372 1098 μήτηρ
415 1031 589 1082 ἔτεκε
630 1027 735 1080 καὶ
775 1029 848 1080 τὰ
888 1028 1051 1080 ὅπλα
1090 1031 1321 1097 λαβεῖν
1360 1028 1478 1080 οὐκ
1511 1027 1871 1097 ἐδυνήθην,

169 1117 197 1170 ὁ
240 1119 300 1171 δὲ
346 1125 508 1171 τοῦτο
556 1114 658 1185 μὲν
700 1116 1056 1185 πεποιηκέναι
1105 1121 1270 1186 φήσει
1318 1118 1404 1169 καὶ
1447 1114 1865 1186 συμπαρατάξα-

172 1212 324 1274 σθαι,
363 1207 423 1259 τὸ
465 1205 513 1258 δ’
546 1203 713 1275 ἔργον
752 1204 843 1258 καὶ
883 1207 948 1258 τὰ
989 1205 1094 1258 άπὸ
1135 1214 1230 1275 τῆς
1261 1206 1435 1275 μάχης
1468 1206 1569 1258 οὐκ
1601 1204 1870 1274 ἐνεγκεῖν-

170 1295 433 1364 ἀπορήσει
490 1293 536 1346 δ’
595 1293 715 1347 οὐδ’
770 1295 919 1357 ὅστις
975 1296 1138 1362 ἱερῶν
1192 1296 1482 1364 χρημάτων
1541 1292 1659 1348 οὐδ’
1714 1294 1871 1356 ὅστις

171 1385 392 1437 ἅπτεται
438 1385 654 1452 τάφων,
703 1385 880 1446 αἰτίας
927 1382 1022 1452 ἀφ’
1069 1380 1132 1452 ἧς
1180 1382 1267 1436 ἐπὶ
1314 1391 1485 1436 ταῦτα
1530 1379 1686 1452 ἧκεν,
1738 1381 1855 1436 ἀλλ’

103 1492 144 1524 15
171 1473 505 1542 ὀδυροῦνται
559 1474 660 1540 τὴν
709 1476 932 1541 πενιάν,
987 1473 1170 1540 ὥσπερ
1223 1468 1291 1525 αὗ
1347 1471 1437 1525 καὶ
1494 1472 1522 1525 ὁ
1577 1473 1871 1542 προδότης.

171 1560 282 1612 ἀλλ’
319 1559 502 1623 οὐδεὶς
540 1570 653 1623 τοῖς
693 1562 968 1624 τοιούτοις
1009 1563 1253 1627 σώζεται,
1292 1563 1392 1630 τὴν
1433 1563 1594 1629 δίκην
1634 1557 1695 1614 δὲ
1734 1560 1867 1613 ὑπέ-

170 1670 283 1718 χων
330 1654 528 1702 εἴσεται
577 1652 753 1718 μόνην
801 1646 976 1704 οὖσαν
1016 1654 1292 1720 σωτηρίαν
1340 1649 1401 1703 ἐν
1438 1655 1513 1722 τῷ
1553 1657 1649 1718 τῆς
1689 1651 1872 1712 αἰτίας

170 1736 385 1808 ἐλέγχῳ.

285 1827 366 1879 17.
418 1826 528 1880 Καὶ
561 1835 668 1880 νῦν
700 1830 772 1897 μή
804 1831 900 1897 μοί
934 1849 1016 1891 τις
1047 1827 1246 1897 λεγέτω
1287 1829 1385 1881 τὸν
1417 1830 1625 1896 φόβον,
1667 1824 1782 1880 ἀλλ’
1816 1827 1869 1879 εἰ

105 1934 147 1966 20
171 1916 243 1983 μὴ
283 1924 528 1983 προεῖται
568 1917 668 1985 τὴν
707 1918 918 1986 βουλὴν
964 1914 1102 1986 μηδὲ
1149 1917 1323 1970 κακὸν
1365 1915 1565 1970 ἑαυτὸν
1612 1912 1868 1977 ἐπέδειξε.

174 2002 263 2055 καὶ
296 2005 399 2074 γὰρ
433 2009 487 2057 εἴ
515 2024 640 2057 τινα
672 2009 940 2074 λυπήσειν
971 2003 1162 2074 ἔμελλε
1193 2007 1288 2058 καί
1319 2005 1863 2074 τινοςπειράσεσθαι

175 2092 499 2161 δυσχεροῦς,
547 2095 608 2145 τό
658 2113 718 2162 γε
765 2095 904 2162 πρὸς
949 2095 1050 2162 τὴν
1098 2093 1435 2162 ἐνεγκοῦσαν
1474 2094 1693 2145 δίκαιον
1730 2094 1863 2160 πρό-

173 2199 334 2249 τερον
395 2179 506 2233 ἔδει
566 2189 904 2251 πεποιῆσθαι
966 2181 1057 2236 καὶ
1111 2190 1206 2250 τῆς
1259 2190 1437 2250 ψυχῆς
1491 2182 1674 2249 αὐτῆς.
1772 2181 1865 2232 καὶ,

173 2269 367 2321 πολλοὶ
414 2271 674 2333 πολλάκις
723 2272 929 2333 εἰδότες
970 2272 1070 2323 τὸν
1110 2272 1532 2339 συμβησόμενόν
1579 2283 1775 2338 σφισιν
1814 2270 1867 2320 εἰ

105 2375 146 2407 25
171 2357 432 2424 μάχοιντο
487 2359 736 2411 θάνατον
792 2360 936 2428 ὅμως
985 2360 1251 2429 μάχονται
1305 2357 1395 2411 καὶ
1450 2359 1670 2427 μυρίοις
1723 2359 1860 2425 θνή-

171 2459 394 2507 σκοντες
425 2448 696 2513 τραύμασι
736 2450 868 2514 μετὰ
904 2456 1003 2500 τοῦ
1037 2450 1250 2516 χαίρειν
1282 2446 1628 2516 ἀπέρχονται.
1698 2448 1767 2498 σὺ
1801 2445 1866 2497 δὲ

290 2608 314 2646 2
348 2606 500 2649 αὑτῶν
532 2606 664 2663 Bong
726 2608 879 2651 αὐτῶν
911 2607 1021 2650 libri
1144 2612 1169 2650 5
1203 2608 1356 2651 αὐτῶν
1388 2607 1423 2650 Ι
1538 2610 1562 2649 8
1597 2605 1642 2649 οἳ
1669 2607 1730 2662 (2)
1758 2605 1800 2647 A

171 2660 284 2706 02¹1>
313 2664 393 2706 sed
428 2663 439 2677 '
471 2665 562 2707 add
595 2666 677 2717 m²‚
712 2668 757 2709 B
785 2669 790 2722 1
819 2666 871 2710 δὲ
902 2666 970 2710 Re
999 2670 1004 2722 Ι
1033 2667 1087 2709 οὐ
1121 2668 1166 2710 Β
1290 2671 1344 2709 10
1378 2666 1528 2710 ἔτεκεν
1560 2666 1669 2721 AI1
1697 2662 1861 2717 ἐδυνή-

170 2722 267 2775 θην
292 2723 476 2777 reposui
501 2737 525 2766 e
553 2724 680 2768 CAP
738 2725 987 2781 ἠδυνήθην
1018 2725 1190 2780 reliqui
1221 2725 1331 2768 libri
1363 2726 1453 2768 edd
1577 2729 1630 2767 12
1665 2723 1715 2768 δὲ
1740 2723 1775 2766 Ι
1791 2722 1864 2766 Ro

255 2784 307 2822 13
341 2781 565 2836 ἀπορήσει
597 2783 761 2839 scripsi
823 2783 1071 2838 ἀπορήσειε
1103 2784 1212 2826 libri
1246 2785 1336 2828 edd
1519 2788 1573 2826 14
1605 2781 1720 2826 ἀλλὰ
1751 2782 1786 2824 Ι

174 2841 225 2879 17
258 2838 342 2893 τὴν
375 2839 605 2896 σωτηρίαν
638 2842 704 2885 Re
827 2847 882 2885 20
915 2842 975 2898 μὴ
1008 2842 1059 2885 δὲ
1084 2844 1317 2887 ΑΡΙΒΜ
1434 2847 1488 2886 25
1520 2840 1764 2891 θανάτους
1790 2839 1855 2897 G}

170 2895 249 2938 καὶ
276 2923 328 2928 —
356 2902 410 2940 26
444 2897 728 2957 ἀπέρχονται
760 2901 1014 2955 praemisso
1047 2899 1260 2956 κείμενον
1292 2901 1341 2944 in
1374 2914 1508 2958 marg
1535 2901 1597 2943 M
