1992 3094
370 97 597 141 LIBANII
629 97 852 142 ORATIO
886 97 1131 143 CONTRA
1164 99 1475 144 SILVANUM
1669 100 1778 153 259

90 234 368 302 Σιλβανὸς
421 234 687 301 πύθοιτο,
743 233 951 287 στένων
1002 231 1062 287 δὲ
1118 234 1408 304 ἀδακρυτί,
1462 243 1578 298 τοῖς
1624 241 1780 298 θεοῖς

89 325 382 393 εὐχόμενος
443 321 633 375 ἐλθεῖν
693 341 824 376 ποτε
886 324 984 375 τὸν
1038 321 1402 393 ἐπιτρέψοντα
1456 325 1627 392 ἄρτου
1686 323 1774 377 καὶ

89 418 246 467 οἴνου
286 417 488 479 θιγεῖν.
553 417 629 484 τῷ
663 411 726 464 δὲ
763 412 932 478 πικρὰ
969 411 1060 464 καὶ
1107 419 1276 465 ταῦτα
1314 409 1384 480 ἧν
1424 410 1540 465 οὔτ’
1569 411 1777 482 ἐρωτω-

87 501 231 573 μένῳ
262 520 314 553 τι
345 501 493 569 παρὰ
515 508 616 554 τοῦ
647 501 846 562 παιδὸς
870 505 925 552 εί
943 500 1003 553 τέ
1031 521 1083 553 τι
1114 502 1373 567 πύθοιτο,
1405 501 1582 569 μάτην
1613 508 1776 554 τοῦτο

87 598 354 643 ποιοῦντι.
432 589 500 642 οὐ
556 590 660 657 γὰρ
713 586 783 656 ἧν
830 590 859 641 ὅ
907 610 958 642 τι
1006 589 1076 642 ἂν
1122 591 1338 658 ἤκουεν.
1415 590 1666 658 ἠπείγετό
1721 609 1777 642 τε
1825 611 1845 643 5

88 681 119 747 ἡ
158 678 390 748 τράπεζα
436 686 501 748 τῆ
548 679 680 744 μετὰ
728 686 885 746 σιγῆς
933 678 1071 748 ὀργῆ
1109 677 1200 732 καὶ
1247 677 1514 748 βλέμματι
1560 683 1777 750 χαλεπῷ

85 767 175 820 καὶ
222 768 450 836 νεύμασι
497 768 637 834 πρὸς
682 769 812 829 τοὺς
859 768 1156 829 διακόνους
1202 767 1429 836 ἀγρίοις.
1508 768 1671 835 δῆλός
1720 786 1777 819 τε

87 852 155 924 ἧν
194 855 398 908 ἅπασιν
430 848 514 918 οἷς
544 852 776 925 ἔπραττε
815 864 909 924 τῆς
941 863 1040 908 τοῦ
1074 855 1334 925 γέροντος
1372 860 1626 923 τελευτῆς
1665 854 1775 908 ἐπι-

85 949 298 1011 θυμῶν.
380 944 461 997 15.
513 945 603 998 καὶ
649 952 812 998 τοῦτο
861 943 1084 1014 ἐδείχθη
1126 944 1467 1015 σαφέστερον
1513 946 1574 997 ἔν
1612 963 1670 997 τε
1708 950 1782 1017 τῷ

87 1035 271 1104 τρόπῳ
317 1042 412 1102 τῆς
450 1038 702 1102 τελευτῆς
741 1034 831 1086 καὶ
872 1034 1059 1102 ἐπειδὴ
1107 1032 1291 1106 ᾤχετο.
1368 1036 1776 1101 προσπεσόντος
1802 1055 1849 1087 ιο

87 1124 187 1191 γὰρ
228 1122 374 1195 αὐτῷ
407 1124 657 1192 κώματός
696 1143 849 1185 τινος
889 1122 1148 1191 ἐξαίφνης
1186 1131 1441 1176 ποιοῦντι
1473 1124 1610 1191 πρὸς
1648 1124 1777 1183 τοὺς

84 1212 332 1280 μαθητὰς
372 1211 476 1264 ἀπὸ
523 1219 623 1264 τοῦ
661 1213 880 1281 θρόνου
930 1212 995 1264 τὰ
1036 1213 1300 1279 εἰωθότα,
1351 1209 1476 1263 ὥστ’
1509 1210 1776 1279 ἀγνοῆσαι,

84 1300 186 1370 μὲν
224 1300 394 1353 αὐτὸν
433 1299 648 1353 ἐκεῖνον
686 1299 778 1352 καὶ
817 1300 958 1352 ὅπου
1005 1297 1135 1353 ποτὲ
1182 1305 1290 1368 εἴη,
1336 1305 1675 1369 κομισθῆναι
1715 1299 1775 1351 δὲ

85 1391 271 1443 οἴκαδε
310 1387 383 1442 δι’
414 1388 641 1457 ἀγνοίας
681 1389 940 1442 ἁπάντων
986 1387 1076 1441 καὶ
1115 1390 1381 1457 μειζόνων
1430 1386 1520 1440 καὶ
1562 1386 1774 1440 ἐλαττό-

83 1498 198 1532 νων
235 1477 327 1532 καὶ
367 1471 509 1531 εἶναι
547 1478 730 1547 θέαμα
762 1479 949 1531 δεινὸν
981 1476 1072 1530 καὶ
1106 1477 1348 1530 ἐλεεινὸν
1386 1475 1775 1545 πληττομένων
1800 1499 1850 1532 1⁵

0 1549 1 1562 ³
83 1568 178 1630 τὰς
215 1568 393 1637 ψυχὰς
431 1577 542 1620 τῶν
582 1568 733 1630 ὅστις
770 1567 799 1620 6
840 1569 1143 1637 φερόμενος
1183 1572 1264 1635 εἴη
1311 1564 1774 1634 πυνθανομένων,

85 1656 173 1709 καὶ
212 1657 315 1726 γὰρ
353 1654 521 1709 ἐκίνει
553 1658 654 1724 τὴν
687 1654 873 1719 δεξιὰν
905 1656 934 1709 6
968 1657 1198 1724 χρηστὸς
1237 1653 1445 1717 ἐκεῖνος
1475 1655 1566 1707 καὶ
1597 1654 1775 1707 πάντα

84 1743 310 1813 ἀγαθός,
345 1743 352 1815 Ι
387 1745 460 1808 ὡς
498 1747 619 1799 τότε
658 1747 851 1815 ἔτυχεν
890 1744 1026 1814 αὐτῇ
1067 1751 1330 1816 συνεργῷ·
1350 1744 1486 1811 πρὸς
1524 1745 1624 1812 τὴν
1655 1755 1695 1798 R
1718 1755 1869 1799 11349·

85 1833 446 1886 διδασκαλίαν
477 1834 773 1903 χρώμενος,
813 1832 902 1886 καὶ
936 1832 1058 1904 ᾔδει
1089 1832 1191 1901 μὲν
1223 1829 1355 1885 οὐδὲ
1386 1840 1567 1899 τοῦτο,
1607 1831 1774 1886 ἐκίνει

85 1917 144 1974 δὲ
184 1922 353 1990 ὅμως,
402 1923 492 1975 καὶ
531 1921 668 1993 ᾧέτο
722 1923 790 1990 δή
836 1942 888 1974 τι
936 1922 1073 1991 πρὸς
1118 1923 1250 1983 τοὺς
1297 1919 1545 1989 ἑταίρους
1592 1919 1841 1989 λέγεινεο

84 2008 259 2077 λέγων
298 2009 482 2078 οὐδέν,
523 2009 611 2079 ἐφ’
643 2005 685 2083 ᾧ
721 2011 788 2079 δὴ
828 2014 1058 2063 πλεῖστα
1098 2012 1243 2078 ἔρρει
1283 2010 1494 2078 δάκρυα
1534 2008 1624 2063 καὶ
1662 2019 1773 2062 τῶν

86 2097 343 2167 ὁρώντων
382 2099 471 2151 καὶ
511 2109 623 2151 τῶν
662 2099 983 2152 ἀκουόντων
1023 2097 1112 2151 καὶ
1146 2099 1199 2151 οἱ
1230 2098 1333 2166 μὲν
1364 2099 1496 2151 οὐδὲ
1528 2098 1773 2167 ἐδείπνη-

83 2200 204 2254 σαν,
259 2189 313 2240 οἱ
353 2184 414 2240 δὲ
461 2188 563 2240 οὐκ
611 2189 745 2241 ἄνευ
792 2190 1036 2256 θρήνου,
1092 2189 1212 2239 τότε
1259 2188 1453 2240 τοίνυν
1499 2187 1528 2240 6
1575 2198 1703 2250 παῖς
1742 2188 1770 2241 6

82 2278 422 2344 κληρονόμος
460 2275 489 2329 6
529 2280 770 2339 πολλοὺς
819 2273 920 2343 μὲν
961 2278 1036 2339 εἰς
1077 2275 1275 2329 ἑαυτὸν
1314 2274 1529 2328 ἐκείνου
1567 2279 1773 2339 πόνους

84 2360 398 2432 ἀνηλωκώς,
453 2367 694 2427 πολλοὺς
741 2365 802 2418 δὲ
847 2368 1070 2417 πολλῶν
1121 2366 1303 2417 ἄλλων
1354 2362 1426 2416 δι’
1456 2363 1686 2433 ἐκεῖνον,
1742 2365 1769 2419 6
1796 2383 1839 2417 25
1896 2372 1900 2376 ”

202 2616 227 2653 3
269 2610 428 2670 θίγειν
458 2613 569 2656 libri
600 2614 692 2658 edd
724 2613 780 2657 cf.
806 2614 876 2657 t.1
904 2617 1002 2666 127,
1023 2617 1076 2656 18
1123 2617 1129 2669 1
1172 2609 1281 2658 τῶδ’
1312 2613 1358 2656 Ρ
1385 2612 1466 2657 sed
1490 2615 1507 2624 ”
1542 2612 1611 2655 m⁸
1641 2614 1689 2656 ef·
1720 2611 1765 2655 δ’

83 2667 133 2711 in
154 2683 230 2713 ras
254 2671 324 2714 ω’
428 2676 456 2714 4
480 2669 524 2716 τί
549 2675 609 2730 (1)
633 2673 713 2716 IV
816 2678 841 2716 6
866 2670 1107 2740 βλέμματι]
1132 2659 1324 2728 νεόματι
1348 2673 1394 2715 Β
1500 2676 1526 2715 8
1551 2667 1608 2727 ἦν
1633 2685 1708 2714 om
1736 2672 1779 2714 V

146 2733 197 2772 11
231 2729 441 2786 πώματός
470 2731 539 2775 Re
611 2732 814 2788 κύματος
843 2731 954 2774 hbn
985 2730 1118 2787 Bong
1262 2736 1315 2774 12
1349 2730 1443 2774 ἀπὸ
1475 2737 1557 2774 τοῦ
1589 2728 1772 2785 θρόνου

85 2798 160 2829 om
187 2787 320 2846 Bong
441 2794 494 2833 17
522 2790 697 2840 ἐκεῖνος
722 2791 767 2833 Ρ
787 2791 867 2833 sed
894 2806 943 2834 εκ
969 2790 1018 2832 in
1040 2802 1116 2833 ras
1141 2789 1210 2833 ω’
1331 2794 1384 2833 19
1410 2788 1501 2833 ἴδει
1536 2790 1579 2834 V
1606 2791 1612 2845 Ι
1639 2786 1765 2832 τοῦτ’

85 2845 186 2947 ᾗ
208 2844 330 2950 ἐξότ’
358 2849 403 2892 Β
585 2854 640 2893 20
673 2848 856 2904 ἑτέρους
888 2851 933 2892 Β
943 2849 1013 2892 Va
1194 2853 1248 2892 25
1281 2849 1460 2893 ἐκεῖνον
1493 2861 1550 2892 ex
1580 2845 1770 2893 ἐκείνων

1417 2982 1502 3024 17*
