1992 3094
378 107 606 151 LIBANII
638 106 862 151 ORATIO
896 106 1142 152 CONTRA
1173 106 1488 151 SILVANUM
1665 106 1773 159 253

194 246 240 295 2.
308 241 439 311 Ἐγὼ
487 244 591 311 γὰρ
640 243 713 306 ὡς
760 239 897 311 ἧκον
945 243 1112 311 δεῦρο
1160 241 1251 295 καὶ
1298 251 1481 295 ποιεῖν
1526 240 1775 311 ἠρξάμην

83 329 229 384 τοῦτ’
261 329 348 399 ἐφ’
380 330 511 383 ὅτου
559 329 650 383 καὶ
698 337 808 383 νῦν
847 331 980 398 εἰμι,
1027 331 1361 400 προσελθών
1399 350 1493 397 μοι
1534 329 1774 383 Γαυδέν-

82 439 222 487 τιος,
266 419 404 488 ἀνὴρ
445 418 685 488 ἐπιεικής
724 438 782 472 τε
818 417 909 471 καὶ
951 419 1193 488 σώφρων
1232 419 1337 472 κάν
1374 425 1449 489 τῷ
1487 420 1776 473 παιδεύειν

82 511 262 560 πολὺν
293 506 594 571 διεξελθὼν
625 509 847 576 χρόνον,
887 506 1067 570 δείξας
1105 508 1326 560 τουτονὶ
1361 509 1646 576 Σιλβανὸν
1684 509 1774 560 καὶ

82 597 251 650 παῖδα
289 596 462 649 αὑτοῦ
493 596 811 665 προσειπὼν
842 594 1017 649 ἐδεῖτό
1056 616 1164 664 μου
1205 596 1294 648 καὶ
1327 604 1528 650 τοῦτον
1566 595 1629 650 ἐν
1659 606 1775 659 τοῖς
1821 617 1841 650 5

84 694 355 754 φοιτῶσιν
394 687 540 754 ἔχειν
578 690 790 753 μισθοῦ
830 684 1187 753 μεμνημένος.
1250 682 1357 752 ἐγὼ
1397 685 1459 738 δὲ
1498 686 1636 754 πρὸς
1674 686 1776 754 μὲν

83 774 182 826 τὸν
234 774 444 842 μισθὸν
496 774 872 842 ἠγανάκτησα,
927 771 1149 826 τουτονὶ
1200 770 1260 826 δὲ
1314 772 1508 842 ἡσθεὶς
1553 771 1774 841 ἔλαβον,

84 862 232 925 ὅστις
269 859 371 929 μὲν
409 865 559 915 ἔσται
597 861 723 933 περὶ
770 863 869 916 τὸν
907 863 1263 930 διδάσκαλον,
1310 862 1412 915 οὐκ
1459 863 1644 930 εἰδώς,
1698 883 1775 916 τι-

82 960 202 1020 μῶν
240 948 301 1004 δὲ
340 944 424 1014 οἷς
461 952 676 1020 ἡδόμην
714 952 812 1004 τὸν
849 950 1069 1021 πατέρα.
1146 950 1235 1004 καὶ
1275 947 1346 1019 ἠν
1383 972 1476 1020 μοι
1516 953 1723 1005 πλείων
1766 997 1769 1022 z
1821 973 1841 1005 9

83 1039 205 1109 περὶ
256 1047 458 1093 τοῦτον
502 1041 536 1108 ἤ
582 1060 708 1093 τινα
754 1041 924 1093 ἄλλον
970 1040 999 1094 ὁ
1045 1041 1213 1102 πόνος
1260 1043 1498 1110 σκληρᾶς
1543 1060 1600 1093 τε
1655 1052 1696 1096 R
1718 1052 1862 1096 11343

85 1128 256 1191 οὕτως
298 1130 433 1182 ὄντα
482 1129 702 1198 φύσεῶς
747 1129 837 1182 καὶ
885 1129 986 1198 οὐχ
1034 1130 1153 1191 οἵας
1199 1127 1364 1192 ὀξέως
1410 1128 1671 1199 δέχεσθαι
1709 1131 1775 1182 τὰ

85 1219 365 1286 λεγόμενα,
406 1215 523 1269 ἀλλ’
557 1217 702 1286 ὅμως
741 1216 889 1290 ς’ὂμην
928 1218 1048 1271 δεῖν
1089 1218 1259 1271 αὐτὸν
1305 1218 1395 1271 καὶ
1436 1218 1610 1280 οὕτως
1648 1216 1775 1271 ἐπα-

0 1368 1 1371 ,
84 1306 385 1373 ναγκάζειν.
474 1306 522 1357 3.
579 1305 742 1369 δόξας
794 1309 990 1359 τοίνυν
1045 1307 1331 1359 δύνασθαι.
1381 1305 1564 1374 λέγειν
1620 1308 1776 1369 δίκας

86 1392 267 1447 ἐλθὼν
303 1391 444 1463 ὑπὲρ
483 1395 583 1447 τὸν
615 1394 922 1464 Εὐφράτην
961 1395 1232 1463 ἀργύριον
1272 1395 1607 1464 κτησάμενος
1643 1391 1776 1463 ἧκεν

37 1476 43 1482 ’
85 1481 328 1535 ἐνταῦθα
368 1481 448 1536 ἐπ’
485 1489 637 1545 ἴσοις.
715 1482 804 1536 καὶ
844 1487 1126 1552 βοηθειῶν
1165 1481 1267 1553 μὲν
1305 1479 1385 1536 ὧν
1419 1485 1566 1547 εἰκὸς
1604 1482 1674 1554 ἦν
1713 1484 1775 1539 ἐν
1800 1505 1840 1539 15

84 1572 313 1643 τοιούτῳ
353 1573 629 1642 πράγματι
676 1571 804 1642 παρ’
835 1571 969 1641 ἐμοῦ
1016 1582 1221 1641 τυχεῖν,
1269 1575 1447 1642 ἔτυχε,
1495 1575 1667 1627 κακὸν
1713 1571 1775 1627 δὲ

86 1660 190 1728 ἄρα
243 1656 304 1713 εὖ
358 1670 538 1714 ποιῶν
591 1662 694 1714 οὐκ
747 1661 1076 1730 ἠπιστάμην,
1132 1662 1264 1730 πρὶν
1311 1663 1379 1730 δὴ
1425 1662 1457 1729 ἡ
1507 1661 1631 1731 περὶ
1678 1663 1776 1715 τὸν

84 1750 226 1802 πόδα
265 1750 518 1817 συμβᾶσά
556 1770 650 1818 μοι
700 1751 836 1819 τύχη
883 1750 944 1803 τὸ
991 1757 1104 1802 πᾶν
1143 1751 1221 1812 εἰς
1261 1759 1378 1819 φῶς
1423 1751 1644 1818 ἤγαγεν,
1686 1751 1775 1804 ὅτε

86 1838 153 1905 δὴ
197 1847 310 1890 τῶν
355 1837 538 1891 ἄλλων
593 1838 853 1891 ἁπάντων
897 1836 1256 1906 ὀδυρομένων
1308 1837 1398 1890 καὶ
1452 1846 1552 1891 τοῦ
1605 1841 1773 1906 λόγου

206 2060 257 2099 17
292 2055 348 2100 cf.
376 2055 447 2099 t.1
472 2061 571 2110 167,
591 2061 694 2112 7sq.

205 2253 230 2291 6
264 2248 365 2304 ἤτοι
397 2249 447 2294 ἐν
478 2257 576 2300 τοῖς
606 2253 845 2306 μαθηταῖς
878 2249 943 2293 V2

207 2446 229 2483 1
263 2440 350 2497 γὰρ
389 2439 439 2486 δὲ
467 2442 510 2485 V
624 2446 649 2483 5
683 2441 827 2484 αὑτοῦ
852 2443 897 2485 Ρ
926 2441 1006 2484 sed
1033 2438 1043 2454 ²
1075 2440 1124 2484 in
1149 2454 1222 2484 ras
1247 2440 1331 2493 m²‚
1363 2440 1429 2484 Re
1492 2441 1635 2484 αὐτοῦ
1668 2440 1772 2485 reli-

87 2498 169 2554 qui
200 2499 306 2542 libri
379 2515 471 2556 ong
651 2504 675 2543 8
707 2500 814 2555 περὶ
846 2502 892 2544 Ρ
919 2499 1001 2543 sed.
1024 2499 1033 2514 ¹
1078 2500 1172 2543 add
1203 2500 1272 2542 m³
1320 2501 1326 2557 Ι
1374 2499 1456 2544 τὸν
1489 2499 1773 2545 διδάσκαλον

87 2557 134 2601 Ρ
160 2558 241 2602 sed
273 2575 300 2601 ν
332 2561 393 2615 (1)
431 2559 523 2602 add
564 2562 613 2603 et
650 2561 826 2604 δασκαλ
857 2559 905 2602 in
936 2571 1012 2602 ras
1043 2558 1114 2602 m³
1203 2558 1253 2602 τὸ
1285 2557 1583 2614 δικαστήριον
1617 2562 1660 2603 A
1693 2559 1773 2603 sed

90 2611 218 2671 οἶμαι
264 2617 546 2661 διδάσκαλον
593 2618 641 2661 in
673 2632 807 2675 marg
838 2618 920 2672 m²‚
962 2618 1086 2661 BVa
1269 2623 1323 2661 14
1370 2616 1684 2674 κτησόμενοςῗ

91 2678 145 2718 15
178 2673 251 2719 ἐπ’
280 2675 382 2733 ἴσης
411 2679 485 2721 Ρα
517 2677 599 2721 sed
630 2695 684 2734 γρ
710 2676 785 2721 ἐπ’
815 2676 931 2727 ἴσοις
960 2676 1010 2719 in
1033 2690 1168 2733 marg
1212 2679 1218 2732 Ι
1261 2678 1496 2734 βοηθειῶν
1531 2677 1569 2722 C
1596 2677 1676 2720 sed
1708 2684 1773 2721 ῶν

89 2746 188 2776 oras
228 2735 276 2778 et
313 2755 338 2790 q
371 2737 444 2792 (=
470 2739 595 2787 ουςῗ)
628 2749 842 2792 suprascr
890 2738 896 2791 Ι
947 2735 997 2780 ἐν
1034 2736 1228 2794 τοιούτῳ
1261 2736 1306 2779 Β
1345 2736 1427 2779 sed
1466 2735 1517 2780 ἐν
1555 2736 1684 2780 τοιού
1724 2736 1773 2779 in

87 2804 163 2836 ras
186 2793 256 2836 m²
377 2799 431 2838 18
461 2795 514 2839 τὸ
544 2802 642 2838 πᾶν
676 2796 712 2840 Ο
741 2795 822 2838 sed
854 2809 878 2838 e
909 2801 1075 2838 τοῦτον
1107 2808 1210 2838 corr
1233 2794 1316 2847 m',
1349 2796 1394 2838 A
1418 2794 1499 2837 sed
1530 2812 1584 2851 γρ
1608 2802 1773 2839 τοῦτον

90 2849 139 2893 in
168 2866 301 2908 marg
417 2860 583 2897 τοῦτον
614 2853 770 2897 πάντα
801 2855 847 2898 Ρ
874 2853 957 2897 sed
987 2853 1141 2896 πάντα
1173 2868 1197 2896 e
1230 2860 1325 2897 πᾶν
1358 2867 1459 2896 corr
1483 2853 1564 2907 m³‚
1591 2852 1713 2898 BVa

149 2910 321 2967 ταύτην
352 2913 426 2956 Ρα
457 2913 538 2961 sed
571 2930 624 2968 γρ
657 2913 707 2956 τὸ
739 2919 835 2956 πᾶν
866 2913 915 2955 in
946 2926 1079 2969 marg
