1992 3094
226 109 293 159 14
744 106 971 149 LIBANII
1004 103 1229 149 ORATIO
1261 103 1410 148 XXVI
1940 0 1992 228 1

222 242 366 304 ὅπως
413 241 446 294 ἃ
484 242 667 295 κλάων
714 241 743 294 ὁ
783 239 1128 310 χειροτέχνης
1174 242 1419 308 τίθησιν,
1470 238 1530 292 ἐκ
1575 240 1791 292 τούτων
1829 243 1914 309 εἴη
1980 229 1992 318 {⁸3

1982 319 1992 345 ⁷!

221 339 439 399 τρυφᾶν
480 330 770 399 ὀρχησταῖς
816 349 872 382 τε
911 328 1002 382 καὶ
1049 331 1258 398 μίμοις,
1304 327 1401 398 ὑφ’
1435 324 1514 382 ὧν
1552 330 1774 398 χείρους
1811 329 1915 397 μὲν
1988 370 1989 374 ,

220 418 529 487 ἐλεύθεροι,
583 421 803 488 χείρους
850 418 911 470 δὲ
959 417 1165 471 οἰκέται
1210 416 1302 470 καὶ
1349 416 1467 470 νέοι
1513 417 1603 470 καὶ
1645 415 1913 486 γέροντες.
1983 405 1992 462 's

220 507 305 559 24.
359 508 506 560 πάνυ
546 526 607 575 γε
647 505 803 570 ἄξιον
842 514 936 574 τῆς
981 507 1196 560 τούτων
1242 505 1402 559 ἕνεκα
1446 506 1652 574 ἡδονῆς
1700 505 1914 575 ίεροσυ-
1988 519 1992 577 j

177 618 194 649 5
220 600 337 648 λεῖν
390 594 480 648 καὶ
534 595 668 662 μετὰ
721 602 923 648 τοῦτον
975 594 1074 647 τὸν
1126 596 1305 663 πόρον
1352 597 1530 662 ζητεῖν
1579 593 1769 663 ἕτερον
1821 591 1912 646 καὶ

218 685 387 737 πάλιν
433 685 623 751 ἄλλον,
678 682 748 736 ἵν’
790 683 822 736 ἃ
876 680 980 752 μὲν
1029 684 1400 752 λαμβάνουσι,
1454 683 1623 752 μικρὰ
1677 681 1914 750 λέγωσιν
1987 735 1989 738 ,

129 785 171 828 R
193 785 337 829 11103
378 769 537 841 εἶναι,
578 774 698 826 δεῖν
731 769 791 825 δὲ
827 771 833 843 Ι
868 773 966 825 τὸν
999 773 1238 842 ἄρχοντα
1270 780 1515 840 σκοπεῖν,
1548 772 1696 834 ὅπως
1727 769 1913 835 ἕξουσι

218 864 400 914 πλείω.
476 862 594 914 δεῖν
635 863 739 930 γὰρ
780 861 981 923 αὐτοὺς
1020 859 1268 930 κατέχειν
1308 862 1498 914 δόσεσι
1537 861 1628 913 καὶ
1670 858 1914 913 δεδιέναι

219 951 483 1018 δρασμόν.
560 944 656 1003 εἶτ’
688 950 789 1003 οὐκ
830 950 1105 1019 εὐχόμεθα
1144 957 1308 1002 τοῦτο
1360 948 1623 1018 γενέσθαι
1663 948 1913 1016 τάγαθὸν

153 1061 195 1092 10
219 1039 308 1091 καὶ
362 1039 462 1106 τὴν
514 1046 622 1092 νῦν
677 1039 744 1091 οὐ
798 1039 1054 1107 καθαρὰν
1108 1039 1364 1108 καθαρὰν
1411 1037 1676 1107 γενέσθαι
1723 1039 1911 1101 πόλιν;

219 1127 429 1179 τούτων
475 1127 578 1196 γὰρ
626 1136 737 1179 τῶν
783 1125 1038 1195 ὀλέθρων
1085 1126 1152 1179 οὐ
1199 1129 1385 1195 μεῖζον
1435 1126 1606 1179 κακὸν
1646 1124 1777 1179 οὐδὲ
1817 1126 1912 1180 άν-

219 1216 508 1283 δροφόνος.
1506 1228 1510 1231 ’

329 1303 413 1355 25.
478 1304 598 1366 Τὰς
636 1302 895 1373 τέρψεις
934 1299 1053 1357 οὖν
1092 1303 1336 1373 ἀφαιρῇ
1383 1304 1499 1372 τὴν
1536 1305 1751 1368 πόλιν;
1802 1303 1909 1372 ἐγὼ

218 1391 318 1457 μὲν
357 1391 529 1459 ἡδέως
568 1391 638 1445 ἂν
676 1394 771 1455 τὰς
808 1393 1068 1462 πονηράς,
1120 1398 1270 1462 εἴπερ
1312 1385 1428 1455 οἶός
1474 1391 1519 1444 τ’
1552 1389 1638 1460 ἦν,
1693 1400 1801 1445 νῦν
1847 1393 1910 1446 δὲ

154 1502 194 1534 15
219 1478 323 1532 κᾶν
346 1480 491 1533 πάνυ
517 1481 819 1550 βούλωμαι,
843 1483 1127 1550 μένουσιν,
1154 1483 1202 1534 εἰ
1218 1481 1307 1534 καὶ
1329 1481 1517 1550 μηδεὶς
1540 1488 1705 1534 τοῦτο
1723 1482 1907 1550 διδοίη

221 1567 540 1637 τάργύριον,
579 1573 996 1638 μετενεγκόντες
1035 1567 1137 1639 μὲν
1168 1568 1255 1639 ἐφ’
1286 1569 1518 1633 ἑαυτοὺς
1555 1573 1779 1623 πολλῶν
1814 1569 1908 1623 οὐ-

222 1659 359 1724 σίας,
384 1658 485 1710 οὐκ
509 1658 714 1726 ὀλίγων
731 1656 791 1711 δὲ
815 1658 1105 1726 μέλλοντες
1129 1659 1428 1727 ἡγούμενοι
1451 1660 1581 1721 τοὺς
1604 1662 1908 1712 πλουτοῦν-

220 1765 314 1808 τας
352 1746 452 1814 οὐχ
493 1746 679 1809 αὑτοῖς
716 1752 927 1814 μᾶλλον
965 1747 997 1816 ἢ
1043 1746 1260 1810 ’κείνοις
1298 1749 1443 1816 ἔχειν
1483 1747 1515 1800 ἃ
1554 1746 1855 1816 κέκτηνται.
1958 1738 1967 1747 ’

331 1833 416 1886 26.
470 1834 684 1903 Μηδεὶς
739 1832 844 1890 οὖν
898 1835 1231 1890 δεδιττέσθω
1286 1836 1386 1888 τὸν
1434 1836 1604 1890 καλὸν
1654 1835 1908 1904 κάγαθὸν
1988 1884 1992 1902 ,

154 1943 196 1974 20
231 1920 462 1989 Ἰκάριον
501 1924 573 1986 ὡς
610 1933 788 1988 κακῶς
827 1924 1132 1994 πράξοντος
1168 1932 1268 1977 τοῦ
1299 1925 1544 1993 θεάτρου
1583 1926 1654 1993 μὴ
1694 1925 1907 1978 τούτων
1951 1942 1954 1951 “
1988 1949 1992 1990 j

218 2009 572 2078 προεθέντων
610 2022 721 2066 τῶν
759 2015 1064 2083 χρημάτων.
1141 2014 1208 2067 οὐ
1257 2014 1359 2082 γὰρ
1407 2014 1504 2065 τὸν
1553 2015 1907 2082 παρελθόντα
1948 2060 1951 2066 .

221 2101 425 2167 χρόνον
471 2101 524 2153 ol
569 2097 670 2167 μὲν
717 2101 1104 2172 ἐδραπέτευον,
1157 2102 1289 2171 ἡμῖν
1329 2098 1388 2154 δὲ
1435 2102 1771 2171 πραγμάτων
1817 2099 1899 2154 ἐπ’
1948 2134 1992 2174 ,'··

131 2197 337 2242 RII104
377 2187 575 2251 αὐτοὺς
615 2188 854 2258 ἐδέησεν,
894 2189 1009 2243 ἀλλ’
1059 2190 1065 2259 Ι
1115 2188 1312 2259 ἔμενον
1350 2189 1621 2259 ὀρφανίας
1658 2199 1904 2259 τρυγῶν-
1960 2191 1969 2198 ”

218 2293 306 2336 τες
338 2275 396 2327 οἵ
421 2295 478 2328 τε
503 2276 830 2345 ὀρχούμενοι
861 2280 919 2331 οἵ
945 2298 1003 2332 τε
1034 2279 1363 2348 μιμούμενοι
1395 2279 1456 2331 αἴ
1475 2298 1532 2331 τε
1556 2280 1904 2348 μιμούμεναι.
1941 2353 1943 2355 ¹
1984 2299 1985 2302 ¹

339 2424 393 2462 23
426 2419 532 2464 Luc.
561 2421 669 2466 dial.
695 2436 802 2466 mer.
826 2428 864 2476 1,
883 2429 908 2466 2

341 2556 361 2594 1
390 2551 543 2612 κλᾴων
560 2554 627 2597 Re
749 2558 775 2598 8
800 2556 899 2599 δεῖν
923 2556 1107 2613 reposui
1125 2569 1149 2600 e
1168 2557 1212 2600 V
1266 2557 1337 2599 δεῖ
1358 2555 1528 2612 reliqui
1544 2554 1654 2599 libri
1670 2556 1738 2599 Re
1766 2556 1772 2614 Ι
1800 2555 1900 2614 καὶ]

222 2607 279 2665 ἢῬ
378 2614 431 2654 10
455 2611 678 2667 καθαρὰν
695 2614 757 2670 (2)
772 2615 957 2670 reposui
975 2628 1000 2659 e
1016 2614 1147 2658 libris
1166 2629 1270 2658 cum
1287 2613 1459 2659 Cobeto
1477 2613 1588 2659 Coll.
1603 2620 1686 2658 125
1741 2627 1815 2658 om
1831 2615 1900 2658 Re

279 2670 385 2724 post
412 2670 634 2724 καθαρὰν
657 2685 731 2714 ras
750 2677 863 2716 5-6
880 2673 1008 2717 litt-,1
1126 2679 1177 2717 11
1203 2673 1378 2717 τούτων
1403 2699 1457 2705 -
1486 2677 1538 2716 13
1563 2671 1698 2718 πόλιν
1722 2674 1848 2717 omI
1930 2678 1935 2722 J

223 2731 276 2770 15
302 2727 523 2784 βούλομαι
539 2731 574 2773 Ι
591 2730 672 2772 sed
690 2747 713 2774 ο
731 2730 780 2774 in
798 2749 832 2774 ω
858 2745 959 2776 corr
974 2733 1057 2787 m³‚
1073 2734 1157 2778 Mo
1272 2736 1325 2775 15
1352 2730 1456 2787 δοίη
1476 2732 1601 2776 PaV
1711 2737 1765 2776 16
1791 2732 1907 2783 εἰςΙ

282 2790 335 2828 18
377 2785 549 2837 κείνοις
578 2789 624 2832 Ρ
652 2789 734 2832 sed
759 2786 772 2803 ’
810 2792 1003 2847 antepos
1027 2791 1109 2845 ω’,
1134 2791 1249 2835 ΙΜο
1371 2796 1424 2834 19
1463 2791 1681 2847 κάγαθὸν
1713 2805 1790 2835 om
1811 2792 1846 2834 Ι
1934 2802 1938 2807 ·

221 2847 277 2886 20
308 2844 567 2899 πράξαντος
598 2848 713 2891 ΙΜο
891 2854 945 2893 21
977 2849 1275 2905 προεθέντων
1307 2849 1471 2905 scripsi
1503 2851 1692 2894 auctore
1723 2848 1898 2899 Gobesso
1932 2862 1936 2868 ·

222 2900 332 2945 Coll.
362 2907 444 2946 125
504 2905 826 2959 προτεθέντων
859 2910 943 2952 Mo
1002 2906 1355 2964 προστεθέντων
1384 2907 1555 2963 reliqui
1586 2908 1696 2952 libri
1726 2908 1793 2952 Re
