1992 3094
156 146 260 198 186
658 144 885 188 LIBANII
917 143 1142 189 ORATIO
1175 144 1368 189 XXXIII

154 284 360 350 λαβεῖν,
415 289 479 351 τῇ
535 277 595 333 δὲ
642 280 777 350 ἄλλῃ
832 282 993 351 κακίᾳ
1043 279 1461 349 λυμηναμένους
1515 282 1611 344 τὰς
1659 283 1846 345 πόλεις

152 368 243 423 καὶ
290 368 659 439 μισουμένους
710 369 854 437 ὅμως
900 369 959 422 ἐκ
1005 379 1116 422 τῶν
1163 371 1346 423 ἄλλων
1398 379 1705 440 συμφορῶν
1753 369 1844 423 καὶ

154 459 219 511 οὐ
261 456 522 521 δόξαντας
561 453 703 511 εἶναι
743 459 1011 526 χρηστοὺς
1051 458 1141 510 διὰ
1180 459 1242 510 τὸ
1279 456 1619 526 πεπρακέναι
1657 457 1844 526 μηδέν.

63 560 272 604 RH265
319 547 405 599 41.
458 545 582 599 ὥστ’
614 547 661 598 εἰ
707 544 794 598 καὶ
837 553 949 598 πᾶν
987 553 1148 599 τοῦτο
1208 543 1214 616 Ι
1270 541 1341 614 ἦν
1387 542 1525 614 ὑπὲρ
1574 546 1745 599 αὐτοῦ
1783 547 1844 599 τὸ

108 657 127 690 5
152 636 340 705 μέρος,
391 638 450 688 ἔκ
497 655 558 704 γε
603 644 714 688 τῶν
761 636 943 687 ἄλλων
988 632 1325 700 κατεκλύζετ’
1356 635 1442 701 ἄν,
1489 633 1548 696 ὃς
1594 643 1710 698 τοῖς
1759 636 1844 688 δε-

154 726 389 792 σμώταις
428 723 694 777 διετέλεσε
732 727 1078 792 προστιθείς,
1125 723 1335 792 ἐξάγων
1377 720 1438 776 δὲ
1479 723 1683 776 οὐδένα
1722 722 1858 777 οὔτ”

153 813 639 882 ἀπολογησόμενον
691 811 804 866 οὔτ’
838 812 1319 882 ἀποθανούμενον,
1372 812 1445 875 ὡς
1495 816 1683 885 πολλῷ
1730 822 1843 876 τοῖς

153 904 456 971 δεσμώταις
492 904 839 972 κουφότερον
878 901 1103 971 ἀφεῖναι
1142 903 1243 970 τὴν
1286 902 1470 970 ψυχὴν
1508 900 1541 970 ἢ
1581 902 1647 954 τὰ
1686 911 1845 970 σφῶν

153 992 336 1044 αὐτῶν
391 991 529 1060 ὁρᾶν
577 991 710 1044 ὀστᾶ
757 991 850 1043 διὰ
901 997 1000 1043 τοῦ
1049 989 1328 1060 δέρματος.
1409 990 1438 1044 ὁ
1488 988 1539 1043 δ’
1568 989 1844 1059 ἐμπλήσας

86 1101 129 1133 10
152 1081 212 1133 τὸ
254 1085 452 1149 οἴκημα
492 1080 758 1147 σωμάτων
797 1078 901 1131 ἀπὸ
939 1079 1117 1147 πάσης
1149 1079 1322 1142 αἰτίας
1354 1079 1502 1151 αὐτῷ
1535 1081 1733 1132 κτείνει
1772 1085 1847 1152 τῷ

152 1171 354 1238 πλήθει
395 1170 526 1231 τοὺς
566 1167 846 1231 δεθέντας.
923 1168 1009 1220 42.
1057 1163 1136 1221 ὧν
1175 1168 1242 1221 οὐ
1282 1169 1488 1236 ταύτην
1528 1169 1580 1221 οἱ
1619 1170 1844 1231 πλείους

153 1259 394 1326 ὤφειλον
441 1255 620 1326 δίκην,
676 1256 792 1310 ἀλλ’
825 1255 944 1310 οὐδ’
977 1258 1030 1309 οἱ
1075 1258 1327 1310 θάνατον
1376 1257 1693 1326 ὀφείλοντες
1742 1258 1843 1326 τὴν

152 1348 313 1415 δίκην
360 1347 460 1399 τὸν
506 1346 664 1398 οὕτω.
742 1345 925 1414 τέμνει
979 1347 1082 1415 γὰρ
1130 1345 1159 1398 ὁ
1206 1348 1374 1414 νόμος
1427 1347 1529 1414 τὴν
1577 1349 1842 1415 κεφαλήν,

152 1435 252 1488 οὐκ
292 1434 586 1503 ἀποπνίγει
623 1443 687 1504 τῇ
727 1437 1078 1505 στενοχωρίᾳ.
1155 1426 1245 1487 καὶ
1295 1436 1397 1503 τὴν
1437 1434 1681 1487 ἐνταῦθα
1721 1433 1843 1498 ὀξύ-

85 1543 126 1576 15
149 1543 282 1591 τητα
335 1523 529 1593 κέρδος
583 1516 724 1576 εἶναι
776 1525 1069 1593 συμβαίνει
1115 1529 1190 1595 τῷ
1237 1522 1569 1595 τεμνομένςο,
1625 1523 1653 1577 ὁ
1702 1522 1748 1576 δ’
1783 1522 1843 1576 ἐν

150 1613 251 1680 μὲν
283 1618 356 1684 τῷ
385 1613 549 1681 δῆσαι
580 1613 761 1682 ταχύς,
803 1611 864 1665 ἐν
889 1613 950 1666 δὲ
972 1619 1047 1685 τῷ
1073 1620 1258 1679 κρῖναι
1283 1613 1512 1682 βραδύς,
1544 1616 1756 1681 μᾶλλον
1781 1608 1842 1664 δὲ

151 1701 345 1769 φεύγει
383 1702 479 1763 τὰς
516 1704 721 1771 κρίσεις
760 1704 971 1770 μᾶλλον
1009 1701 1042 1770 ἢ
1081 1703 1147 1754 τὰ
1177 1702 1372 1754 παιδία
1410 1702 1506 1764 τὰς
1536 1702 1843 1770 Μορμόνας

150 1788 241 1842 καὶ
281 1790 378 1843 τὸν
418 1791 656 1860 ἄρχοντα
694 1789 841 1843 τοῦτ’
873 1783 1014 1843 εἶναι
1053 1792 1260 1857 νομίζει
1299 1791 1360 1843 τὸ
1401 1791 1493 1843 διὰ
1531 1793 1714 1859 λήρων
1752 1787 1834 1843 ἐπ’

151 1879 377 1948 ἄριστον
414 1882 729 1947 προελθεῖν.

85 1987 128 2020 20
262 1966 347 2019 43.
411 1965 742 2030 Ἀπάλλαξον
796 1968 863 2036 δὴ
919 1969 1014 2031 τὰς
1067 1975 1274 2021 σαυτοῦ
1330 1969 1517 2030 πόλεις
1570 1967 1840 2020 τοιούτων

150 2065 334 2108 κακῶν
371 2056 460 2108 καὶ
500 2055 718 2123 πέμψον
765 2057 940 2127 ἄνδρα
987 2064 1127 2109 νοῦν
1173 2075 1230 2109 τε
1270 2054 1465 2125 ἔχοντα
1511 2055 1602 2109 καὶ
1650 2059 1838 2110 πόνων

151 2143 500 2213 ἐπιθυμητὴν
564 2143 655 2198 καὶ
717 2148 884 2198 πλείω
947 2144 1221 2213 πράξοντα
1284 2144 1315 2213 ἢ
1380 2148 1687 2214 λαλήσοντα
1746 2146 1836 2198 καὶ

271 2353 323 2392 17
358 2349 414 2392 cf.
440 2364 485 2405 p.
508 2354 604 2403 108,
625 2354 649 2392 6

271 2546 292 2583 1
327 2558 382 2599 τῃ
413 2540 625 2584 Monnier
667 2543 671 2596 Ι
715 2539 758 2584 δ’
790 2541 855 2584 Re
997 2546 1022 2584 2
1056 2541 1105 2586 ἔκ
1135 2557 1227 2584 των
1259 2540 1471 2583 Monnier
1612 2545 1637 2583 3
1672 2541 1726 2583 οὐ
1759 2553 1833 2583 om

161 2601 227 2643 Va
408 2604 433 2643 6
487 2598 776 2658 προστιθείς]
825 2601 1032 2654 „videtur
1076 2600 1355 2644 intercidisse
1401 2600 1520 2655 μὲν“
1565 2598 1775 2642 Monnier

153 2663 175 2701 7
203 2658 263 2708 ὡς
287 2658 452 2715 scripsi
515 2657 538 2703 ὃ
563 2658 671 2702 libri
689 2659 756 2702 Re
785 2661 790 2714 Ι
818 2662 968 2718 πολλῷ
993 2685 1048 2691 --
1075 2663 1099 2701 9
1125 2657 1350 2714 δέρματος
1372 2659 1488 2701 citat
1505 2658 1662 2701 Macar
1682 2657 1760 2701 fol.
1777 2661 1831 2701 90

211 2722 235 2759 9
270 2716 294 2761 ὁ
319 2719 365 2762 Ρ
387 2718 467 2761 sed
492 2719 665 2761 acuent.
688 2732 788 2761 eras
851 2717 874 2762 ὃ
901 2720 944 2762 Α
1007 2716 1031 2761 ὅ
1059 2718 1102 2761 V
1123 2719 1128 2775 Ι
1157 2716 1208 2762 δὲ
1231 2717 1298 2759 Re
1423 2722 1474 2760 11
1499 2716 1774 2772 δεδεμένους
1796 2716 1839 2760 V

152 2776 233 2819 sed
264 2793 317 2832 γρ
344 2774 571 2826 δεθέντας
601 2776 650 2819 in
674 2791 808 2833 marg
831 2777 901 2819 m²
1060 2781 1112 2819 12
1147 2775 1346 2831 ὤφειλον
1377 2777 1421 2820 Α
1455 2776 1536 2820 sed
1568 2791 1589 2819 ε
1622 2789 1761 2831 supra
1793 2790 1833 2819 ει

151 2849 222 2877 scr
245 2835 316 2877 m²
357 2837 363 2890 Ι
404 2841 462 2907 τῇ
492 2833 599 2893 δίκῃ
631 2836 736 2879 coni
766 2836 832 2878 Re
866 2838 915 2879 at
947 2835 1003 2879 cf.
1029 2835 1101 2878 t.1
1124 2839 1223 2889 488,
1242 2839 1267 2877 9
1394 2840 1445 2879 15
1479 2834 1502 2878 ὁ
1529 2832 1574 2879 δ’
1611 2834 1776 2890 scripsi
1808 2847 1832 2876 e

152 2893 198 2935 P
225 2894 325 2948 (sed
354 2894 404 2936 in
437 2910 460 2938 ο
487 2892 533 2937 δ’
570 2908 671 2938 corr
693 2895 778 2949 m3)
812 2908 917 2937 cum
940 2894 1180 2938 Monnerio
1274 2892 1297 2938 ὃ
1323 2891 1371 2938 δ’
1393 2895 1438 2938 Α
1530 2890 1604 2936 ὅδ’
1634 2895 1678 2938 V
1754 2889 1826 2936 ὁδ’

147 2951 319 3007 reliqui
349 2952 458 2996 libri
489 2953 555 2996 Ro
679 2957 732 2996 16
765 2951 922 3008 κρίναι
950 2955 984 2997 Ι
