1992 3094
331 104 558 148 LIBANH
591 104 1053 150 CONSOLATORIA
1084 106 1167 149 AD
1199 105 1564 151 ANTIOCHUM
1693 108 1801 160 273

107 250 287 295 ποιῶν
332 241 682 308 πανουργίαν
729 250 840 294 τῶν
885 249 980 310 τῆς
1035 242 1255 310 φύσεως
1306 242 1634 311 ἀναγκαίων.
1711 241 1801 296 καὶ

110 337 215 383 νῦν
262 329 384 383 ὅσοι
424 332 729 382 λυποῦνται
767 336 842 402 τῷ
882 339 996 383 τῶν
1042 329 1301 398 ἀδελφῶν
1347 330 1589 403 πολέμῳ,
1637 330 1795 395 Maga-

108 419 262 491 δήμῳ
294 426 637 487 καταρῶνται
665 423 740 491 τῷ
767 421 1230 487 πολεμοποιοῦντι
1257 418 1510 487 λέγοντες
1533 418 1794 489 μηδέποτ’

108 505 177 559 ἂν
232 506 400 576 ἄνδρε
454 507 601 559 καλώ
657 526 715 559 τε
770 506 999 575 κάγαθὼ
1055 507 1143 560 καὶ
1199 507 1614 576 πεπαιδευμένου
1664 509 1803 579 πρὸς

107 603 377 648 τοσοῦτον
407 598 683 664 προβῆναι
716 599 1076 664 φιλονεικίας,
1118 601 1173 649 εἴ
1201 617 1283 659 τις
1320 593 1390 665 ἦν
1421 602 1575 650 θεῶν
1605 615 1801 667 προεκ-
1849 619 1871 651 5

106 686 280 747 κόψας
319 682 548 737 ἐκεῖνον.

222 772 302 824 16.
367 775 433 825 Τί
485 769 589 826 οὖν
643 771 881 842 ἐβούλου
938 775 1108 843 φίλον
1168 771 1316 843 ἔχειν
1368 775 1466 827 τὸν
1526 783 1799 845 τοιοῦτον,

104 860 368 930 Ἀντίοχε,
418 862 507 914 καὶ
556 863 932 931 συλλήπτορας
987 861 1077 915 καὶ
1123 864 1180 915 τί
1222 867 1408 932 μεῖζον
1455 865 1644 926 &ivus
1684 860 1800 917 εἶπε

102 950 228 1018 περὶ
268 957 371 1003 σοῦ
411 951 584 1004 κακὸν
621 949 654 1018 ἢ
696 950 780 1003 ὅτι
832 949 1152 1020 Ἀντίοχος
1198 949 1452 1014 ἐκεῖνος
1499 950 1568 1005 ἐν
1606 951 1801 1016 Μιξι-

104 1038 312 1107 δήμου
352 1046 435 1110 τῷ
482 1041 697 1112 τρόπῳ
737 1041 848 1103 τὰς
887 1040 1049 1110 ὑπὲρ
1097 1050 1224 1095 τῶν
1262 1041 1466 1094 αὑτοῦ
1506 1043 1798 1111 πραγμά-
1825 1026 1867 1095 {o

104 1147 231 1180 των
284 1126 552 1192 ἐλπίδας
605 1125 768 1198 ἔχεις
825 1129 1034 1184 οὐκοῦν
1088 1131 1308 1193 εἰκότως
1362 1129 1431 1183 ἂν
1481 1140 1596 1193 τοῖς
1644 1136 1800 1194 θεοῖς

104 1217 249 1285 ἔχοις
287 1218 448 1287 χάριν
487 1227 667 1285 μισῶν
704 1237 762 1271 τε
802 1217 892 1271 καὶ
929 1219 1264 1287 μισούμενος
1293 1198 1384 1271 καὶ
1415 1218 1611 1288 κέρδος
1640 1219 1798 1288 ἡγοῖο

102 1306 198 1368 τὰς
250 1307 459 1375 βλάβας
503 1308 705 1370 ταύτας
752 1308 818 1376 δὴ
865 1308 960 1370 τὰς
1013 1306 1138 1377 περὶ
1185 1309 1315 1370 τοὺς
1361 1308 1634 1376 μαθητάς;
1688 1307 1796 1361 ὑπὸ

103 1395 207 1462 γὰρ
264 1396 330 1463 δὴ
386 1405 498 1448 τῶν
550 1405 737 1449 κακῶν
791 1406 968 1459 κακῶς
1021 1395 1247 1450 ἀκούειν
1303 1397 1530 1463 ἄμεινον
1583 1395 1616 1464 ἢ
1671 1396 1797 1449 τού-

105 1484 344 1536 ναντίον.
1821 1506 1862 1539 15

218 1558 300 1624 17.
334 1569 424 1635 Ὡς
457 1570 518 1625 δὲ
549 1574 715 1636 κακὸς
746 1573 774 1627 ὁ
799 1573 1129 1642 Μιξίδημος,
1169 1574 1372 1639 μάθοις
1411 1572 1480 1626 ἂν
1519 1573 1795 1643 κάκεῖθεν,

43 1717 48 1722 ,
102 1660 151 1712 εἰ
184 1661 259 1729 μὴ
301 1662 406 1731 ἄρα
444 1663 856 1730 προεπίστασαι.
922 1658 987 1730 ἧν
1018 1682 1100 1725 τις
1139 1660 1197 1715 ἐκ
1230 1662 1467 1730 Κύπρου
1503 1663 1632 1732 τῇδε
1671 1661 1796 1725 νέος

101 1749 296 1811 λευκὸς
326 1748 416 1803 καὶ
447 1753 629 1818 καλός,
670 1753 847 1814 οἰκίας
878 1751 1226 1820 εὐδαίμονος,
1257 1751 1405 1821 παρὰ
1437 1751 1612 1822 τούτῳ
1646 1750 1795 1804 τισὶν

102 1837 358 1907 οἰκήμασι
397 1841 677 1908 χρώμενος
717 1841 810 1893 διὰ
850 1841 1092 1908 δεήσεων
1129 1848 1242 1892 τῶν
1279 1841 1482 1892 τούτου
1520 1840 1658 1909 πρὸς
1696 1841 1794 1893 τὸν

100 1923 316 1980 ἐκείνου
370 1928 596 1981 πάππον
649 1927 740 1981 καὶ
795 1929 904 1997 ἅμα
958 1926 1306 1997 ὑποσχέσεων
1361 1927 1619 1994 λέγοντος
1668 1927 1791 1982 ἀντὶ
1817 1951 1860 1982 80

99 2021 194 2082 τῆς
239 2014 494 2088 πατρςόας
540 2019 715 2079 οἰκίας
760 2017 908 2089 αὐτῷ
956 2018 1059 2085 τὴν
1105 2016 1276 2069 αὑτοῦ
1324 2019 1660 2084 γενήσεσθαι
1702 2017 1792 2070 καὶ

101 2104 350 2172 ζητήσειν
390 2101 558 2158 οὐδὲν
592 2105 598 2173 Ι
635 2104 663 2157 ὃ
704 2107 776 2174 μὴ
818 2107 1043 2174 σχήσειν
1083 2104 1305 2167 εὐθέως.
1368 2112 1538 2157 ταῦτα
1574 2102 1634 2158 δὲ
1674 2117 1879 2162 RII360

98 2189 273 2245 ἐποίει
326 2195 427 2261 τήν
473 2213 530 2246 τε
580 2201 757 2262 νῆσον
812 2201 1022 2263 τρυγᾶν
1075 2195 1413 2262 βουλόμενος
1466 2195 1562 2247 καί
1602 2214 1655 2247 τι
1700 2195 1789 2247 καὶ
1902 2191 1905 2193 ’

99 2278 302 2349 ἕτερον.
381 2282 410 2335 ὃ
456 2283 556 2335 τὸν
601 2281 733 2335 νέον
773 2281 1039 2346 ἐντεῦθεν
1080 2280 1377 2351 ἀνέστησεν
1419 2281 1520 2335 οὐκ
1560 2281 1787 2352 ἀνασχό-

98 2387 269 2438 μενον
314 2378 409 2438 τῆς
454 2372 618 2423 τοῦδε
665 2373 855 2439 πείρας
901 2379 994 2440 τῆς
1040 2367 1143 2440 μὲν
1182 2369 1243 2423 ἐν
1281 2376 1357 2442 τῷ
1407 2373 1680 2443 βαλανείῳ
1720 2378 1794 2443 τῷ
1814 2393 1854 2425 25
1893 2373 1897 2377 *

97 2464 292 2529 μικρῷ,
342 2467 437 2527 τῆς
476 2459 537 2512 δὲ
575 2464 855 2528 πολλαχοῦ
895 2467 990 2527 τῆς
1030 2460 1218 2521 οἰκίας.
1296 2461 1436 2527 ἔχων
1475 2461 1579 2529 γὰρ
1619 2460 1789 2512 αὐτὸν

220 2680 243 2719 7
276 2677 358 2721 τὸν
388 2685 600 2722 τοιοῦτον
632 2693 707 2723 om
731 2678 864 2736 Bong
1000 2682 1026 2722 8
1059 2674 1189 2722 εἶπεν
1222 2679 1302 2722 AI
1320 2677 1453 2734 Bong
1539 2707 1547 2717 ρ
1588 2682 1614 2721 9
1646 2679 1785 2731 Μι-ξι

100 2733 249 2790 δήμου
281 2735 414 2793 Bong
489 2737 716 2797 μιξιὸήμῳ
748 2737 857 2780 libri
981 2741 1036 2781 10
1067 2740 1129 2797 τῷ
1154 2735 1309 2796 τρόπῳ
1342 2750 1443 2780 eras
1469 2737 1540 2780 Pa
1603 2752 1678 2780 om
1706 2738 1749 2781 V
1776 2740 1780 2796 Ι

97 2793 243 2837 αὐτοῦ
275 2795 403 2839 AUI
428 2795 561 2853 Bong
713 2802 763 2839 11
799 2794 991 2847 ἐλπίδας
1022 2810 1096 2840 om
1130 2797 1173 2839 V
1326 2800 1380 2839 12
1413 2811 1462 2853 γε
1495 2797 1576 2840 IV
1593 2796 1726 2852 Bong

97 2866 143 2894 τι
173 2851 218 2896 U
334 2859 386 2897 13
412 2855 504 2899 ὑπὸ
531 2881 584 2887 —-
613 2859 668 2898 14
690 2853 967 2899 τούναντίον
991 2854 1108 2898 citat
1132 2854 1301 2898 omisso
1326 2853 1413 2911 γὰρ
1413 2813 1591 2898 yMacar
1611 2854 1688 2899 fol.
1695 2811 1785 2898 {0

162 2915 214 2953 16
247 2910 271 2954 ὁ
304 2926 380 2956 om
403 2912 612 3027 Bong„
658 2919 709 2957 17
743 2916 853 2970 τῆδε
888 2914 1003 2959 CUI
1119 2919 1173 2956 21
1207 2913 1352 2957 αὐτοῦ
1383 2914 1466 2957 IV
1484 2914 1616 2970 Bong

189 2991 384 3026 IamAnms
410 2995 467 3026 e.d
490 2995 729 3028 Foster.
767 2997 838 3029 111.
1463 2992 1515 3031 18
