1992 3094
197 118 304 170 446
692 115 919 158 LIBANII
951 114 1175 159 ORATIO
1207 114 1395 159 XLVIII

311 253 391 303 Οὐ
431 253 690 319 βοηθεῖτε
728 259 843 313 τοῖς
881 252 1146 318 βοηθείας
1187 249 1494 319 δεομένοις,
1539 242 1622 311 οἷς
1660 250 1888 318 πάρεστι

197 341 328 408 <τὸ>
361 341 654 392 δύνασθαι.
733 337 851 391 ἀλλ’
890 340 940 391 οἱ
981 336 1082 406 μὲν
1120 342 1367 391 πωλοῦσι
1407 340 1473 391 τὰ
1512 347 1673 406 σφῶν
1705 337 1889 391 αὐτῶν

198 430 398 499 ἀπορίᾳ
452 429 773 496 συμμάχων,
827 427 985 496 ὑμεῖς
1039 428 1100 480 δὲ
1154 425 1340 497 πρᾴως
1394 426 1588 496 φέρετε
1634 427 1729 488 τὰς
1777 445 1888 480 τοι-

199 518 365 579 αύτας
418 526 529 570 τῶν
580 516 836 586 πράσεων
891 517 963 576 ὡς
1019 517 1085 584 δὴ
1135 513 1304 568 οὐδὲν
1358 522 1456 568 τοῦ
1511 522 1684 568 κακοῦ
1738 514 1889 582 μετέ-

154 626 172 659 5
198 625 399 675 χοντες.
476 605 565 657 καὶ
606 605 671 658 οὐ
714 603 859 657 τοῦτ’
902 607 1014 657 ἔστι
1053 606 1114 658 τὸ
1154 607 1457 674 χείριστον,
1498 601 1614 656 ἀλλ’
1655 603 1739 656 ὅτι
1777 613 1890 656 τῶν

109 706 210 749 RH
228 710 312 749 546
345 693 445 761 μὲν
486 691 642 745 αὐτοὶ
681 693 1046 760 καταβάλλετε
1082 690 1087 763 Ι
1123 693 1224 760 τὴν
1255 693 1437 761 τιμήν,
1476 692 1542 744 τά
1582 693 1643 745 δὲ
1681 701 1797 754 τοῖς
1827 690 1891 744 ἐν

198 782 428 848 δυνάμει
474 779 787 851 προξενεῖτε
833 782 922 833 καὶ
973 782 1296 833 κολακεύετε
1348 782 1444 843 τὰς
1489 779 1717 833 ἐκείνων
1762 799 1890 849 τρα-

197 870 354 934 πέζας
392 879 508 931 τοῖς
545 879 656 922 τῶν
696 871 1082 937 βουλευόντων
1121 872 1368 938 κτήμασι.
1444 868 1550 922 κᾶν
1596 869 1769 939 ἀγρόν
1807 889 1894 931 τις

198 959 380 1012 αὐτῶν
427 966 525 1012 τοῦ
574 959 944 1027 βουλεύοντος
990 959 1253 1027 θαυμάσῃ
1308 959 1398 1010 καὶ
1455 958 1547 1010 διὰ
1600 966 1699 1010 τοῦ
1746 963 1888 1010 θαυ-

133 1071 174 1102 10
197 1048 383 1116 μάζειν
423 1049 500 1109 εἰς
530 1048 590 1100 τὸ
630 1046 763 1116 ἐρᾶν
793 1046 1060 1117 προέλθῃ,
1099 1049 1235 1115 ταχὺ
1267 1048 1328 1099 τὸ
1364 1050 1529 1115 ἔργον
1559 1045 1892 1116 προσετέθη,

196 1137 284 1188 καὶ
318 1136 346 1189 ὁ
378 1133 479 1203 μὲν
511 1137 847 1204 ἠνάγκασται
879 1139 1101 1203 πωλεῖν,
1136 1142 1211 1208 τῷ
1239 1136 1300 1188 δὲ
1331 1134 1553 1202 ἕτοιμον
1585 1135 1889 1204 ἀγοράζειν.

199 1225 281 1276 38.
338 1226 389 1277 οἱ
431 1222 492 1277 δὲ
531 1232 693 1277 τοῦτο
740 1223 1178 1293 καταπράξαντες
1215 1223 1595 1294 ἠριστευκέναι
1634 1244 1692 1276 τε
1734 1226 1889 1291 νομί-

200 1316 351 1377 ζουσι
390 1312 480 1366 καὶ
527 1313 664 1381 μέγα
710 1323 887 1382 τεῖχος
927 1312 1115 1375 αὑτοῖς
1154 1312 1588 1382 περιτεθεικέναι
1635 1315 1735 1382 τὴν
1777 1323 1891 1366 τῶν

199 1401 523 1471 ἐωνημένων
556 1403 731 1471 χάριν.
810 1399 906 1455 εἶτ’
938 1401 1126 1464 αὐτοῖς
1159 1400 1246 1454 ἐπὶ
1278 1403 1372 1463 τὰς
1402 1403 1585 1471 θύρας
1625 1401 1889 1470 ὁσημέραι

133 1513 173 1545 15
199 1501 430 1558 φοιτῶσι
465 1490 555 1543 καὶ
586 1496 1116 1559 παρακολουθοῦσιν
1147 1489 1234 1544 ἐπὶ
1267 1491 1362 1553 τὰς
1393 1500 1505 1543 τῶν
1537 1492 1719 1543 ἵππων
1752 1490 1889 1558 φάτ-

197 1599 294 1641 νας
333 1578 437 1632 κᾶν
478 1579 510 1632 ἃ
549 1589 660 1632 τῶν
699 1581 928 1633 οἰκετῶν
960 1579 1073 1632 ἐστι
1113 1588 1296 1632 ποιεῖν
1335 1578 1690 1648 ἐπιταχθῶσι,
1729 1582 1888 1647 γεγή-

197 1672 382 1720 θασιν.
460 1670 513 1721 οἱ
551 1667 746 1737 μισθοὶ
787 1666 848 1721 δὲ
887 1669 1101 1721 τούτων
1140 1677 1358 1737 φαγεῖν,
1397 1676 1561 1734 πιεῖν,
1600 1673 1888 1735 μεθυσθῆ-

198 1775 306 1823 ναι,
347 1759 648 1825 βιασθῆναι
687 1759 815 1819 τοὺς
854 1758 1148 1819 καταδεεῖς.
1221 1756 1326 1809 κᾶν
1365 1758 1397 1825 ἡ
1446 1757 1591 1826 Τύχη
1630 1757 1754 1809 τινὰ
1791 1756 1886 1808 αὐ-

198 1853 308 1895 τῶν
347 1842 507 1914 ἐξάγῃ
547 1854 642 1914 τῆς
680 1848 904 1913 πόλεως,
944 1847 1201 1907 πεσόντες
1241 1847 1318 1907 εἰς
1350 1847 1488 1913 γόνυ
1528 1844 1619 1898 καὶ
1659 1844 1887 1913 δεηθέν-

134 1954 176 1985 20
199 1951 285 1994 τες
315 1932 501 2000 με’νειν
534 1933 907 2003 ἀπεστέρησαν
930 1943 1042 1987 τῶν
1064 1935 1211 2004 παρὰ
1241 1942 1336 2002 τῆς
1368 1935 1544 2003 Τύχης
1579 1935 1680 2002 τὴν
1709 1935 1887 1986 πόλιν.

200 2017 293 2072 εἶτ’
333 2021 506 2084 εὐθὺς
541 2027 956 2093 παρακαλοῦσιν
988 2024 1317 2091 οἰκοδομεῖν.
1390 2019 1495 2075 εἷθ’
1527 2023 1560 2090 ἡ
1593 2023 1742 2076 κύων
1775 2022 1886 2091 ἐμι-

318 2215 369 2253 21
406 2210 462 2254 cf.
489 2213 520 2255 t.
546 2211 588 2254 Π
613 2216 763 2266 293‚9.
812 2212 932 2257 Plat.
958 2213 1071 2269 Rep.
1091 2212 1198 2256 VIII
1229 2228 1274 2268 p.
1302 2217 1386 2256 563
1405 2211 1451 2256 C.
1507 2212 1702 2270 Diogen.
1726 2212 1790 2254 III
1814 2217 1883 2256 51.

200 2268 290 2312 Cic.
318 2270 377 2312 ad
409 2270 504 2314 Att.
523 2270 564 2313 V
584 2275 688 2325 11,5

320 2452 341 2488 1
383 2448 598 2503 βοηθεῖτε
623 2475 676 2479 -
704 2454 728 2491 2
761 2449 1002 2492 δύνασθαι
1040 2449 1157 2494 citat
1195 2448 1354 2492 Macar
1383 2447 1462 2492 fol.
1490 2452 1543 2491 91
1603 2450 1609 2504 Ι
1664 2447 1782 2503 πρὸς
1811 2446 1886 2491 vel
1961 2484 1963 2486 ,

199 2505 355 2560 potius
386 2506 503 2560 πρὸς
533 2506 725 2558 τούτους
756 2509 865 2551 ante
897 2505 967 2558 οἷς
997 2507 1123 2551 inser
1154 2507 1258 2551 coni
1289 2507 1358 2551 Re
1568 2511 1592 2549 2
1625 2506 1677 2550 τὸ
1709 2506 1884 2549 inserui

200 2577 224 2606 e
257 2563 414 2606 Macar
445 2566 632 2608 auctore
663 2566 730 2609 Re
792 2581 867 2610 om
897 2566 1006 2610 libri
1039 2567 1129 2610 edd
1310 2571 1335 2610 3
1366 2565 1527 2621 πράως
1560 2565 1829 2610 MoPIBM

201 2628 226 2663 5
257 2620 385 2666 τοῦτ’
414 2623 578 2679 scripsi
610 2637 665 2667 ex
696 2626 874 2668 MoAP
929 2633 1065 2669 τοῦτο
1096 2625 1266 2680 reliqui
1297 2625 1407 2668 libri
1438 2625 1530 2667 edd
1694 2629 1719 2667 6
1751 2638 1883 2667 κατε-

201 2679 382 2737 βάλλετε
413 2683 445 2724 Ι
482 2684 487 2736 Ι
529 2699 585 2726 τα
617 2685 663 2726 Ρ
780 2689 805 2727 8
835 2691 928 2728 τῶν
961 2698 1035 2727 om
1068 2686 1179 2728 ΒΜ
1205 2685 1339 2741 Bong
1468 2688 1520 2726 12
1553 2699 1600 2728 τε
1632 2696 1707 2726 om
1740 2683 1823 2726 Mo

204 2744 256 2781 13
289 2741 446 2790 αὐτοῖς
476 2742 616 2785 ΙΒΜ
642 2742 775 2798 Bong
827 2744 834 2799 1
883 2742 1256 2798 περιτεθεικέναι
1287 2742 1453 2798 scripsi
1484 2742 1587 2786 coll.
1612 2744 1646 2785 iz.
1670 2741 1691 2784 I
1715 2744 1881 2794 463‚19

259 2798 640 2852 προστεθεικέναι
671 2800 782 2843 libri
815 2801 904 2844 edd
1050 2807 1103 2844 14
1136 2798 1219 2845 εἶτ’
1257 2801 1421 2857 scripsi
1453 2814 1477 2844 e
1512 2801 1727 2846 GMoAP
1783 2795 1882 2843 εἶτα

200 2856 367 2912 reliqui
391 2857 501 2900 libri
525 2859 616 2902 edd
643 2861 649 2914 Ι
678 2858 898 2915 ὁσήμεραι
922 2861 968 2904 Α
1075 2865 1126 2903 21
1163 2857 1261 2904 εἶτα
1287 2861 1377 2904 IM
1398 2860 1531 2916 Bong
1557 2862 1563 2916 Ι
1592 2855 1687 2903 εἶθ’
1718 2858 1882 2915 scripsi

201 2927 225 2957 e
260 2915 517 2959 GMoAPB
579 2913 677 2960 εἶτα
707 2917 878 2974 reliqui
908 2918 1018 2961 libri
1050 2919 1141 2962 edd
