1992 3094
637 132 981 179 PRAEFATIO
1013 134 1250 181 CRITICA
1538 139 1787 186 xxxxvn

105 291 192 333 νος
229 270 320 339 γὰρ
360 272 510 321 scribi
546 273 720 321 voluit.
786 272 1004 330 Quorum
1043 277 1180 336 prius
1211 280 1415 339 propter
1452 294 1620 327 vocem
1651 283 1785 329 ante·

106 347 358 396 cedentem
398 344 595 405 ἐλπίδος
634 349 795 410 magis
835 349 959 396 mihi
998 349 1197 398 arridet.
1262 349 1332 398 Cf.
1364 354 1559 414 p.211,
1588 355 1667 401 12.

810 479 898 529 Or.
931 482 1086 529 XVII.

251 585 298 660 p.
327 571 448 629 207,
477 571 504 617 1
549 566 630 617 διὰ
669 567 831 633 πάσης
860 577 968 635 γῆς,
1008 568 1074 630 ὡς
1105 570 1251 635 ἔφην,
1283 568 1313 635 ἡ
1346 571 1508 638 πληγὴ
1540 573 1785 622 τύπτουσα

104 661 152 692 τε
190 640 272 691 καὶ
302 639 671 707 κατατέμνουσα
701 641 787 702 τὰς
818 643 1010 708 ψυχάς,
1051 642 1117 703 ὡς
1148 639 1306 694 οὐκέτ’
1342 643 1401 694 ὂν
1433 645 1611 711 βιωτὸν
1642 645 1785 711 ἀνδρὶ

103 716 328 786 βελτίστῳ
375 734 423 765 τε
469 714 551 764 καὶ
595 715 688 785 ὅτῳ
728 724 816 766 τοῦ
861 710 916 767 εὗ
958 719 1045 783 ζῆν
1085 717 1339 782 ἐπιθυμία.
1414 720 1522 769 Vox
1561 721 1784 790 βελτίστῳ

103 807 215 840 oum
254 791 497 855 singulari
534 793 588 839 vi
624 794 865 854 usurpata
904 795 979 841 est
1017 809 1176 855 neque
1216 809 1326 841 oum
1357 795 1508 843 Asmo
1540 796 1591 842 in
1630 797 1784 857 suspi-

0 855 1 873 .
17 928 19 930 Υ
103 867 289 914 cionem
330 865 566 914 vocanda.

214 956 262 1001 p.
288 941 409 1000 211,
439 941 504 987 12
547 936 614 998 ὡς
651 939 779 988 πολύ
817 958 870 1006 γε
910 933 974 1004 ἧν
1012 940 1316 1006 κουφότερον
1362 940 1415 990 ἐν
1461 945 1563 1000 τοῖς
1608 942 1785 1006 χείροσι

103 1010 266 1077 μένειν
303 1010 538 1078 ἀπείρους
585 1010 730 1073 ὄντας
775 1011 1013 1079 ἁρμονίας
1058 1015 1312 1079 βασιλικῆς
1357 1012 1390 1079 ἢ
1438 1014 1786 1079 μεταρρυέντας

101 1085 182 1137 ἐπὶ
219 1085 277 1135 τὰ
316 1084 500 1151 ἀμείνω
539 1095 627 1136 τοῦ
653 1088 780 1152 ’βίου
812 1087 960 1136 πάλιν
991 1087 1070 1137 ἐπὶ
1100 1087 1158 1136 τὰ
1188 1087 1408 1153 πρόσθεν
1438 1087 1783 1154 ἀπενεχθῆναι.

101 1161 199 1210 Pro
246 1159 598 1226 μεταρρυέντας
644 1162 956 1211 scribendum
1002 1164 1189 1211 conieci
1239 1161 1607 1227 μεταρρυέντος,
1654 1164 1783 1226 quod

101 1235 281 1284 Asmus
327 1236 435 1284 loco
489 1235 678 1284 Iuliani
723 1253 791 1285 or.
832 1236 931 1284 VII
976 1254 1022 1298 p.
1059 1237 1180 1298 287,
1225 1239 1292 1285 22
1345 1236 1498 1306 τούτῳ
1551 1237 1784 1295 κίνδυνος

101 1307 180 1359 ἐπὶ
226 1307 381 1358 πολλὰ
431 1309 614 1375 ῥυῆναι
661 1309 752 1373 τὴν
800 1310 953 1374 ζωήν,
1008 1310 1207 1375 ρυεῖσαν
1255 1308 1307 1360 δὲ
1354 1309 1648 1359 διεσπάσθαι
1686 1313 1781 1359 κτλ.

102 1384 424 1432 commendat.
501 1384 640 1432 Idem
678 1387 732 1432 in
771 1384 940 1433 eadem
980 1386 1202 1433 oratione

211 1475 257 1520 p.
286 1459 407 1518 212,
434 1459 463 1506 5
504 1457 636 1522 πλὴν
677 1457 794 1508 ὅσον
833 1457 915 1507 καὶ
953 1458 1054 1507 οἵδε
1095 1455 1435 1523 σκιρτήσαντές
1479 1476 1527 1506 τε
1565 1456 1619 1507 έν
1652 1457 1782 1525 γήρᾳ

30 1527 37 1574 ἔ
101 1529 182 1580 καὶ
244 1533 560 1597 χορεύσαντες
621 1531 819 1597 ἔμελλον
873 1530 1169 1598 ἀπέρχεσθαι
1228 1533 1431 1581 verbum
1486 1532 1782 1595 πορεύεσθαι

30 1615 34 1635 ³
102 1607 242 1654 cuius
293 1607 402 1654 loco
457 1623 547 1671 ego
602 1604 901 1672 ἀπέρχεσθαι
955 1608 1151 1668 scripsi,
1205 1607 1385 1654 collato
1439 1607 1546 1654 loco
1599 1606 1782 1652 Iuliani

102 1695 175 1742 ep.
204 1682 268 1728 17
309 1697 356 1743 p.
382 1681 507 1741 498,
537 1685 559 1729 1
605 1680 650 1729 εἰ
686 1679 739 1730 δὲ
778 1678 860 1729 καὶ
899 1685 1082 1729 παθεῖν
1120 1698 1164 1728 τι
1196 1679 1437 1744 συμβαίη,
1477 1677 1591 1743 μετὰ
1631 1682 1783 1726 καλοῦ

31 1811 34 1814 Α
99 1759 188 1802 τοῦ
219 1753 500 1813 συνειδότος
532 1753 591 1804 οὐ
625 1753 773 1820 μικρὰ
803 1754 1098 1819 παραμυθία
1130 1757 1439 1819 πορευθῆναι
1470 1755 1664 1801 tutatus
1693 1755 1779 1800 est.

793 1887 874 1936 Or.
906 1887 1088 1935 XVIII.

213 1992 260 2038 Ρ.
288 1979 409 2038 237,
436 1978 466 2025 3
507 1975 611 2026 ἐπεὶ
648 2005 721 2010 -
762 1976 950 2041 δάκρυα
989 1973 1077 2039 μὲν
1116 1972 1272 2025 ὁπόσα
1318 1974 1469 2037 εἰκός,
1515 1971 1612 2021 ἀπὸ
1658 1971 1779 2020 πάν-

100 2066 199 2098 των
237 2046 468 2114 ὀμμάτων
506 2049 682 2116 ἐρρύη,
730 2050 944 2099 κωλύσαι
985 2047 1036 2099 δὲ
1077 2047 1168 2098 οὐκ
1207 2067 1279 2098 ενι
1325 2047 1414 2112 τὴν
1459 2045 1707 2109 τελευτήν,
1754 2041 1782 2092 ὃ

31 2139 33 2143 ·
102 2122 275 2173 λοιπὸν
314 2122 403 2188 μέν
433 2123 580 2189 ἐστιν,
621 2123 790 2194 ἐκείνῳ
822 2121 873 2173 δε
906 2123 1108 2188 μάλιστα
1148 2119 1509 2188 κεχαρισμένον,
1547 2126 1781 2182 ποιῶμεν,

10 2616 55 3094 mser-im*
14 2628 15 2631 ‘
36 2602 50 2611 3
18 2404 41 2575 {amn-»2224
18 2350 41 2385 ⁴3·
11 2315 15 2333 ”

101 2194 156 2245 έν
192 2193 354 2256 αλλοις
393 2196 654 2264 ἀκροαταῖς
683 2197 801 2290 ,περὶ
836 2205 933 2247 τῶν
964 2196 1153 2247 ἐκείνου
1184 2215 1227 2244 τι
1259 2193 1490 2261 λέγοντες
1523 2192 1780 2256 ἐπειδήπερ

101 2267 247 2330 αὐτὸς
286 2269 515 2336 ἐκωλύθη
554 2272 640 2323 τὸν
679 2271 882 2322 ἔπαινον
921 2264 991 2320 ὧν
1030 2270 1234 2335 επραξεν
1273 2267 1491 2317 ἀκοῦσαι.
1542 2268 1649 2316 Vox
1681 2269 1777 2314 λοι-

100 2342 197 2393 πὸν
235 2346 420 2407 optime
460 2363 510 2395 se
548 2347 721 2406 habet,
775 2348 914 2395 cuius
964 2346 1072 2395 loco
1121 2346 1163 2392 si
1201 2344 1437 2392 vellemus
1478 2357 1589 2389 curn
1628 2341 1780 2387 Asmo

101 2417 323 2482 λυπηρὸν
372 2420 608 2482 scribere,
658 2421 858 2469 dativus
912 2434 1149 2482 personae
1203 2417 1499 2479 respondens
1554 2414 1779 2476 sequenti

101 2487 269 2540 ἐκείνω
309 2491 363 2542 δέ
400 2494 775 2543 desideraretur.

210 2582 258 2627 Ρ
285 2569 499 2629 244,16
541 2566 623 2617 καὶ
662 2568 710 2617 τί
744 2586 791 2616 τε
832 2564 862 2630 ἡ
903 2565 1041 2631 ψυχὴ
1081 2563 1162 2613 καὶ
1209 2564 1368 2613 πόθεν
1415 2561 1522 2625 η’κει
1567 2558 1647 2609 καὶ
1694 2562 1786 2606 ποῖ

101 2638 355 2705 πορεύεται
403 2639 486 2690 καὶ
531 2642 628 2691 τίσι
673 2642 948 2707 βαπτίζεται
1002 2636 1083 2687 καὶ
1136 2638 1263 2686 τίσιν
1316 2636 1497 2700 αἴρεται
1550 2632 1631 2682 καὶ
1684 2632 1778 2680 τίσι

101 2710 387 2762 καθέλκεται
431 2713 514 2764 καὶ
553 2715 648 2764 τίσι
687 2714 1038 2780 μετεωρίζεται,
1084 2710 1166 2760 καὶ
1205 2712 1253 2760 τί
1287 2707 1373 2799 μὲν
1414 2708 1535 2775 αὐτῇ
1585 2704 1775 2768 δεσμός,

99 2783 150 2832 τί
183 2782 236 2834 δὲ
274 2785 545 2853 ἐλευθερία,
583 2787 667 2837 καὶ
706 2795 811 2847 πῶς
849 2807 911 2836 αν
942 2785 1128 2852 γένοιτο
1168 2784 1220 2834 τὸ
1254 2802 1341 2847 μεν
1374 2786 1568 2846 φυγεῖν,
1607 2786 1692 2828 τοῦ
1725 2775 1777 2826 δὲ

98 2862 274 2923 τυχεῖν.
349 2862 623 2923 Responsio
671 2863 935 2910 manifesta
982 2860 1207 2907 binorum
1255 2855 1603 2913 vocabulorum
1642 2855 1778 2899 vetat

98 2931 302 2982 verbum
365 2934 550 3000 αἴρεται
605 2938 875 2984 attrectari.
960 2934 1051 2982 Est
1104 2934 1231 2980 enim
1287 2930 1567 2992 oppositum
1629 2924 1778 2973 verbo
