1992 3094
371 101 599 145 LIBANII
631 101 855 146 ORATIO
868 101 970 153 *AD
1003 100 1224 145 DICERE
1255 100 1574 145 NOLENTES
1708 99 1816 152 219

125 240 396 308 προσθείη
451 257 533 300 τις
587 236 657 290 ἂν
704 238 911 304 κύβους
957 256 1014 289 τε
1061 237 1151 289 καὶ
1196 238 1299 305 τὴν
1343 234 1468 306 περὶ
1515 238 1686 298 θεοὺς
1733 235 1818 288 ἐν-

123 333 307 380 ταῦθα
361 325 631 394 ἀσέβειαν.
709 331 824 379 ἴστε
878 327 983 394 γὰρ
1040 326 1111 388 ὡς
1166 325 1397 388 οὐδενὸς
1451 325 1480 377 ὅ
1536 344 1598 393 γε
1648 324 1816 393 ἡττώ-

121 434 287 483 μενος
326 413 578 484 ἀπέχεται
618 415 857 484 ῥήματος
894 413 986 467 καὶ
1017 413 1170 467 ἔστιν
1208 414 1347 483 ἡδύς
1384 434 1442 467 τε
1481 412 1571 466 καὶ
1603 412 1818 476 ἀστεῖος

123 503 353 571 ἀσεβῶν.
414 502 535 556 ἐᾶτε
573 500 675 570 μὲν
706 505 921 573 χαίρειν
960 503 1246 573 ὀρχηστάς,
1286 501 1406 555 ἐᾶτε
1447 503 1508 555 δὲ
1542 503 1816 572 ἡνιόχους.

122 601 344 662 χωρεῖτε
406 589 467 645 δὲ
529 594 676 662 παρὰ
737 594 868 655 τοὺς
929 594 1198 654 παλαιοὺς
1260 592 1496 661 ῥήτορας
1562 589 1653 644 καὶ
1720 592 1816 654 τὰς
1863 612 1883 645 5

124 681 364 750 γλώττας
403 679 758 749 ἐκκαθαίρετε
796 682 886 734 καὶ
925 681 1061 750 τάχα
1099 700 1181 743 τις
1220 681 1361 749 ὑμᾶς
1400 682 1590 744 ὄψεται
1628 679 1817 748 λέγον-

122 790 240 836 τας,
294 769 362 822 οὐ
418 779 753 833 σιωπῶντας.
833 771 915 823 18.
973 771 1021 822 εἰ
1068 768 1128 822 δ’
1159 770 1261 823 οὐκ
1308 772 1459 822 ε”στιν
1504 769 1639 838 ὑμῖν
1678 769 1818 831 ὅλως

122 858 426 927 ἀποστῆναι
473 869 585 911 τῶν
630 861 904 912 παιδικῶν
942 857 1187 926 ἐκείνων,
1237 859 1499 928 συμφορὰ
1544 858 1646 927 μὲν
1685 858 1815 927 ἀγα-

120 955 232 1000 πᾶν
269 949 335 1001 τὰ
377 950 697 1017 ζημιοῦντα,
744 949 902 1017 ὑμεῖς
941 949 1003 1001 δὲ
1045 953 1170 1001 ἴσον
1210 946 1446 1020 ἑκατέρω
1493 946 1699 1016 νέμετε,
1746 953 1821 1019 τῷ

121 1055 180 1089 τε
217 1038 426 1107 χείρονι
464 1043 539 1109 τῷ
571 1056 630 1089 τε
668 1039 927 1106 βελτίονι.
999 1039 1179 1090 καίτοι
1217 1044 1326 1089 ποῦ
1366 1044 1530 1090 τοῦτο
1572 1037 1814 1101 δίκαιον;
1841 1059 1883 1090 10

122 1123 240 1178 ἀλλ’
273 1126 417 1192 ὅμως
449 1122 666 1194 δίδωμι.
726 1127 1101 1195 δεδείπνηκας.
1162 1127 1234 1194 μὴ
1269 1126 1518 1195 διάτριβε
1542 1134 1607 1196 τῇ
1630 1127 1815 1195 μνήμῃ

121 1213 246 1282 περὶ
284 1217 416 1277 τοὺς
453 1216 713 1284 ἡνιόχους
749 1219 754 1277 Ι
790 1214 984 1284 ἐρίζων
1022 1215 1161 1282 πρὸς
1191 1215 1291 1267 τὸν
1323 1213 1557 1283 οἰκέτην,
1597 1213 1668 1282 ἢν
1698 1227 1904 1271 RH292

119 1301 310 1371 μηδεὶς
359 1304 522 1366 ἄλλος
572 1312 743 1374 παρῇ,
800 1303 928 1357 ἀλλ’
960 1305 1321 1373 αἰτησάμενος
1369 1305 1593 1372 βιβλίον
1641 1302 1817 1371 θήξας

119 1392 222 1460 τὴν
266 1397 513 1460 γλῶτταν
557 1393 800 1445 κάθευδε
846 1392 951 1446 κάν
996 1401 1115 1456 ταῖς
1159 1392 1518 1463 μακροτέραις
1561 1402 1673 1445 τῶν
1718 1413 1815 1445 νυ-

120 1490 266 1534 κτῶν
299 1475 396 1552 ᾆδε
428 1483 560 1548 μετὰ
591 1492 703 1535 τῶν
743 1482 1126 1553 ἀλεκτρυόνων
1158 1483 1237 1544 εἰς
1269 1480 1480 1551 ἀγοράν
1516 1501 1575 1534 τε
1614 1479 1815 1549 ἐλθών,
1841 1503 1883 1536 15

122 1570 191 1639 ἢν
222 1571 287 1623 τὰ
317 1571 607 1641 πράγματα
638 1571 863 1641 παρέχῃ,
902 1572 974 1639 μὴ
1007 1572 1192 1637 νόμιζε
1225 1571 1496 1639 αἰσχύνην
1529 1569 1815 1640 ὀφλήσειν,

120 1657 192 1727 ἢν
241 1659 427 1730 ὀφθῇς
473 1658 532 1712 ἐκ
586 1662 810 1728 βιβλίου
866 1680 916 1712 τι
973 1659 1282 1728 λαμβάνων.
1363 1659 1445 1711 19.
1500 1660 1672 1712 ταῦτά
1726 1673 1814 1712 σοι

120 1749 291 1802 καλὸν
344 1751 562 1817 ποιήσει
615 1749 676 1801 τὸ
732 1751 928 1817 στόμα,
983 1756 1155 1800 ταῦτα
1210 1747 1340 1816 ῥέον
1394 1746 1582 1816 δείξει,
1643 1755 1816 1800 ταῦτα

119 1837 341 1906 ταχεῖάν
378 1857 436 1890 τε
484 1837 854 1906 άπεργάσεταί
894 1851 984 1890 σοι
1027 1838 1129 1906 τὴν
1166 1842 1416 1904 γλῶτταν
1453 1835 1544 1889 καὶ
1586 1836 1695 1904 ἅμα
1734 1839 1815 1890 αἰ-

119 1928 239 1988 τίας
275 1928 577 1995 κρείττονα,
617 1926 722 1979 ἀπὸ
762 1927 962 1995 ταύτης
1002 1926 1386 1994 οἰκοδομήσεις
1432 1927 1814 1994 λαμπρότερον
1838 1947 1882 1980 20

120 2012 212 2068 καὶ
266 2017 596 2085 γεωργήσεις
657 2016 887 2068 κάλλιον
939 2015 1029 2067 καὶ
1082 2016 1357 2067 πλειόνων
1419 2013 1664 2067 ἐπίπλων
1717 2017 1812 2085 ἔσῃ

123 2103 389 2172 δεσπότης
441 2105 532 2157 καὶ
585 2106 716 2167 τοὺς
770 2105 905 2174 ἐμοῦ
959 2123 1017 2156 τε
1070 2101 1162 2156 καὶ
1214 2111 1316 2156 σοῦ
1371 2110 1816 2172 κατηγοροῦντας

122 2189 467 2261 ἐπιστομιεῖς,
507 2193 580 2256 ὡς
619 2193 686 2245 οὐ
726 2173 1084 2262 μεταβάλλων
1122 2191 1188 2260 γέ
1222 2212 1275 2244 τι
1306 2201 1418 2244 τῶν
1448 2199 1557 2245 νῦν
1589 2191 1650 2245 ἐν
1682 2191 1814 2245 ἄδυ-

123 2283 305 2351 ναμίᾳ-
329 2282 518 2351 βιώσῃ.

243 2461 297 2500 10
330 2457 387 2500 cf.
412 2457 506 2501 t.11
531 2462 785 2513 387‚13sq.
912 2461 966 2499 13
999 2456 1056 2500 ef.
1084 2456 1155 2499 t.1
1180 2459 1281 2510 502,
1302 2461 1325 2498 3

243 2623 265 2662 1
298 2617 367 2669 τίς
398 2621 444 2663 Β
565 2624 590 2663 2
625 2617 844 2677 ἀσέβειαν
877 2618 1043 2691 scripsi
1075 2618 1179 2662 coll.
1204 2617 1234 2661 l.
1253 2622 1280 2660 4
1312 2619 1493 2676 ἀσεβῶν
1570 2617 1812 2676 ἀσέλγειαν

123 2675 233 2720 libri
256 2678 325 2721 Re
384 2731 386 2733 ,
444 2684 472 2722 4
504 2677 586 2735 μὲν
611 2693 687 2722 om
706 2679 765 2721 M
881 2682 907 2720 6
938 2694 1008 2727 τις
1025 2678 1069 2720 Β
1097 2679 1102 2733 1
1133 2675 1301 2733 ὄψεται
1325 2678 1445 2734 ὑμᾶς
1466 2679 1502 2720 Ι
1618 2682 1642 2720 7
1676 2678 1718 2721 εἰ
1741 2674 1809 2736 δ’]

128 2735 236 2779 οὐδὲ
263 2738 348 2781 Mo
477 2741 502 2780 9
537 2733 638 2782 ἴσον
666 2739 750 2782 Mo
778 2740 784 2794 Ι
813 2735 1042 2791 ἑκατέρων
1068 2737 1152 2779 Mo
1185 2735 1265 2780 sed
1292 2753 1318 2779 ν
1353 2750 1469 2790 eras,
1494 2738 1523 2780 1
1639 2741 1692 2780 15
1723 2744 1817 2780 τῶν

125 2806 203 2837 om
221 2795 341 2840 GMO
368 2796 374 2854 Ι
402 2795 484 2841 δὲ’.)
609 2802 660 2840 17
687 2798 847 2855 βίβλου
875 2795 997 2839 CMO
1026 2797 1031 2851 Ι
1058 2792 1103 2838 τί
1129 2796 1343 2840 MoIBV
1464 2800 1515 2838 19
1542 2809 1614 2839 σοι
1638 2795 1813 2838 inserui

123 2864 151 2895 e
179 2852 312 2897 libris
402 2869 475 2899 om
513 2855 581 2898 Re
762 2859 818 2898 20
864 2851 1055 2908 κρείττω
1088 2855 1132 2897 V
1165 2855 1246 2898 sed
1278 2871 1313 2898 ω
1347 2868 1401 2898 ex
1434 2871 1520 2898 ονα
1561 2868 1663 2898 corr
1685 2854 1754 2897 m²

126 2915 181 2954 23
214 2911 500 2970 ἐπιστομιεῖς.
535 2913 602 2958 Re
630 2918 634 2968 Ι
663 2915 718 2958 οὐ
751 2927 807 2957 ex
839 2914 880 2957 εἰ
912 2927 1013 2957 corr
1036 2916 1070 2957 I
1090 2914 1096 2971 Ι
1124 2913 1184 2970 μὴ
1216 2913 1510 2971 μεταβάλλων
1535 2915 1566 2956 Ι
1596 2916 1602 2969 Ι
1631 2929 1680 2970 γε
1710 2911 1754 2957 τί
1787 2915 1822 2957 Ι
