1992 3094
521 109 749 155 LIBANII
779 110 1004 155 ORATIO
1036 112 1118 155 AD
1151 111 1553 156 TIMOCRATEM
1778 113 1882 166 301

196 244 351 302 οὗτοι
391 249 686 316 φαίνονται
726 249 1099 316 σεσιγηκότες,
1141 249 1267 318 περὶ
1314 245 1374 301 δὲ
1413 258 1525 301 τῶν
1563 250 1628 302 τὰ
1668 250 1887 318 εὔφημα

194 344 365 390 ταῦτα
427 337 703 405 εἰρηκότες
762 337 853 389 καὶ
924 337 1051 389 οὔτε
1121 335 1368 400 ἐκείνους
1428 337 1724 406 ἀφείλοντο
1786 339 1887 406 τὴν

193 425 400 493 ἀμείνω
442 424 609 488 δόξαν
645 425 771 477 οὔτε
811 425 1044 488 τούτους
1076 425 1480 489 ἀπαλλάξαντες
1509 434 1604 496 τῆς
1638 430 1887 496 χείρονος

191 514 535 583 περιέθηκαν
580 515 681 582 τὴν
725 516 936 583 βελτίω.
1013 516 1069 567 τί
1110 517 1306 567 τοίνυν
1344 524 1456 567 τῶν
1496 515 1784 584 εὐφημιῶν
1822 517 1883 569 τὸ

192 602 409 671 κέρδος;
459 604 563 671 ἤδη
614 602 678 655 δέ
721 623 875 665 τινας
921 601 1012 655 καὶ
1063 606 1333 672 χρηστοὺς
1382 605 1515 673 μετὰ
1556 614 1669 657 τῶν
1717 623 1886 673 πονη-

193 691 436 762 ροτέρων
475 690 773 763 ἐπῄνεσαν,
821 691 962 744 ὥσθ’
999 692 1167 762 ὕβριν
1207 689 1349 745 εἶναι
1388 701 1504 755 τοῖς
1540 694 1784 760 βελτίοσι
1822 695 1883 747 τὸ

191 788 432 849 πρᾶγμα,
472 782 519 833 εἰ
558 790 670 834 τῶν
710 785 846 833 ἴσων
884 778 1083 850 ἔτυχον
1119 790 1235 843 τοῖς
1275 781 1376 834 οὐκ
1418 786 1570 845 ἴσοις.

308 869 391 922 14.
432 871 641 923 Σκόπει
675 867 737 922 δὲ
766 869 1007 938 κάκεῖνο,
1047 871 1389 938 Τιμόκρατες.
1443 867 1581 939 ἧκον
1609 870 1667 924 ἐκ
1685 869 1886 940 Ῥώμης

193 958 260 1011 οὐ
299 960 467 1012 πάλαι
506 955 635 1011 ποτὲ
674 965 770 1026 τῆς
807 957 1070 1027 ἡμετέρας
1105 958 1362 1028 ἄρξοντες
1394 959 1562 1028 ἄνδρε
1602 960 1705 1013 δύο
1736 962 1883 1013 καλώ

190 1067 250 1101 τε
295 1047 552 1116 κάγαθώ,
608 1048 827 1116 δικαίω,
882 1046 1063 1118 πρᾴω,
1119 1050 1397 1116 φρονίμω,
1451 1047 1575 1117 περὶ
1627 1050 1885 1102 παιδείαν

192 1138 588 1206 διατετριφότε.
651 1132 815 1190 ὀὗτοι
853 1138 955 1205 τὴν
995 1136 1099 1189 ἀπὸ
1140 1146 1251 1190 τῶν
1282 1139 1465 1190 ἄλλων
1503 1137 1692 1200 αὐτοῖς
1730 1157 1885 1206 γενο-

191 1225 365 1295 μένην
404 1227 571 1289 δόξαν
610 1223 860 1293 ἔβλαψαν
893 1233 969 1298 τῷ
1002 1227 1098 1289 τὰς
1133 1227 1346 1279 τούτων
1384 1227 1517 1294 βοὰς
1555 1226 1693 1295 μέγα
1731 1230 1884 1295 νομί-

191 1329 284 1367 σαι
315 1315 406 1367 καὶ
439 1317 623 1368 καλόν.
692 1315 783 1368 καὶ
815 1322 925 1368 νῦν
956 1315 1120 1368 ὁπότε
1150 1335 1233 1377 τις
1264 1314 1388 1383 περὶ
1423 1315 1607 1368 αὐτῶν
1637 1317 1883 1383 γίγνοιτο

194 1406 374 1472 λόγος,
415 1405 466 1457 οἱ
508 1405 789 1473 δυσχερῶς
820 1402 1038 1473 ἔχοντες
1068 1405 1205 1473 πρὸς
1243 1403 1490 1466 ἐκείνους
1527 1402 1677 1456 ταῦτ’
1708 1402 1886 1457 ἐπεισ-

191 1492 420 1560 άγοντες
457 1493 691 1545 δοκοῦσί
726 1512 780 1545 τι
819 1491 1017 1561 λέγειν,
1059 1494 1109 1544 εἰ
1146 1491 1194 1544 δ’
1227 1490 1472 1555 ἐκείνους
1503 1512 1584 1554 τις
1616 1490 1884 1546 ἐπεπείκει

1933 628 1952 659 5

1911 1072 1952 1103 10

1911 1513 1951 1546 15

191 1582 264 1650 μὴ
305 1580 445 1649 μέγα
475 1583 699 1648 νομίσαι
731 1581 826 1643 τὰς
861 1580 866 1650 Ι
902 1581 1053 1648 βοάς,
1091 1577 1234 1648 ἦσαν
1273 1579 1343 1633 ἂν
1382 1581 1474 1633 διὰ
1512 1581 1736 1634 πάντων
1767 1594 1972 1638 RH385

192 1670 476 1739 ἄμεμπτοι.
557 1669 639 1722 15.
697 1670 841 1723 οὕτω
875 1668 924 1722 δ’
957 1665 1026 1723 αὖ
1059 1678 1237 1731 κακῶς
1268 1679 1524 1739 φρονεῖτε
1555 1669 1681 1739 περὶ
1720 1672 1884 1724 τοῦδε

192 1766 292 1811 τοῦ
341 1759 658 1827 πράγματος
707 1758 799 1812 καὶ
851 1761 1100 1812 δείκνυτε
1146 1760 1247 1827 τὴν
1297 1759 1480 1826 λύπην
1530 1760 1631 1827 τὴν
1681 1758 1770 1812 ἐπὶ
1818 1769 1882 1830 τῇ

192 1855 395 1918 σιωπῇ,
445 1846 570 1901 ὥστ’
611 1845 743 1901 οὐδὲ
791 1849 884 1900 διὰ
929 1856 1029 1900 τοῦ
1077 1849 1315 1916 κήρυκος
1356 1847 1565 1900 ὀκνεῖτε
1603 1849 1706 1916 τὴν
1743 1850 1884 1917 βοὴν

192 1937 381 1989 αἰτεῖν.
451 1938 511 1990 τὸ
545 1938 649 2007 γὰρ
683 1937 758 1990 οὐ
798 1939 947 1990 λίαν
984 1936 1149 2006 ὑμᾶς
1187 1939 1475 2005 γνωρίζω
1514 1937 1652 2002 πρὸς
1682 1936 1885 1999 αὐτοὺς

192 2023 376 2093 λέγειν
410 2026 501 2078 καὶ
539 2026 600 2079 τὸ
641 2030 707 2078 τί
740 2028 1147 2095 μεμφόμενοι
1187 2025 1508 2093 κάθησθε;
1547 2025 1638 2077 καὶ
1670 2026 1730 2077 τὸ
1769 2034 1882 2079 τοῦ

193 2115 384 2184 χάριν
423 2117 833 2183 σεσιγήκατε;
879 2113 970 2167 καὶ
1017 2115 1078 2167 τὸ
1124 2113 1286 2180 ὑμᾶς
1329 2113 1567 2175 αὐτούς
1605 2134 1712 2182 μοι
1753 2115 1884 2167 δεί-

193 2201 362 2271 ξατε,
416 2211 588 2256 ταῦτα
642 2202 732 2257 καὶ
783 2205 849 2256 τὰ
898 2211 1128 2256 τοιαῦτα
1177 2203 1630 2269 προσαιτούντων
1680 2201 1750 2255 ἂν
1799 2209 1880 2271 εἰη

193 2301 384 2361 σαφῶς
422 2293 487 2344 τὰ
525 2293 672 2359 παρὰ
710 2294 939 2346 τούτων.
1005 2293 1063 2344 ὀἱ
1103 2290 1151 2344 δ’
1184 2289 1270 2344 ἐπὶ
1310 2292 1529 2354 τούτοις
1560 2290 1882 2359 ἀναπηδῶν-

192 2399 280 2442 τες
310 2383 772 2450 καταβεβληκότες
804 2382 985 2449 ὥσπερ
1019 2379 1080 2433 ἐν
1111 2380 1254 2449 πάλῃ
1286 2382 1384 2432 τὸν
1416 2380 1652 2448 ἄρχοντα
1690 2399 1882 2447 παροι-

312 2545 338 2583 8
370 2543 403 2585 t.
436 2540 500 2583 111
531 2545 601 2593 97,
621 2545 645 2584 5
665 2556 729 2597 sq.
750 2541 791 2584 R
852 2541 908 2584 cf.
937 2540 1114 2584 Sievers
1146 2554 1189 2596 p.
1210 2544 1293 2583 262
1328 2539 1409 2595 qui
1441 2539 1497 2582 de
1529 2546 1629 2582 τοῖν
1658 2539 1883 2595 ἀδελφοῖν

193 2598 425 2655 epistulae
458 2604 542 2643 938
575 2600 814 2658 cogitavit,
844 2614 1012 2656 parum
1043 2600 1181 2653 recte,
1212 2600 1266 2642 ut
1295 2598 1411 2641 mihi
1444 2598 1626 2641 videtur

313 2751 339 2789 5
371 2748 452 2791 καὶ
484 2762 559 2791 om
590 2748 724 2804 Bong
757 2751 763 2804 Ι
801 2747 1026 2805 χρηστοὺς
1056 2748 1102 2790 Ρ
1131 2746 1212 2790 sed
1244 2760 1322 2790 στο
1354 2745 1403 2788 in
1432 2759 1509 2789 ras
1540 2744 1609 2787 111²
1729 2751 1754 2789 6
1787 2753 1884 2798 τοῖς

195 2817 270 2847 om
300 2805 434 2863 Bong
600 2812 622 2849 7
655 2814 753 2856 τοῖς
785 2807 868 2850 οὐκ
900 2805 1035 2863 ἴσοις]
1071 2806 1156 2849 οὐκ
1189 2803 1280 2849 ἴσοι
1311 2805 1444 2861 Bong
1605 2811 1630 2847 9
1664 2805 1759 2848 δύω
1786 2805 1830 2848 V

198 2868 252 2906 10
283 2864 416 2917 πράω
449 2865 575 2910 PIV
714 2870 766 2909 12
798 2866 880 2924 τῷ]
914 2865 964 2908 τὸ
1001 2865 1038 2909 C
1188 2868 1240 2907 13
1273 2865 1426 2908 αὐτῶν
1457 2864 1492 2906 Ι
1516 2863 1597 2906 sed
1630 2880 1657 2906 ν
1689 2863 1783 2907 add
1814 2864 1883 2907 m⁸

258 2927 309 2965 15
341 2921 412 2973 τίς
442 2924 521 2967 IV
638 2929 693 2967 24
726 2923 772 2968 οἳ
803 2927 848 2968 A
911 2922 1032 2968 οἴΡ
1061 2923 1143 2967 sed
1173 2922 1184 2935 ‘
1219 2923 1267 2966 in
1298 2937 1373 2966 ras
1406 2922 1488 2977 ω’,
1521 2922 1602 2966 IV

1908 1960 1951 1992 20

1901 2382 1949 2435 *25
