1992 3094
104 631 123 663 5

82 1074 123 1106 10

81 1517 121 1549 15

149 122 258 174 300
680 119 908 163 LIBANH
940 118 1164 163 ORATIO
1197 119 1298 162 XLI

148 268 262 320 πῶς
309 257 378 310 ἂν
424 259 489 310 τὰ
537 257 746 325 ῥήματα
791 257 1029 322 τούτων,
1085 256 1132 307 εἰ
1187 253 1278 308 καὶ
1334 255 1680 325 εὐφημότερά
1726 275 1843 319 πως

150 352 249 414 εἴη,
289 347 529 415 χρηστὸν
568 344 638 397 ἂν
676 347 822 413 ἔχειν
860 364 912 397 τι
952 346 1253 410 νομίζοιεν;

263 435 344 486 11.
399 435 497 502 Νὴ
538 435 687 501 Δία,
733 433 801 485 τὸ
842 434 958 501 γάρ
1001 437 1350 500 φιλεῖσθαι
1389 434 1558 500 παρὰ
1596 435 1842 496 πόλεως

148 525 368 591 καλόν,
416 521 599 576 τουτὶ
641 521 688 575 δ’
730 521 807 575 ἂν
855 527 952 590 εἴη
1000 529 1114 574 τοῦ
1163 525 1512 590 φιλεῖσθαι
1553 530 1840 590 σημεῖον.

147 614 310 665 πόλιν
360 613 462 681 γὰρ
513 611 617 681 ἡγῇ
669 612 928 664 τουτουσὶ
980 612 1110 673 τοὺς
1161 610 1448 678 ἀπόλιδας,
1498 612 1663 664 πόλιν
1711 613 1842 673 τοὺς

149 700 396 768 ἀοίκους,
443 702 606 753 πόλιν
644 702 775 762 τοὺς
814 699 1083 768 ἀγάμους,
1132 692 1215 761 οἷς
1261 700 1399 767 καλὴ
1447 696 1550 768 μὲν
1597 700 1674 762 εἰς
1714 701 1852 767 βίον,

149 789 378 858 οὐδεμία
430 791 732 857 πρόφασις,
785 789 845 841 τὸ
894 790 1095 850 κακοὺς
1142 785 1203 840 δὲ
1252 783 1394 840 εἶναι
1444 786 1535 841 καὶ
1586 788 1647 840 τὸ
1703 789 1841 841 κακὰ

149 879 309 945 δρᾶν;
361 877 389 930 6
436 880 762 945 βουλευταῖς
809 877 1057 946 ἀρέσκων
1102 875 1194 929 καὶ
1244 877 1400 930 παισὶ
1446 885 1561 939 τοῖς
1610 878 1841 946 τούτων,

149 965 176 1018 6
225 974 339 1028 τοῖς
386 965 472 1018 ἐπὶ
522 976 632 1019 τῶν
679 965 862 1035 ἀρχῶν
913 965 1318 1035 ἐξητασμένοις,
1370 965 1398 1018 6
1449 974 1565 1028 τοῖς
1615 966 1840 1018 παιδεύ-

149 1069 326 1122 ουσιν,
368 1054 395 1107 6
436 1064 551 1117 τοῖς
588 1054 1033 1123 παιδευομένοις,
1077 1055 1106 1108 6
1146 1063 1261 1117 τοῖς
1299 1062 1536 1108 πονοῦσι
1575 1054 1701 1120 περὶ
1739 1055 1843 1122 τὴν

148 1151 269 1211 γῆν,
311 1143 338 1196 ὁ
380 1153 494 1206 τοῖς
532 1143 870 1213 παρέχουσιν
909 1144 1111 1206 αὑτοὺς
1141 1153 1258 1206 τοῖς
1290 1143 1665 1213 δικαζομένοις
1705 1156 1841 1210 συμ-

147 1233 369 1301 μάχους,
410 1232 438 1285 6
477 1242 591 1295 τοῖς
631 1232 735 1285 ἀπὸ
775 1242 886 1285 τῶν
926 1241 1126 1302 χειρῶν
1163 1231 1518 1300 ποιουμένοις
1559 1233 1658 1284 τὸν
1696 1233 1841 1300 βίον,

148 1320 175 1373 6
232 1330 346 1383 τοῖς
400 1319 480 1374 ἐπ’
528 1320 761 1392 ἐμπορίᾳ
814 1321 1106 1389 πλέουσιν,
1162 1321 1191 1374 6
1246 1322 1480 1383 τούτους
1529 1320 1704 1374 ἕλκων
1758 1313 1842 1382 οἷς

146 1418 294 1462 ποιεῖ
339 1410 427 1462 καὶ
476 1414 662 1478 φιλεῖν
701 1410 872 1462 αὑτὸν
920 1410 1245 1464 ἀναπείθων
1285 1405 1446 1473 οὗτος
1485 1410 1592 1462 ὑπὸ
1632 1411 1844 1471 πόλεως

148 1499 219 1560 ὡς
259 1498 480 1567 ἀληθῶς
519 1502 773 1569 φιλεῖται.
848 1499 876 1552 6
918 1498 966 1551 δ’
999 1499 1105 1552 ὑπὸ
1146 1497 1380 1552 τουτωνὶ
1419 1508 1532 1551 τῶν
1570 1499 1843 1550 καταπτύ-

59 1598 156 1640 RII
175 1603 260 1642 384
294 1601 440 1640 στων
479 1589 839 1656 φιλούμενος,
889 1586 896 1656 Ι
943 1589 1125 1655 δῶμεν
1163 1588 1295 1657 γάρ,
1344 1587 1444 1656 οὐχ
1484 1587 1591 1639 ὑπὸ
1631 1589 1844 1648 πόλεως

80 1961 122 1993 20

147 1679 409 1743 φιλεῖται,
452 1679 653 1740 πόθεν;
695 1675 811 1729 ἀλλ’
850 1677 958 1729 ὑπὸ
999 1678 1309 1745 νοσήματος
1346 1678 1572 1743 πόλεως,
1612 1669 1679 1728 οὗ
1718 1673 1840 1743 κέρ-

147 1764 241 1826 δος
281 1763 350 1816 ἂν
397 1761 465 1832 ἦν
513 1764 862 1834 ἀπηλλάχθαι
909 1766 1010 1834 τὴν
1047 1767 1226 1818 πόλιν.
1306 1765 1388 1818 12.
1442 1767 1498 1817 τί
1535 1762 1583 1816 δ’
1617 1763 1686 1816 ἂν
1727 1758 1841 1816 εἷεν

146 1853 199 1905 οἱ
245 1854 350 1922 πρὸ
398 1862 508 1906 τῶν
557 1857 763 1921 ζευγῶν
809 1854 943 1920 ὑμῖν
997 1851 1152 1907 οὗτοι
1206 1855 1272 1907 τὰ
1323 1851 1535 1924 ᾄσματα
1585 1852 1839 1921 λέγοντες

146 1941 282 2008 πρὸς
326 1942 421 2003 τὰς
466 1943 735 2004 τοσαύτας
772 1943 1045 2012 μυριάδας
1089 1946 1149 1995 αἳ
1191 1946 1291 2011 τήν
1337 1962 1394 1995 τε
1441 1944 1604 1994 πόλιν
1651 1944 1836 2010 ἔχουσι

145 2030 235 2082 καὶ
267 2030 332 2082 τὰ
362 2031 575 2083 τούτων
607 2032 1094 2101 δυσχεραίνουσιν;
1136 2033 1182 2084 εἰ
1217 2030 1266 2083 δ’
1290 2032 1343 2084 οἰ
1375 2028 1478 2100 μὲν
1507 2027 1647 2100 ὑπὲρ
1679 2030 1838 2096 ὑμῶν

147 2118 414 2186 εὔχοιντο,
439 2126 755 2191 καταρῷντο
787 2117 847 2172 δὲ
878 2119 1013 2188 ὑμῖν
1039 2122 1090 2173 οὶ
1116 2120 1376 2187 ἀμείνους
1399 2139 1457 2172 τε
1480 2120 1572 2172 καὶ
1595 2120 1836 2186 πλείους,

146 2215 258 2268 πῶς
328 2207 392 2258 οὐ
463 2208 861 2276 κακοδαίμονες
931 2201 1014 2271 οἷς
1079 2209 1251 2261 ταῦτά
1314 2207 1464 2262 ἐστιν
1533 2207 1837 2276 ἀμφότερα;

150 2294 230 2345 13.
272 2296 350 2346 ἔτι
389 2297 582 2347 τοίνυν
620 2299 842 2349 πολλῶν
880 2297 982 2364 μὲν
1021 2297 1305 2366 ἀρχόντων
1343 2296 1471 2365 παρ’
1509 2298 1640 2365 ἡμῖν
1679 2316 1836 2364 γενο-

80 2403 97 2434 2
145 2381 327 2450 μένων
362 2393 560 2450 κακῶν,
602 2384 806 2452 ὀλίγων
847 2385 911 2437 δέ
945 2405 1115 2438 τινων
1155 2386 1385 2453 ἀγαθῶν
1427 2384 1551 2454 περὶ
1584 2382 1686 2453 μὲν
1724 2393 1838 2437 τῶν

265 2518 289 2555 2
315 2530 358 2556 τι
382 2514 506 2558 inser
528 2515 561 2556 I
570 2513 586 2538 ²
706 2520 733 2557 4
757 2515 808 2558 τὸ
835 2523 1023 2572 σημεῖον
1047 2516 1180 2572 Bong
1301 2522 1326 2559 5
1353 2513 1488 2559 πόλιν
1512 2516 1621 2566 τοὺς
1644 2513 1837 2564 ἀοίκους

147 2585 221 2614 om
245 2572 377 2628 Bong
500 2578 522 2615 7
557 2572 734 2618 εἰδέναι
759 2575 802 2617 V
920 2580 972 2618 13
1006 2579 1112 2631 post
1142 2582 1242 2626 τοῖς
1263 2589 1339 2618 ras
1366 2579 1481 2618 3—4
1504 2575 1584 2617 litt
1615 2577 1675 2631 ΙΙ
1705 2571 1779 2618 ἐπ’
1806 2575 1844 2616 Ι

147 2631 227 2673 sed
260 2631 280 2675 ἐ
312 2631 359 2674 in
392 2646 466 2675 ras
498 2631 568 2675 m²
690 2638 744 2675 14
777 2633 920 2677 αὑτὸν
953 2633 1117 2690 scripsi
1179 2634 1322 2678 αὐτὸν
1346 2634 1457 2677 libri
1481 2634 1573 2677 edd
1695 2637 1749 2676 15
1783 2631 1835 2677 δὲ

146 2689 213 2732 Re
344 2695 396 2734 19
429 2691 538 2746 ἡμῖν
566 2692 608 2735 V
734 2695 789 2734 20
820 2693 1048 2742 τοσαύτας
1078 2692 1127 2735 in
1159 2707 1233 2736 ras
1266 2692 1323 2736 Ι2
1365 2695 1370 2750 l
1412 2692 1496 2748 τήν
1527 2693 1594 2750 τε]
1627 2692 1711 2747 τὴν
1736 2692 1776 2734 V

148 2752 197 2789 21
235 2749 284 2792 δὲ
310 2749 378 2791 Re
499 2755 553 2792 22
579 2757 871 2804 καταρῶνται
899 2752 967 2808 Vl
995 2752 1123 2807 ὑμῶν
1147 2752 1280 2808 Bong
1401 2756 1456 2794 23
1487 2748 1619 2795 ταῦτ’
1649 2751 1770 2795 ἐστὶν
1798 2751 1843 2795 V

206 2811 260 2850 25
293 2809 399 2861 περὶ
431 2809 593 2864 scripsi
626 2823 649 2852 e
678 2810 720 2851 V
798 2810 873 2854 ἐπὶ
903 2810 1074 2865 reliqui
1104 2810 1213 2853 libri
1247 2811 1338 2854 edd
1421 2810 1474 2855 δὲ
1505 2811 1613 2866 post
1644 2810 1719 2854 ἐπὶ
1754 2809 1834 2853 CA

146 2864 227 2917 Re,
259 2879 334 2908 ras
368 2871 392 2908 2
425 2867 503 2909 litt
534 2869 611 2911 ΡΙ
667 2867 816 2911 delevi
849 2882 953 2911 cum
987 2869 1167 2912 Sinteni
1206 2872 1210 2925 1
1251 2869 1333 2926 μὲν
1365 2877 1456 2913 τῶν
1490 2869 1653 2925 scripsi
1687 2882 1710 2911 e
1737 2869 1779 2913 V

146 2931 235 2967 τῶν
268 2924 349 2979 μὲν
381 2925 549 2979 reliqui
580 2925 688 2969 libri
721 2927 811 2970 edd
