<?xml version="1.0" encoding="UTF-8"?>
<!DOCTYPE html PUBLIC "-//W3C//DTD XHTML 1.0 Transitional//EN"
    "http://www.w3.org/TR/xhtml1/DTD/xhtml1-transitional.dtd">
<html xmlns="http://www.w3.org/1999/xhtml" xml:lang="en" lang="en">
 <head>
  <title>
</title>
<meta http-equiv="Content-Type" content="text/html;charset=utf-8" />
  <meta name='ocr-system' content='tesseract 3.04.00' />
  <meta name='ocr-capabilities' content='ocr_page ocr_carea ocr_par ocr_line ocrx_word'/>
</head>
<body>
  <div class='ocr_page' id='page_1' title='image "./operarecensuitri03libauoft_0393.png"; bbox 0 0 1992 3094; ppageno 0'>
   <div class='ocr_carea' id='block_1_1' title="bbox 490 120 1838 182">
    <p class='ocr_par' dir='ltr' id='par_1_1' title="bbox 490 120 1838 182">
     <span class='ocr_line' id='line_1_1' title="bbox 490 120 1838 182; baseline 0.015 -20"><span class='ocrx_word' id='word_1_1' title='bbox 490 120 717 164; x_wconf 85' lang='lat' dir='ltr'><strong>LIBANII</strong></span> <span class='ocrx_word' id='word_1_2' title='bbox 750 121 974 168; x_wconf 86' lang='lat' dir='ltr'><strong>ORATIO</strong></span> <span class='ocrx_word' id='word_1_3' title='bbox 1008 123 1125 169; x_wconf 90' lang='lat' dir='ltr'><strong><em>PRO</em></strong></span> <span class='ocrx_word' id='word_1_4' title='bbox 1159 125 1491 172; x_wconf 90' lang='lat' dir='ltr'>THALASSIO</span> <span class='ocrx_word' id='word_1_5' title='bbox 1732 130 1838 182; x_wconf 81' lang='grc'><strong><em>323</em></strong></span> 
     </span>
    </p>
   </div>
   <div class='ocr_carea' id='block_1_2' title="bbox 135 253 1919 2278">
    <p class='ocr_par' dir='ltr' id='par_1_2' title="bbox 135 253 1919 2278">
     <span class='ocr_line' id='line_1_2' title="bbox 147 253 1838 337; baseline 0.007 -30"><span class='ocrx_word' id='word_1_6' title='bbox 147 253 292 308; x_wconf 89' lang='grc' dir='ltr'><strong><em>τοῦτ’</em></strong></span> <span class='ocrx_word' id='word_1_7' title='bbox 332 254 577 308; x_wconf 78' lang='grc' dir='ltr'><strong><em>ἐποίουν.</em></strong></span> <span class='ocrx_word' id='word_1_8' title='bbox 655 258 703 310; x_wconf 88' lang='grc' dir='ltr'><strong><em>εἰ</em></strong></span> <span class='ocrx_word' id='word_1_9' title='bbox 751 259 854 325; x_wconf 83' lang='grc' dir='ltr'><strong><em>γὰρ</em></strong></span> <span class='ocrx_word' id='word_1_10' title='bbox 895 259 965 327; x_wconf 84' lang='grc' dir='ltr'><strong><em>δή</em></strong></span> <span class='ocrx_word' id='word_1_11' title='bbox 1003 280 1085 323; x_wconf 90' lang='grc' dir='ltr'><strong><em>τις</em></strong></span> <span class='ocrx_word' id='word_1_12' title='bbox 1123 258 1193 328; x_wconf 81' lang='grc' dir='ltr'><strong><em>ἧν</em></strong></span> <span class='ocrx_word' id='word_1_13' title='bbox 1231 262 1304 324; x_wconf 83' lang='grc' dir='ltr'><strong><em>ὡς</em></strong></span> <span class='ocrx_word' id='word_1_14' title='bbox 1344 262 1566 330; x_wconf 87' lang='grc' dir='ltr'><strong><em>ἀληθῶς</em></strong></span> <span class='ocrx_word' id='word_1_15' title='bbox 1599 262 1838 337; x_wconf 80' lang='grc' dir='ltr'><strong><em>Ὀπτάτῳ</em></strong></span> 
     </span>
     <span class='ocr_line' id='line_1_3' title="bbox 145 345 1839 422; baseline 0.006 -26"><span class='ocrx_word' id='word_1_16' title='bbox 145 351 245 397; x_wconf 89' lang='grc' dir='ltr'><strong><em>τοῦ</em></strong></span> <span class='ocrx_word' id='word_1_17' title='bbox 270 345 569 412; x_wconf 78' lang='grc' dir='ltr'><strong><em>συνεδρίου</em></strong></span> <span class='ocrx_word' id='word_1_18' title='bbox 595 347 775 413; x_wconf 96' lang='grc' dir='ltr'><strong><em>λόγος,</em></strong></span> <span class='ocrx_word' id='word_1_19' title='bbox 801 350 1147 415; x_wconf 88' lang='grc' dir='ltr'><strong><em>Σαβινιανὸν</em></strong></span> <span class='ocrx_word' id='word_1_20' title='bbox 1170 348 1472 419; x_wconf 81' lang='grc' dir='ltr'><strong><em>ἐξαλείφων</em></strong></span> <span class='ocrx_word' id='word_1_21' title='bbox 1496 351 1734 422; x_wconf 81' lang='grc' dir='ltr'><strong><em>ἐφαίνετ’</em></strong></span> <span class='ocrx_word' id='word_1_22' title='bbox 1756 355 1839 406; x_wconf 79' lang='grc' dir='ltr'><strong><em>ἄν.</em></strong></span> 
     </span>
     <span class='ocr_line' id='line_1_4' title="bbox 144 434 1840 507; baseline 0.006 -23"><span class='ocrx_word' id='word_1_23' title='bbox 144 436 328 499; x_wconf 85' lang='grc' dir='ltr'><strong><em>μεῖζον</em></strong></span> <span class='ocrx_word' id='word_1_24' title='bbox 374 434 478 501; x_wconf 81' lang='grc' dir='ltr'><strong><em>γὰρ</em></strong></span> <span class='ocrx_word' id='word_1_25' title='bbox 526 435 593 502; x_wconf 87' lang='grc' dir='ltr'><strong><em>δὴ</em></strong></span> <span class='ocrx_word' id='word_1_26' title='bbox 641 444 704 506; x_wconf 79' lang='grc' dir='ltr'><strong><em>τῇ</em></strong></span> <span class='ocrx_word' id='word_1_27' title='bbox 753 439 928 506; x_wconf 77' lang='grc' dir='ltr'><strong><em>βουλῇ</em></strong></span> <span class='ocrx_word' id='word_1_28' title='bbox 975 438 1113 503; x_wconf 89' lang='grc' dir='ltr'><strong><em>πρὸς</em></strong></span> <span class='ocrx_word' id='word_1_29' title='bbox 1159 440 1429 507; x_wconf 82' lang='grc' dir='ltr'><strong><em>αἰσχύνην</em></strong></span> <span class='ocrx_word' id='word_1_30' title='bbox 1475 434 1552 503; x_wconf 87' lang='grc' dir='ltr'><strong><em>εἷς</em></strong></span> <span class='ocrx_word' id='word_1_31' title='bbox 1589 449 1840 505; x_wconf 86' lang='grc' dir='ltr'><strong><em>τοιοῦτος</em></strong></span> 
     </span>
     <span class='ocr_line' id='line_1_5' title="bbox 145 520 1839 596; baseline 0.006 -23"><span class='ocrx_word' id='word_1_32' title='bbox 145 520 178 588; x_wconf 78' lang='grc' dir='ltr'>ἢ</span> <span class='ocrx_word' id='word_1_33' title='bbox 232 523 431 584; x_wconf 89' lang='grc' dir='ltr'><strong><em>πάντες</em></strong></span> <span class='ocrx_word' id='word_1_34' title='bbox 492 523 545 575; x_wconf 78' lang='grc' dir='ltr'><strong><em>οἱ</em></strong></span> <span class='ocrx_word' id='word_1_35' title='bbox 608 532 672 594; x_wconf 76' lang='grc' dir='ltr'><strong><em>τῇ</em></strong></span> <span class='ocrx_word' id='word_1_36' title='bbox 737 534 896 596; x_wconf 81' lang='grc' dir='ltr'><strong><em>φωνῇ</em></strong></span> <span class='ocrx_word' id='word_1_37' title='bbox 958 534 1023 596; x_wconf 76' lang='grc' dir='ltr'><strong><em>τῇ</em></strong></span> <span class='ocrx_word' id='word_1_38' title='bbox 1083 528 1290 596; x_wconf 82' lang='grc' dir='ltr'><strong><em>Σύρων</em></strong></span> <span class='ocrx_word' id='word_1_39' title='bbox 1351 533 1648 593; x_wconf 87' lang='grc' dir='ltr'><strong><em>καλοῦντες</em></strong></span> <span class='ocrx_word' id='word_1_40' title='bbox 1709 533 1839 594; x_wconf 87' lang='grc' dir='ltr'><strong><em>τοὺς</em></strong></span> 
     </span>
     <span class='ocr_line' id='line_1_6' title="bbox 146 610 1905 687; baseline 0.006 -25"><span class='ocrx_word' id='word_1_41' title='bbox 146 610 443 677; x_wconf 79' lang='grc' dir='ltr'><strong><em>δεομένους</em></strong></span> <span class='ocrx_word' id='word_1_42' title='bbox 496 611 684 675; x_wconf 86' lang='grc' dir='ltr'><strong><em>αὑτοῖς</em></strong></span> <span class='ocrx_word' id='word_1_43' title='bbox 742 615 975 682; x_wconf 77' lang='grc' dir='ltr'><strong><em>ἰαθῆναί</em></strong></span> <span class='ocrx_word' id='word_1_44' title='bbox 1025 634 1078 667; x_wconf 89' lang='grc' dir='ltr'><strong><em>τι</em></strong></span> <span class='ocrx_word' id='word_1_45' title='bbox 1133 624 1244 668; x_wconf 83' lang='grc' dir='ltr'><strong><em>τῶν</em></strong></span> <span class='ocrx_word' id='word_1_46' title='bbox 1299 615 1538 679; x_wconf 80' lang='grc' dir='ltr'><strong><em>ξυλίνων</em></strong></span> <span class='ocrx_word' id='word_1_47' title='bbox 1588 617 1837 687; x_wconf 78' lang='grc' dir='ltr'><strong><em>ἀγγείων.</em></strong></span> <span class='ocrx_word' id='word_1_48' title='bbox 1887 642 1905 673; x_wconf 89' lang='lat'>5</span> 
     </span>
     <span class='ocr_line' id='line_1_7' title="bbox 254 699 1836 773; baseline 0.006 -22"><span class='ocrx_word' id='word_1_49' title='bbox 254 699 340 752; x_wconf 80' lang='grc'><strong><em>32.</em></strong></span> <span class='ocrx_word' id='word_1_50' title='bbox 382 701 600 768; x_wconf 87' lang='grc' dir='ltr'><strong><em>Κύων,</em></strong></span> <span class='ocrx_word' id='word_1_51' title='bbox 641 704 831 770; x_wconf 89' lang='grc' dir='ltr'><strong><em>φησίν,</em></strong></span> <span class='ocrx_word' id='word_1_52' title='bbox 865 701 996 771; x_wconf 84' lang='grc' dir='ltr'><strong><em>εἰμὶ</em></strong></span> <span class='ocrx_word' id='word_1_53' title='bbox 1030 711 1140 771; x_wconf 84' lang='grc' dir='ltr'><strong><em>τῆς</em></strong></span> <span class='ocrx_word' id='word_1_54' title='bbox 1169 706 1426 773; x_wconf 85' lang='grc' dir='ltr'><strong><em>βουλῆς.</em></strong></span> <span class='ocrx_word' id='word_1_55' title='bbox 1487 715 1601 768; x_wconf 85' lang='grc' dir='ltr'><strong><em>πῶς</em></strong></span> <span class='ocrx_word' id='word_1_56' title='bbox 1633 702 1737 759; x_wconf 82' lang='grc' dir='ltr'><strong><em>οὖν</em></strong></span> <span class='ocrx_word' id='word_1_57' title='bbox 1769 708 1836 760; x_wconf 88' lang='grc' dir='ltr'><strong><em>οὐ</em></strong></span> 
     </span>
     <span class='ocr_line' id='line_1_8' title="bbox 145 786 1837 858; baseline 0.005 -18"><span class='ocrx_word' id='word_1_58' title='bbox 145 787 364 851; x_wconf 77' lang='grc' dir='ltr'><strong><em>δάκνεις</em></strong></span> <span class='ocrx_word' id='word_1_59' title='bbox 404 789 502 852; x_wconf 85' lang='grc' dir='ltr'><strong><em>οὓς</em></strong></span> <span class='ocrx_word' id='word_1_60' title='bbox 541 788 720 852; x_wconf 76' lang='grc' dir='ltr'><strong><em>ἄξιονς</em></strong></span> <span class='ocrx_word' id='word_1_61' title='bbox 769 786 924 845; x_wconf 82' lang='grc' dir='ltr'><strong><em>οὗτοι</em></strong></span> <span class='ocrx_word' id='word_1_62' title='bbox 969 792 1017 845; x_wconf 86' lang='grc' dir='ltr'><strong><em>δ’</em></strong></span> <span class='ocrx_word' id='word_1_63' title='bbox 1050 791 1118 844; x_wconf 80' lang='grc' dir='ltr'><strong><em>ἂν</em></strong></span> <span class='ocrx_word' id='word_1_64' title='bbox 1159 789 1269 846; x_wconf 83' lang='grc' dir='ltr'><strong><em>εἶεν</em></strong></span> <span class='ocrx_word' id='word_1_65' title='bbox 1308 795 1361 846; x_wconf 84' lang='grc' dir='ltr'><strong><em>οἱ</em></strong></span> <span class='ocrx_word' id='word_1_66' title='bbox 1400 798 1571 847; x_wconf 88' lang='grc' dir='ltr'><strong><em>κακοί.</em></strong></span> <span class='ocrx_word' id='word_1_67' title='bbox 1648 797 1837 858; x_wconf 82' lang='grc' dir='ltr'><strong><em>κακίας</em></strong></span> 
     </span>
     <span class='ocr_line' id='line_1_9' title="bbox 145 873 1837 950; baseline 0.005 -22"><span class='ocrx_word' id='word_1_68' title='bbox 145 873 204 928; x_wconf 78' lang='grc' dir='ltr'><strong><em>δὲ</em></strong></span> <span class='ocrx_word' id='word_1_69' title='bbox 261 877 382 945; x_wconf 74' lang='grc' dir='ltr'><strong><em>εἴδη</em></strong></span> <span class='ocrx_word' id='word_1_70' title='bbox 437 880 622 946; x_wconf 91' lang='grc' dir='ltr'><strong><em>μυρία.</em></strong></span> <span class='ocrx_word' id='word_1_71' title='bbox 716 878 777 932; x_wconf 81' lang='grc' dir='ltr'><strong><em>ἐν</em></strong></span> <span class='ocrx_word' id='word_1_72' title='bbox 832 874 916 943; x_wconf 80' lang='grc' dir='ltr'><strong><em>οἷς</em></strong></span> <span class='ocrx_word' id='word_1_73' title='bbox 970 879 1156 943; x_wconf 85' lang='grc' dir='ltr'><strong><em>οὐδεὶς</em></strong></span> <span class='ocrx_word' id='word_1_74' title='bbox 1210 880 1278 934; x_wconf 78' lang='grc' dir='ltr'><strong><em>ἂν</em></strong></span> <span class='ocrx_word' id='word_1_75' title='bbox 1331 884 1458 950; x_wconf 82' lang='grc' dir='ltr'><strong><em>θείη</em></strong></span> <span class='ocrx_word' id='word_1_76' title='bbox 1514 884 1837 937; x_wconf 82' lang='grc' dir='ltr'><strong><em>δεσποτείαν</em></strong></span> 
     </span>
     <span class='ocr_line' id='line_1_10' title="bbox 143 964 1835 1038; baseline 0.005 -21"><span class='ocrx_word' id='word_1_77' title='bbox 143 964 511 1032; x_wconf 77' lang='grc' dir='ltr'><strong><em>ἀνδραπόδων</em></strong></span> <span class='ocrx_word' id='word_1_78' title='bbox 550 968 783 1021; x_wconf 87' lang='grc' dir='ltr'><strong><em>εἰδότων</em></strong></span> <span class='ocrx_word' id='word_1_79' title='bbox 815 968 1143 1037; x_wconf 83' lang='grc' dir='ltr'><strong><em>ἐργάζεσθαι</em></strong></span> <span class='ocrx_word' id='word_1_80' title='bbox 1184 970 1331 1038; x_wconf 83' lang='grc' dir='ltr'><strong><em>ξίφη,</em></strong></span> <span class='ocrx_word' id='word_1_81' title='bbox 1371 969 1441 1024; x_wconf 87' lang='grc' dir='ltr'><strong><em>δι’</em></strong></span> <span class='ocrx_word' id='word_1_82' title='bbox 1474 965 1553 1023; x_wconf 84' lang='grc' dir='ltr'><strong><em>ὧν</em></strong></span> <span class='ocrx_word' id='word_1_83' title='bbox 1592 973 1707 1025; x_wconf 83' lang='grc' dir='ltr'><strong><em>ἔστι</em></strong></span> <span class='ocrx_word' id='word_1_84' title='bbox 1746 974 1835 1025; x_wconf 82' lang='grc' dir='ltr'><strong><em>καὶ</em></strong></span> 
     </span>
     <span class='ocr_line' id='line_1_11' title="bbox 142 1055 1902 1126; baseline 0.006 -20"><span class='ocrx_word' id='word_1_85' title='bbox 142 1055 334 1117; x_wconf 81' lang='grc' dir='ltr'><strong><em>σώζειν</em></strong></span> <span class='ocrx_word' id='word_1_86' title='bbox 371 1057 474 1124; x_wconf 85' lang='grc' dir='ltr'><strong><em>τὴν</em></strong></span> <span class='ocrx_word' id='word_1_87' title='bbox 512 1056 696 1110; x_wconf 82' lang='grc' dir='ltr'><strong><em>αὑτῶν</em></strong></span> <span class='ocrx_word' id='word_1_88' title='bbox 735 1056 826 1110; x_wconf 89' lang='grc' dir='ltr'><strong><em>καὶ</em></strong></span> <span class='ocrx_word' id='word_1_89' title='bbox 867 1058 1230 1126; x_wconf 85' lang='grc' dir='ltr'><strong><em>προστιθέναι</em></strong></span> <span class='ocrx_word' id='word_1_90' title='bbox 1274 1068 1388 1121; x_wconf 87' lang='grc' dir='ltr'><strong><em>τοῖς</em></strong></span> <span class='ocrx_word' id='word_1_91' title='bbox 1427 1055 1567 1112; x_wconf 84' lang='grc' dir='ltr'><strong><em>οὖσι.</em></strong></span> <span class='ocrx_word' id='word_1_92' title='bbox 1860 1084 1902 1116; x_wconf 82' lang='grc' dir='ltr'><strong><em>ιο</em></strong></span> 
     </span>
     <span class='ocr_line' id='line_1_12' title="bbox 251 1135 1834 1214; baseline 0.004 -18"><span class='ocrx_word' id='word_1_93' title='bbox 251 1143 338 1196; x_wconf 90' lang='grc'><strong><em>33.</em></strong></span> <span class='ocrx_word' id='word_1_94' title='bbox 394 1145 504 1198; x_wconf 84' lang='grc' dir='ltr'><strong><em>Καὶ</em></strong></span> <span class='ocrx_word' id='word_1_95' title='bbox 553 1135 691 1214; x_wconf 81' lang='grc' dir='ltr'><strong><em>πρὸς</em></strong></span> <span class='ocrx_word' id='word_1_96' title='bbox 728 1147 831 1213; x_wconf 83' lang='grc' dir='ltr'><strong><em>μὲν</em></strong></span> <span class='ocrx_word' id='word_1_97' title='bbox 882 1146 1141 1200; x_wconf 86' lang='grc' dir='ltr'><strong><em>Ὀπτάτον</em></strong></span> <span class='ocrx_word' id='word_1_98' title='bbox 1187 1155 1378 1200; x_wconf 90' lang='grc' dir='ltr'><strong><em>ταῦτα·</em></strong></span> <span class='ocrx_word' id='word_1_99' title='bbox 1428 1150 1728 1214; x_wconf 83' lang='grc' dir='ltr'><strong><em>Πρόκλον</em></strong></span> <span class='ocrx_word' id='word_1_100' title='bbox 1774 1151 1834 1204; x_wconf 81' lang='grc' dir='ltr'><strong><em>δὲ</em></strong></span> 
     </span>
     <span class='ocr_line' id='line_1_13' title="bbox 139 1229 1833 1305; baseline 0.005 -21"><span class='ocrx_word' id='word_1_101' title='bbox 139 1229 452 1302; x_wconf 81' lang='grc' dir='ltr'><strong><em>ἐβουλόμην</em></strong></span> <span class='ocrx_word' id='word_1_102' title='bbox 504 1231 607 1302; x_wconf 75' lang='grc' dir='ltr'><strong><em>μὲν</em></strong></span> <span class='ocrx_word' id='word_1_103' title='bbox 660 1234 750 1288; x_wconf 84' lang='grc' dir='ltr'><strong><em>καὶ</em></strong></span> <span class='ocrx_word' id='word_1_104' title='bbox 799 1244 907 1290; x_wconf 88' lang='grc' dir='ltr'><strong><em>νῦν</em></strong></span> <span class='ocrx_word' id='word_1_105' title='bbox 960 1235 1232 1303; x_wconf 79' lang='grc' dir='ltr'><strong><em>ἐπαινεῖν,</em></strong></span> <span class='ocrx_word' id='word_1_106' title='bbox 1287 1237 1591 1305; x_wconf 86' lang='grc' dir='ltr'><strong><em>ὑβρίσαντα</em></strong></span> <span class='ocrx_word' id='word_1_107' title='bbox 1637 1234 1698 1290; x_wconf 76' lang='grc' dir='ltr'><strong><em>δὲ</em></strong></span> <span class='ocrx_word' id='word_1_108' title='bbox 1744 1239 1833 1292; x_wconf 83' lang='grc' dir='ltr'><strong><em>καὶ</em></strong></span> 
     </span>
     <span class='ocr_line' id='line_1_14' title="bbox 139 1320 1919 1395; baseline 0.004 -21"><span class='ocrx_word' id='word_1_109' title='bbox 139 1320 310 1374; x_wconf 85' lang='grc' dir='ltr'><strong><em>αὐτὸν</em></strong></span> <span class='ocrx_word' id='word_1_110' title='bbox 341 1321 429 1374; x_wconf 87' lang='grc' dir='ltr'><strong><em>καὶ</em></strong></span> <span class='ocrx_word' id='word_1_111' title='bbox 464 1322 555 1391; x_wconf 76' lang='grc' dir='ltr'><strong><em>ἐμὲ</em></strong></span> <span class='ocrx_word' id='word_1_112' title='bbox 590 1326 848 1390; x_wconf 80' lang='grc' dir='ltr'><strong><em>μειζόνως</em></strong></span> <span class='ocrx_word' id='word_1_113' title='bbox 882 1323 887 1395; x_wconf 91' lang='grc' dir='ltr'>Ι</span> <span class='ocrx_word' id='word_1_114' title='bbox 923 1324 1012 1378; x_wconf 87' lang='grc' dir='ltr'><strong><em>καὶ</em></strong></span> <span class='ocrx_word' id='word_1_115' title='bbox 1046 1327 1441 1394; x_wconf 89' lang='grc' dir='ltr'><strong><em>σφοδρότερον,</em></strong></span> <span class='ocrx_word' id='word_1_116' title='bbox 1481 1324 1602 1378; x_wconf 87' lang='grc' dir='ltr'><strong><em>οὐδ’</em></strong></span> <span class='ocrx_word' id='word_1_117' title='bbox 1634 1327 1682 1379; x_wconf 84' lang='grc' dir='ltr'><strong><em>εἰ</em></strong></span> <span class='ocrx_word' id='word_1_118' title='bbox 1714 1338 1754 1382; x_wconf 86' lang='lat' dir='ltr'><strong>R</strong></span> <span class='ocrx_word' id='word_1_119' title='bbox 1776 1339 1919 1383; x_wconf 82' lang='lat' dir='ltr'>H407</span> 
     </span>
     <span class='ocr_line' id='line_1_15' title="bbox 140 1411 1831 1483; baseline 0.004 -22"><span class='ocrx_word' id='word_1_120' title='bbox 140 1411 362 1479; x_wconf 90' lang='grc' dir='ltr'><strong><em>σφόδρα</em></strong></span> <span class='ocrx_word' id='word_1_121' title='bbox 414 1414 746 1482; x_wconf 86' lang='grc' dir='ltr'><strong><em>βουλοίμην,</em></strong></span> <span class='ocrx_word' id='word_1_122' title='bbox 802 1415 1078 1483; x_wconf 84' lang='grc' dir='ltr'><strong><em>δυναίμην</em></strong></span> <span class='ocrx_word' id='word_1_123' title='bbox 1128 1413 1197 1466; x_wconf 76' lang='grc' dir='ltr'><strong><em>ἂν</em></strong></span> <span class='ocrx_word' id='word_1_124' title='bbox 1243 1415 1315 1482; x_wconf 88' lang='grc' dir='ltr'><strong><em>μὴ</em></strong></span> <span class='ocrx_word' id='word_1_125' title='bbox 1362 1414 1596 1482; x_wconf 78' lang='grc' dir='ltr'><strong><em>φάσκειν</em></strong></span> <span class='ocrx_word' id='word_1_126' title='bbox 1645 1414 1831 1483; x_wconf 81' lang='grc' dir='ltr'><strong><em>ἠδικη-</em></strong></span> 
     </span>
     <span class='ocr_line' id='line_1_16' title="bbox 137 1497 1897 1572; baseline 0.003 -21"><span class='ocrx_word' id='word_1_127' title='bbox 137 1497 305 1552; x_wconf 81' lang='grc' dir='ltr'><strong><em>κέναι.</em></strong></span> <span class='ocrx_word' id='word_1_128' title='bbox 383 1499 443 1562; x_wconf 89' lang='grc' dir='ltr'><strong><em>ὃς</em></strong></span> <span class='ocrx_word' id='word_1_129' title='bbox 492 1499 554 1554; x_wconf 82' lang='grc' dir='ltr'><strong><em>ἐν</em></strong></span> <span class='ocrx_word' id='word_1_130' title='bbox 593 1503 859 1556; x_wconf 85' lang='grc' dir='ltr'><strong><em>δικαστοῦ</em></strong></span> <span class='ocrx_word' id='word_1_131' title='bbox 901 1501 1049 1566; x_wconf 80' lang='grc' dir='ltr'><strong><em>τάξει</em></strong></span> <span class='ocrx_word' id='word_1_132' title='bbox 1086 1505 1399 1572; x_wconf 84' lang='grc' dir='ltr'><strong><em>καθήμενος</em></strong></span> <span class='ocrx_word' id='word_1_133' title='bbox 1444 1501 1534 1555; x_wconf 86' lang='grc' dir='ltr'><strong><em>καὶ</em></strong></span> <span class='ocrx_word' id='word_1_134' title='bbox 1583 1501 1713 1556; x_wconf 90' lang='grc' dir='ltr'><strong><em>δεόν</em></strong></span> <span class='ocrx_word' id='word_1_135' title='bbox 1756 1505 1828 1572; x_wconf 87' lang='grc' dir='ltr'><strong><em>μὴ</em></strong></span> <span class='ocrx_word' id='word_1_136' title='bbox 1856 1526 1897 1559; x_wconf 81' lang='lat'><strong><em>15</em></strong></span> 
     </span>
     <span class='ocr_line' id='line_1_17' title="bbox 137 1589 1831 1662; baseline 0.003 -23"><span class='ocrx_word' id='word_1_137' title='bbox 137 1597 348 1659; x_wconf 76' lang='grc' dir='ltr'><strong><em>κραυγῇ</em></strong></span> <span class='ocrx_word' id='word_1_138' title='bbox 395 1609 565 1643; x_wconf 91' lang='grc' dir='ltr'><strong><em>τινων</em></strong></span> <span class='ocrx_word' id='word_1_139' title='bbox 619 1589 710 1644; x_wconf 85' lang='grc' dir='ltr'><strong><em>καὶ</em></strong></span> <span class='ocrx_word' id='word_1_140' title='bbox 758 1600 964 1662; x_wconf 75' lang='grc' dir='ltr'><strong><em>ταραχῇ</em></strong></span> <span class='ocrx_word' id='word_1_141' title='bbox 1015 1592 1103 1644; x_wconf 81' lang='grc' dir='ltr'><strong><em>καὶ</em></strong></span> <span class='ocrx_word' id='word_1_142' title='bbox 1159 1592 1418 1644; x_wconf 87' lang='grc' dir='ltr'><strong><em>συστάσει</em></strong></span> <span class='ocrx_word' id='word_1_143' title='bbox 1472 1593 1684 1657; x_wconf 89' lang='grc' dir='ltr'><strong><em>κρίνειν</em></strong></span> <span class='ocrx_word' id='word_1_144' title='bbox 1738 1593 1831 1655; x_wconf 83' lang='grc' dir='ltr'><strong><em>τὰς</em></strong></span> 
     </span>
     <span class='ocr_line' id='line_1_18' title="bbox 138 1676 1828 1749; baseline 0.003 -20"><span class='ocrx_word' id='word_1_145' title='bbox 138 1676 317 1745; x_wconf 87' lang='grc' dir='ltr'><strong><em>δίκας,</em></strong></span> <span class='ocrx_word' id='word_1_146' title='bbox 363 1676 479 1731; x_wconf 86' lang='grc' dir='ltr'><strong><em>ἀλλ’</em></strong></span> <span class='ocrx_word' id='word_1_147' title='bbox 513 1678 618 1732; x_wconf 89' lang='grc' dir='ltr'><strong><em>ἀπὸ</em></strong></span> <span class='ocrx_word' id='word_1_148' title='bbox 658 1689 755 1748; x_wconf 79' lang='grc' dir='ltr'><strong><em>τῆς</em></strong></span> <span class='ocrx_word' id='word_1_149' title='bbox 794 1680 1080 1749; x_wconf 89' lang='grc' dir='ltr'><strong><em>ἀληθείας,</em></strong></span> <span class='ocrx_word' id='word_1_150' title='bbox 1127 1679 1387 1732; x_wconf 89' lang='grc' dir='ltr'><strong><em>ἀπέκλινέ</em></strong></span> <span class='ocrx_word' id='word_1_151' title='bbox 1426 1698 1482 1731; x_wconf 86' lang='grc' dir='ltr'><strong><em>τε</em></strong></span> <span class='ocrx_word' id='word_1_152' title='bbox 1530 1680 1705 1742; x_wconf 87' lang='grc' dir='ltr'><strong><em>εὐθὺς</em></strong></span> <span class='ocrx_word' id='word_1_153' title='bbox 1743 1679 1828 1734; x_wconf 83' lang='grc' dir='ltr'><strong><em>ἐπὶ</em></strong></span> 
     </span>
     <span class='ocr_line' id='line_1_19' title="bbox 137 1766 1830 1837; baseline 0.004 -20"><span class='ocrx_word' id='word_1_154' title='bbox 137 1773 306 1819; x_wconf 88' lang='grc' dir='ltr'><strong><em>ταῦτα</em></strong></span> <span class='ocrx_word' id='word_1_155' title='bbox 337 1767 426 1819; x_wconf 80' lang='grc' dir='ltr'><strong><em>καὶ</em></strong></span> <span class='ocrx_word' id='word_1_156' title='bbox 458 1766 622 1836; x_wconf 86' lang='grc' dir='ltr'><strong><em>μέρος</em></strong></span> <span class='ocrx_word' id='word_1_157' title='bbox 662 1768 690 1822; x_wconf 92' lang='grc' dir='ltr'>ὁ</span> <span class='ocrx_word' id='word_1_158' title='bbox 733 1770 992 1837; x_wconf 84' lang='grc' dir='ltr'><strong><em>δικαστὴς</em></strong></span> <span class='ocrx_word' id='word_1_159' title='bbox 1024 1767 1239 1837; x_wconf 82' lang='grc' dir='ltr'><strong><em>ἐγένετο</em></strong></span> <span class='ocrx_word' id='word_1_160' title='bbox 1279 1777 1391 1820; x_wconf 85' lang='grc' dir='ltr'><strong><em>τῶν</em></strong></span> <span class='ocrx_word' id='word_1_161' title='bbox 1422 1766 1830 1836; x_wconf 79' lang='grc' dir='ltr'><strong><em>ἐπηρεαζόντων</em></strong></span> 
     </span>
     <span class='ocr_line' id='line_1_20' title="bbox 137 1853 1829 1926; baseline 0.001 -19"><span class='ocrx_word' id='word_1_162' title='bbox 137 1853 238 1907; x_wconf 86' lang='grc' dir='ltr'><strong><em>οὐκ</em></strong></span> <span class='ocrx_word' id='word_1_163' title='bbox 277 1853 545 1924; x_wconf 82' lang='grc' dir='ltr'><strong><em>ἐθελήσας</em></strong></span> <span class='ocrx_word' id='word_1_164' title='bbox 585 1856 810 1910; x_wconf 88' lang='grc' dir='ltr'><strong><em>ἀκούειν</em></strong></span> <span class='ocrx_word' id='word_1_165' title='bbox 848 1867 960 1910; x_wconf 84' lang='grc' dir='ltr'><strong><em>τῶν</em></strong></span> <span class='ocrx_word' id='word_1_166' title='bbox 999 1859 1184 1926; x_wconf 89' lang='grc' dir='ltr'><strong><em>νόμων</em></strong></span> <span class='ocrx_word' id='word_1_167' title='bbox 1225 1859 1282 1909; x_wconf 85' lang='grc' dir='ltr'><strong><em>οἳ</em></strong></span> <span class='ocrx_word' id='word_1_168' title='bbox 1325 1858 1421 1909; x_wconf 90' lang='grc' dir='ltr'><strong><em>τὸν</em></strong></span> <span class='ocrx_word' id='word_1_169' title='bbox 1468 1857 1691 1909; x_wconf 84' lang='grc' dir='ltr'><strong><em>οἴσοντα</em></strong></span> <span class='ocrx_word' id='word_1_170' title='bbox 1730 1858 1829 1925; x_wconf 87' lang='grc' dir='ltr'><strong><em>τὴν</em></strong></span> 
     </span>
     <span class='ocr_line' id='line_1_21' title="bbox 136 1938 1893 2014; baseline 0.002 -18"><span class='ocrx_word' id='word_1_171' title='bbox 136 1951 327 2011; x_wconf 81' lang='grc' dir='ltr'><strong><em>ψῆφον</em></strong></span> <span class='ocrx_word' id='word_1_172' title='bbox 368 1949 492 1997; x_wconf 80' lang='grc' dir='ltr'><strong><em>ἴσον</em></strong></span> <span class='ocrx_word' id='word_1_173' title='bbox 532 1945 867 2014; x_wconf 81' lang='grc' dir='ltr'><strong><em>ἀμφοτέροις</em></strong></span> <span class='ocrx_word' id='word_1_174' title='bbox 901 1947 1243 2011; x_wconf 81' lang='grc' dir='ltr'><strong><em>καθίζουσιν.</em></strong></span> <span class='ocrx_word' id='word_1_175' title='bbox 1321 1945 1405 1996; x_wconf 80' lang='lat'><strong><em>34.</em></strong></span> <span class='ocrx_word' id='word_1_176' title='bbox 1463 1938 1614 1997; x_wconf 87' lang='grc' dir='ltr'><strong><em>εἶπεν</em></strong></span> <span class='ocrx_word' id='word_1_177' title='bbox 1639 1943 1824 1998; x_wconf 87' lang='grc' dir='ltr'><strong><em>Ὀπτά-</em></strong></span> <span class='ocrx_word' id='word_1_178' title='bbox 1851 1968 1893 1999; x_wconf 79' lang='lat'><strong><em>20</em></strong></span> 
     </span>
     <span class='ocr_line' id='line_1_22' title="bbox 136 2032 1825 2104; baseline 0.002 -22"><span class='ocrx_word' id='word_1_179' title='bbox 136 2050 227 2092; x_wconf 83' lang='grc' dir='ltr'><strong><em>τος</em></strong></span> <span class='ocrx_word' id='word_1_180' title='bbox 266 2033 338 2101; x_wconf 87' lang='grc' dir='ltr'><strong><em>μὴ</em></strong></span> <span class='ocrx_word' id='word_1_181' title='bbox 378 2040 575 2102; x_wconf 80' lang='grc' dir='ltr'><strong><em>χρῆναι</em></strong></span> <span class='ocrx_word' id='word_1_182' title='bbox 610 2035 927 2088; x_wconf 83' lang='grc' dir='ltr'><strong><em>Θαλάσσιον</em></strong></span> <span class='ocrx_word' id='word_1_183' title='bbox 967 2035 1346 2104; x_wconf 81' lang='grc' dir='ltr'><strong><em>ἐγγράφεσθαι</em></strong></span> <span class='ocrx_word' id='word_1_184' title='bbox 1385 2032 1475 2086; x_wconf 86' lang='grc' dir='ltr'><strong><em>καὶ</em></strong></span> <span class='ocrx_word' id='word_1_185' title='bbox 1514 2033 1825 2102; x_wconf 86' lang='grc' dir='ltr'><strong><em>προσέθηκε</em></strong></span> 
     </span>
     <span class='ocr_line' id='line_1_23' title="bbox 135 2120 1826 2192; baseline 0.002 -21"><span class='ocrx_word' id='word_1_186' title='bbox 135 2121 429 2189; x_wconf 89' lang='grc' dir='ltr'><strong><em>λοιδορίας.</em></strong></span> <span class='ocrx_word' id='word_1_187' title='bbox 499 2122 802 2192; x_wconf 89' lang='grc' dir='ltr'><strong><em>ἀνάμεινον</em></strong></span> <span class='ocrx_word' id='word_1_188' title='bbox 839 2124 936 2176; x_wconf 90' lang='grc' dir='ltr'><strong><em>τὸν</em></strong></span> <span class='ocrx_word' id='word_1_189' title='bbox 975 2132 1085 2175; x_wconf 82' lang='grc' dir='ltr'><strong><em>τῶν</em></strong></span> <span class='ocrx_word' id='word_1_190' title='bbox 1123 2122 1260 2189; x_wconf 80' lang='grc' dir='ltr'><strong><em>ὑπὲρ</em></strong></span> <span class='ocrx_word' id='word_1_191' title='bbox 1302 2120 1517 2174; x_wconf 82' lang='grc' dir='ltr'><strong><em>ἐκείνου</em></strong></span> <span class='ocrx_word' id='word_1_192' title='bbox 1557 2121 1826 2185; x_wconf 83' lang='grc' dir='ltr'><strong><em>λεξάντων</em></strong></span> 
     </span>
     <span class='ocr_line' id='line_1_24' title="bbox 139 2207 1825 2278; baseline 0.002 -18"><span class='ocrx_word' id='word_1_193' title='bbox 139 2210 327 2278; x_wconf 83' lang='grc' dir='ltr'><strong><em>λόγον,</em></strong></span> <span class='ocrx_word' id='word_1_194' title='bbox 373 2215 583 2277; x_wconf 84' lang='grc' dir='ltr'><strong><em>μᾶλλον</em></strong></span> <span class='ocrx_word' id='word_1_195' title='bbox 631 2209 690 2265; x_wconf 76' lang='grc' dir='ltr'><strong><em>δὲ</em></strong></span> <span class='ocrx_word' id='word_1_196' title='bbox 740 2212 904 2274; x_wconf 89' lang='grc' dir='ltr'><strong><em>αὐτὸς</em></strong></span> <span class='ocrx_word' id='word_1_197' title='bbox 950 2207 1110 2274; x_wconf 83' lang='grc' dir='ltr'><strong><em>οὗτος</em></strong></span> <span class='ocrx_word' id='word_1_198' title='bbox 1158 2218 1322 2278; x_wconf 88' lang='grc' dir='ltr'><strong><em>γενοῦ</em></strong></span> <span class='ocrx_word' id='word_1_199' title='bbox 1366 2211 1426 2262; x_wconf 88' lang='grc' dir='ltr'><strong><em>τὸ</em></strong></span> <span class='ocrx_word' id='word_1_200' title='bbox 1466 2218 1582 2272; x_wconf 90' lang='grc' dir='ltr'><strong><em>ταῖς</em></strong></span> <span class='ocrx_word' id='word_1_201' title='bbox 1629 2212 1825 2273; x_wconf 85' lang='grc' dir='ltr'><strong><em>αἰτίαις</em></strong></span> 
     </span>
    </p>
   </div>
   <div class='ocr_carea' id='block_1_3' title="bbox 135 2299 489 2307">
    <p class='ocr_par' dir='ltr' id='par_1_3' title="bbox 135 2299 489 2307">
     <span class='ocr_line' id='line_1_25' title="bbox 135 2299 489 2307; baseline 0 787"><span class='ocrx_word' id='word_1_202' title='bbox 135 2299 489 2307; x_wconf 95' lang='lat' dir='ltr'><strong><em> </em></strong></span> 
     </span>
    </p>
   </div>
   <div class='ocr_carea' id='block_1_4' title="bbox 137 2341 1762 2457">
    <p class='ocr_par' dir='ltr' id='par_1_4' title="bbox 137 2341 1762 2457">
     <span class='ocr_line' id='line_1_26' title="bbox 253 2341 1762 2399; baseline 0 -16"><span class='ocrx_word' id='word_1_203' title='bbox 253 2347 277 2383; x_wconf 78' lang='lat'><strong><em>&lt;5</em></strong></span> <span class='ocrx_word' id='word_1_204' title='bbox 303 2341 433 2385; x_wconf 85' lang='lat' dir='ltr'><strong>Dem.</strong></span> <span class='ocrx_word' id='word_1_205' title='bbox 450 2342 799 2399; x_wconf 80' lang='lat' dir='ltr'><strong>c.Arist0g.1p.</strong></span> <span class='ocrx_word' id='word_1_206' title='bbox 818 2347 1029 2398; x_wconf 77' lang='lat' dir='ltr'>782‚7sq.</span> <span class='ocrx_word' id='word_1_207' title='bbox 1154 2347 1179 2385; x_wconf 89' lang='grc'>8</span> <span class='ocrx_word' id='word_1_208' title='bbox 1206 2341 1261 2385; x_wconf 87' lang='lat' dir='ltr'><strong><em>cf.</em></strong></span> <span class='ocrx_word' id='word_1_209' title='bbox 1278 2345 1570 2397; x_wconf 76' lang='lat' dir='ltr'><strong>p.317‚3sq.;</strong></span> <span class='ocrx_word' id='word_1_210' title='bbox 1597 2345 1762 2395; x_wconf 80' lang='lat'>326‚19</span> 
     </span>
     <span class='ocr_line' id='line_1_27' title="bbox 137 2399 1408 2457; baseline 0.001 -16"><span class='ocrx_word' id='word_1_211' title='bbox 137 2403 185 2441; x_wconf 89' lang='lat'><strong><em>11</em></strong></span> <span class='ocrx_word' id='word_1_212' title='bbox 223 2399 278 2442; x_wconf 80' lang='lat' dir='ltr'><strong><em>cf.</em></strong></span> <span class='ocrx_word' id='word_1_213' title='bbox 305 2403 337 2444; x_wconf 76' lang='lat' dir='ltr'><strong><em>t.</em></strong></span> <span class='ocrx_word' id='word_1_214' title='bbox 367 2401 685 2457; x_wconf 82' lang='lat' dir='ltr'><strong>1177‚14sq.;</strong></span> <span class='ocrx_word' id='word_1_215' title='bbox 722 2406 886 2456; x_wconf 84' lang='lat'>180,19</span> <span class='ocrx_word' id='word_1_216' title='bbox 1012 2407 1064 2445; x_wconf 85' lang='lat'><strong><em>12</em></strong></span> <span class='ocrx_word' id='word_1_217' title='bbox 1099 2401 1153 2444; x_wconf 84' lang='lat' dir='ltr'><strong><em>ef.</em></strong></span> <span class='ocrx_word' id='word_1_218' title='bbox 1182 2416 1224 2456; x_wconf 87' lang='lat' dir='ltr'><strong><em>p.</em></strong></span> <span class='ocrx_word' id='word_1_219' title='bbox 1246 2405 1408 2452; x_wconf 83' lang='lat'>328‚11</span> 
     </span>
    </p>
   </div>
   <div class='ocr_carea' id='block_1_5' title="bbox 134 2476 488 2484">
    <p class='ocr_par' dir='ltr' id='par_1_5' title="bbox 134 2476 488 2484">
     <span class='ocr_line' id='line_1_28' title="bbox 134 2476 488 2484; baseline 0 610"><span class='ocrx_word' id='word_1_220' title='bbox 134 2476 488 2484; x_wconf 95' lang='lat' dir='ltr'><strong><em> </em></strong></span> 
     </span>
    </p>
   </div>
   <div class='ocr_carea' id='block_1_6' title="bbox 133 2517 1822 2633">
    <p class='ocr_par' dir='ltr' id='par_1_6' title="bbox 133 2517 1822 2633">
     <span class='ocr_line' id='line_1_29' title="bbox 255 2517 1818 2578; baseline 0 -17"><span class='ocrx_word' id='word_1_221' title='bbox 255 2524 275 2561; x_wconf 92' lang='lat'>1</span> <span class='ocrx_word' id='word_1_222' title='bbox 302 2525 437 2563; x_wconf 88' lang='grc' dir='ltr'><strong><em>τοῦτο</em></strong></span> <span class='ocrx_word' id='word_1_223' title='bbox 461 2520 603 2564; x_wconf 91' lang='grc' dir='ltr'><strong><em>ΙΒΜ</em></strong></span> <span class='ocrx_word' id='word_1_224' title='bbox 624 2520 714 2563; x_wconf 86' lang='lat' dir='ltr'><strong><em>edd</em></strong></span> <span class='ocrx_word' id='word_1_225' title='bbox 736 2521 739 2578; x_wconf 73' lang='grc' dir='ltr'>Ι</span> <span class='ocrx_word' id='word_1_226' title='bbox 763 2521 1016 2576; x_wconf 85' lang='grc' dir='ltr'><strong><em>ὡσαληθῶς</em></strong></span> <span class='ocrx_word' id='word_1_227' title='bbox 1040 2520 1085 2562; x_wconf 86' lang='grc' dir='ltr'><em>Β</em></span> <span class='ocrx_word' id='word_1_228' title='bbox 1206 2524 1232 2561; x_wconf 88' lang='lat'>4</span> <span class='ocrx_word' id='word_1_229' title='bbox 1258 2525 1310 2575; x_wconf 85' lang='grc' dir='ltr'><strong><em>τῇ</em></strong></span> <span class='ocrx_word' id='word_1_230' title='bbox 1337 2525 1426 2561; x_wconf 85' lang='grc' dir='ltr'><strong><em>τῶν</em></strong></span> <span class='ocrx_word' id='word_1_231' title='bbox 1452 2517 1602 2572; x_wconf 85' lang='grc' dir='ltr'><strong><em>σύρων</em></strong></span> <span class='ocrx_word' id='word_1_232' title='bbox 1631 2518 1671 2560; x_wconf 90' lang='lat' dir='ltr'><strong><em>V</em></strong></span> <span class='ocrx_word' id='word_1_233' title='bbox 1689 2519 1739 2561; x_wconf 78' lang='lat' dir='ltr'><strong><em>at</em></strong></span> <span class='ocrx_word' id='word_1_234' title='bbox 1763 2517 1818 2562; x_wconf 86' lang='lat' dir='ltr'><strong><em>cf.</em></strong></span> 
     </span>
     <span class='ocr_line' id='line_1_30' title="bbox 133 2573 1822 2633; baseline 0.001 -15"><span class='ocrx_word' id='word_1_235' title='bbox 133 2575 203 2618; x_wconf 76' lang='lat' dir='ltr'><strong><em>t.I</em></strong></span> <span class='ocrx_word' id='word_1_236' title='bbox 230 2581 416 2632; x_wconf 82' lang='grc'><strong><em>138,12;</em></strong></span> <span class='ocrx_word' id='word_1_237' title='bbox 445 2582 580 2633; x_wconf 72' lang='grc'>157,2</span> <span class='ocrx_word' id='word_1_238' title='bbox 703 2583 728 2622; x_wconf 86' lang='lat'>5</span> <span class='ocrx_word' id='word_1_239' title='bbox 761 2580 920 2629; x_wconf 82' lang='grc' dir='ltr'><strong><em>αὐτοῖς</em></strong></span> <span class='ocrx_word' id='word_1_240' title='bbox 942 2579 1134 2622; x_wconf 85' lang='lat' dir='ltr'><strong><em>IBMV</em></strong></span> <span class='ocrx_word' id='word_1_241' title='bbox 1152 2578 1241 2621; x_wconf 78' lang='lat' dir='ltr'><strong><em>edd</em></strong></span> <span class='ocrx_word' id='word_1_242' title='bbox 1364 2582 1388 2620; x_wconf 88' lang='grc'>8</span> <span class='ocrx_word' id='word_1_243' title='bbox 1422 2573 1528 2621; x_wconf 77' lang='grc' dir='ltr'><strong><em>οὐδ’</em></strong></span> <span class='ocrx_word' id='word_1_244' title='bbox 1559 2577 1623 2620; x_wconf 81' lang='lat' dir='ltr'><strong><em>CI</em></strong></span> <span class='ocrx_word' id='word_1_245' title='bbox 1646 2621 1648 2629; x_wconf 67' lang='grc'><strong><em>,</em></strong></span> <span class='ocrx_word' id='word_1_246' title='bbox 1671 2573 1731 2619; x_wconf 71' lang='grc' dir='ltr'><strong><em>ἂν</em></strong></span> <span class='ocrx_word' id='word_1_247' title='bbox 1756 2574 1822 2626; x_wconf 75' lang='grc' dir='ltr'><strong><em>εἷς</em></strong></span> 
     </span>
    </p>
   </div>
   <div class='ocr_carea' id='block_1_7' title="bbox 38 2634 1820 2694">
    <p class='ocr_par' dir='ltr' id='par_1_7' title="bbox 38 2634 1820 2694">
     <span class='ocr_line' id='line_1_31' title="bbox 38 2634 1820 2694; baseline 0 -16"><span class='ocrx_word' id='word_1_248' title='bbox 38 2651 41 2662; x_wconf 61' lang='lat'><strong><em>=·</em></strong></span> <span class='ocrx_word' id='word_1_249' title='bbox 132 2634 241 2692; x_wconf 81' lang='grc' dir='ltr'><strong><em>θείη</em></strong></span> <span class='ocrx_word' id='word_1_250' title='bbox 264 2637 300 2679; x_wconf 94' lang='grc' dir='ltr'><em>Ι</em></span> <span class='ocrx_word' id='word_1_251' title='bbox 418 2641 470 2681; x_wconf 91' lang='grc'><strong><em>10</em></strong></span> <span class='ocrx_word' id='word_1_252' title='bbox 495 2638 650 2682; x_wconf 79' lang='grc' dir='ltr'><strong><em>αὐτῶν</em></strong></span> <span class='ocrx_word' id='word_1_253' title='bbox 676 2639 708 2681; x_wconf 90' lang='grc' dir='ltr'><em>Ι</em></span> <span class='ocrx_word' id='word_1_254' title='bbox 818 2643 868 2681; x_wconf 94' lang='grc'><strong><em>11</em></strong></span> <span class='ocrx_word' id='word_1_255' title='bbox 895 2637 979 2694; x_wconf 76' lang='grc' dir='ltr'><strong><em>μὲν</em></strong></span> <span class='ocrx_word' id='word_1_256' title='bbox 1004 2651 1079 2680; x_wconf 90' lang='lat' dir='ltr'><strong><em>om</em></strong></span> <span class='ocrx_word' id='word_1_257' title='bbox 1105 2638 1243 2681; x_wconf 85' lang='lat' dir='ltr'><strong><em>IBM</em></strong></span> <span class='ocrx_word' id='word_1_258' title='bbox 1267 2636 1397 2692; x_wconf 86' lang='lat' dir='ltr'>Bong</span> <span class='ocrx_word' id='word_1_259' title='bbox 1504 2640 1556 2678; x_wconf 82' lang='lat'><strong><em>12</em></strong></span> <span class='ocrx_word' id='word_1_260' title='bbox 1584 2640 1718 2690; x_wconf 79' lang='lat' dir='ltr'><em>„post</em></span> <span class='ocrx_word' id='word_1_261' title='bbox 1741 2638 1820 2679; x_wconf 83' lang='grc' dir='ltr'><strong><em>καὶ</em></strong></span> 
     </span>
    </p>
   </div>
   <div class='ocr_carea' id='block_1_8' title="bbox 27 2929 54 3094">
    <p class='ocr_par' dir='ltr' id='par_1_8' title="bbox 27 2929 54 3094">
     <span class='ocr_line' id='line_1_32' title="bbox 27 2929 54 3094; textangle 90"><span class='ocrx_word' id='word_1_262' title='bbox 32 2991 54 3094; x_wconf 50' lang='grc' dir='ltr'><strong><em>ἱῦ-*α</em></strong></span> <span class='ocrx_word' id='word_1_263' title='bbox 27 2929 42 2943; x_wconf 51' lang='lat'><em>⁵</em></span> 
     </span>
    </p>
   </div>
   <div class='ocr_carea' id='block_1_9' title="bbox 132 2692 1825 2986">
    <p class='ocr_par' dir='ltr' id='par_1_9' title="bbox 134 2692 1825 2750">
     <span class='ocr_line' id='line_1_33' title="bbox 134 2692 1825 2750; baseline 0 -13"><span class='ocrx_word' id='word_1_264' title='bbox 134 2694 275 2738; x_wconf 80' lang='grc' dir='ltr'><strong><em>αὐτὸν</em></strong></span> <span class='ocrx_word' id='word_1_265' title='bbox 309 2696 519 2740; x_wconf 74' lang='lat' dir='ltr'><em>videntur</em></span> <span class='ocrx_word' id='word_1_266' title='bbox 547 2698 656 2741; x_wconf 81' lang='lat' dir='ltr'><em>haec</em></span> <span class='ocrx_word' id='word_1_267' title='bbox 687 2698 778 2741; x_wconf 79' lang='lat' dir='ltr'><strong><em>duo</em></strong></span> <span class='ocrx_word' id='word_1_268' title='bbox 809 2697 889 2741; x_wconf 82' lang='grc' dir='ltr'><strong><em>καὶ</em></strong></span> <span class='ocrx_word' id='word_1_269' title='bbox 917 2696 1181 2741; x_wconf 83' lang='grc' dir='ltr'><strong><em>Θαλάσσιον</em></strong></span> <span class='ocrx_word' id='word_1_270' title='bbox 1205 2696 1376 2739; x_wconf 64' lang='lat' dir='ltr'><strong><em>dees-315⁶*</em></strong></span> <span class='ocrx_word' id='word_1_271' title='bbox 1401 2694 1469 2738; x_wconf 81' lang='lat' dir='ltr'><strong><em>Re</em></strong></span> <span class='ocrx_word' id='word_1_272' title='bbox 1592 2699 1645 2737; x_wconf 88' lang='lat'><strong><em>13</em></strong></span> <span class='ocrx_word' id='word_1_273' title='bbox 1679 2692 1754 2750; x_wconf 80' lang='grc' dir='ltr'><strong><em>ἐμὲ</em></strong></span> <span class='ocrx_word' id='word_1_274' title='bbox 1780 2694 1825 2737; x_wconf 91' lang='grc' dir='ltr'><strong><em>Ρ</em></strong></span> 
     </span>
    </p>

    <p class='ocr_par' dir='ltr' id='par_1_10' title="bbox 134 2752 1819 2826">
     <span class='ocr_line' id='line_1_34' title="bbox 134 2752 1819 2826; baseline 0.001 -31"><span class='ocrx_word' id='word_1_275' title='bbox 134 2752 214 2796; x_wconf 80' lang='lat' dir='ltr'><strong><em>sed</em></strong></span> <span class='ocrx_word' id='word_1_276' title='bbox 238 2769 259 2797; x_wconf 87' lang='grc' dir='ltr'><strong><em>ε</em></strong></span> <span class='ocrx_word' id='word_1_277' title='bbox 284 2756 344 2826; x_wconf 55' lang='grc' dir='ltr'><strong><em>ς2)</em></strong></span> <span class='ocrx_word' id='word_1_278' title='bbox 370 2755 419 2797; x_wconf 88' lang='lat' dir='ltr'><strong><em>in</em></strong></span> <span class='ocrx_word' id='word_1_279' title='bbox 444 2769 517 2798; x_wconf 80' lang='lat' dir='ltr'><strong><em>ras</em></strong></span> <span class='ocrx_word' id='word_1_280' title='bbox 541 2756 612 2798; x_wconf 88' lang='lat' dir='ltr'><strong><em>m⁴</em></strong></span> <span class='ocrx_word' id='word_1_281' title='bbox 724 2760 776 2799; x_wconf 89' lang='grc'><strong><em>16</em></strong></span> <span class='ocrx_word' id='word_1_282' title='bbox 803 2756 882 2799; x_wconf 81' lang='grc' dir='ltr'><strong><em>καὶ</em></strong></span> <span class='ocrx_word' id='word_1_283' title='bbox 908 2755 987 2812; x_wconf 85' lang='grc'>(1)]</span> <span class='ocrx_word' id='word_1_284' title='bbox 1014 2755 1073 2811; x_wconf 87' lang='grc' dir='ltr'><strong><em>μὴ</em></strong></span> <span class='ocrx_word' id='word_1_285' title='bbox 1099 2754 1151 2799; x_wconf 77' lang='grc' dir='ltr'><strong><em>δὲ</em></strong></span> <span class='ocrx_word' id='word_1_286' title='bbox 1173 2756 1208 2797; x_wconf 93' lang='grc' dir='ltr'><em>Ι</em></span> <span class='ocrx_word' id='word_1_287' title='bbox 1311 2758 1361 2797; x_wconf 83' lang='grc'>17</span> <span class='ocrx_word' id='word_1_288' title='bbox 1390 2752 1595 2797; x_wconf 78' lang='grc' dir='ltr'><strong><em>ἐπέκλινε</em></strong></span> <span class='ocrx_word' id='word_1_289' title='bbox 1619 2754 1653 2795; x_wconf 94' lang='grc' dir='ltr'><em>Ι</em></span> <span class='ocrx_word' id='word_1_290' title='bbox 1687 2753 1819 2823; x_wconf 43' lang='grc' dir='ltr'><strong><em>’ἀπε-</em></strong></span> 
     </span>
    </p>

    <p class='ocr_par' dir='ltr' id='par_1_11' title="bbox 133 2809 1818 2876">
     <span class='ocr_line' id='line_1_35' title="bbox 133 2809 1818 2876; baseline 0 -22"><span class='ocrx_word' id='word_1_291' title='bbox 133 2809 282 2856; x_wconf 79' lang='grc' dir='ltr'><strong><em>κλίνετ</em></strong></span> <span class='ocrx_word' id='word_1_292' title='bbox 329 2813 461 2872; x_wconf 84' lang='lat' dir='ltr'>Bong</span> <span class='ocrx_word' id='word_1_293' title='bbox 495 2816 501 2870; x_wconf 77' lang='lat' dir='ltr'>l</span> <span class='ocrx_word' id='word_1_294' title='bbox 536 2811 580 2858; x_wconf 86' lang='grc' dir='ltr'><strong><em>τ’</em></strong></span> <span class='ocrx_word' id='word_1_295' title='bbox 608 2815 676 2858; x_wconf 79' lang='lat' dir='ltr'><strong><em>Re</em></strong></span> <span class='ocrx_word' id='word_1_296' title='bbox 745 2828 819 2858; x_wconf 89' lang='lat' dir='ltr'><strong><em>om</em></strong></span> <span class='ocrx_word' id='word_1_297' title='bbox 851 2814 984 2870; x_wconf 85' lang='lat' dir='ltr'>Bong</span> <span class='ocrx_word' id='word_1_298' title='bbox 1104 2818 1159 2856; x_wconf 76' lang='lat'><strong><em>22</em></strong></span> <span class='ocrx_word' id='word_1_299' title='bbox 1191 2810 1450 2867; x_wconf 66' lang='grc' dir='ltr'><strong><em>λοιδορίας,</em></strong></span> <span class='ocrx_word' id='word_1_300' title='bbox 1478 2812 1519 2856; x_wconf 89' lang='lat' dir='ltr'><strong><em>V</em></strong></span> <span class='ocrx_word' id='word_1_301' title='bbox 1554 2814 1559 2867; x_wconf 89' lang='grc'>1</span> <span class='ocrx_word' id='word_1_302' title='bbox 1594 2814 1818 2876; x_wconf 70' lang='grc' dir='ltr'><strong><em>λεγοντων</em></strong></span> 
     </span>
    </p>

    <p class='ocr_par' dir='ltr' id='par_1_12' title="bbox 132 2867 1819 2986">
     <span class='ocr_line' id='line_1_36' title="bbox 132 2867 1819 2929; baseline 0.001 -17"><span class='ocrx_word' id='word_1_303' title='bbox 132 2867 264 2928; x_wconf 87' lang='lat' dir='ltr'>Bong</span> <span class='ocrx_word' id='word_1_304' title='bbox 385 2877 440 2916; x_wconf 84' lang='lat'><strong><em>23</em></strong></span> <span class='ocrx_word' id='word_1_305' title='bbox 464 2873 517 2916; x_wconf 91' lang='grc' dir='ltr'><strong><em>τὸ</em></strong></span> <span class='ocrx_word' id='word_1_306' title='bbox 543 2875 590 2916; x_wconf 68' lang='lat' dir='ltr'><strong><em>et</em></strong></span> <span class='ocrx_word' id='word_1_307' title='bbox 615 2877 749 2926; x_wconf 83' lang='lat'>324‚1</span> <span class='ocrx_word' id='word_1_308' title='bbox 778 2871 922 2928; x_wconf 86' lang='grc' dir='ltr'><strong><em>φέρον</em></strong></span> <span class='ocrx_word' id='word_1_309' title='bbox 948 2874 992 2916; x_wconf 82' lang='grc' dir='ltr'><strong><em>Α</em></strong></span> <span class='ocrx_word' id='word_1_310' title='bbox 1018 2872 1098 2916; x_wconf 76' lang='lat' dir='ltr'><strong><em>sed</em></strong></span> <span class='ocrx_word' id='word_1_311' title='bbox 1124 2889 1178 2929; x_wconf 78' lang='grc' dir='ltr'><strong><em>γρ</em></strong></span> <span class='ocrx_word' id='word_1_312' title='bbox 1207 2871 1264 2915; x_wconf 83' lang='grc' dir='ltr'><strong><em>τὰ</em></strong></span> <span class='ocrx_word' id='word_1_313' title='bbox 1296 2874 1342 2914; x_wconf 75' lang='lat' dir='ltr'><strong><em>et</em></strong></span> <span class='ocrx_word' id='word_1_314' title='bbox 1374 2869 1577 2926; x_wconf 81' lang='grc' dir='ltr'><strong><em>φέροντα</em></strong></span> <span class='ocrx_word' id='word_1_315' title='bbox 1610 2885 1657 2913; x_wconf 90' lang='lat' dir='ltr'><strong><em>1n</em></strong></span> <span class='ocrx_word' id='word_1_316' title='bbox 1690 2885 1819 2926; x_wconf 75' lang='lat' dir='ltr'>marg</span> 
     </span>
     <span class='ocr_line' id='line_1_37' title="bbox 190 2929 656 2986; baseline 0.009 -14"><span class='ocrx_word' id='word_1_317' title='bbox 190 2929 247 2973; x_wconf 82' lang='grc' dir='ltr'><strong><em>τὰ</em></strong></span> <span class='ocrx_word' id='word_1_318' title='bbox 279 2933 326 2974; x_wconf 74' lang='lat' dir='ltr'><strong><em>et</em></strong></span> <span class='ocrx_word' id='word_1_319' title='bbox 357 2929 562 2986; x_wconf 84' lang='grc' dir='ltr'><strong><em>φέροντα</em></strong></span> <span class='ocrx_word' id='word_1_320' title='bbox 588 2933 656 2976; x_wconf 86' lang='lat' dir='ltr'><strong><em>Va</em></strong></span> 
     </span>
    </p>
   </div>
   <div class='ocr_carea' id='block_1_10' title="bbox 1462 3003 1552 3046">
    <p class='ocr_par' dir='ltr' id='par_1_13' title="bbox 1462 3003 1552 3046">
     <span class='ocr_line' id='line_1_38' title="bbox 1462 3003 1552 3046; baseline 0.011 -1"><span class='ocrx_word' id='word_1_321' title='bbox 1462 3003 1552 3046; x_wconf 83' lang='lat'><strong><em>21*</em></strong></span> 
     </span>
    </p>
   </div>
  </div>
 </body>
</html>
