1992 3094
203 99 308 151 140
719 98 947 142 LIBANII
979 98 1201 144 ORATIO
1234 98 1383 142 XXXI

198 238 330 303 μήτε
369 235 686 297 ψεύσασθαι
725 238 1040 302 τολμῶντας
1084 241 1159 307 τῷ
1199 253 1255 286 τε
1294 235 1366 303 μὴ
1407 239 1586 287 τελεῖν
1630 234 1887 302 αἰσχυνο-

198 322 412 392 μένους.
476 324 579 376 εἰσὶ
621 323 686 376 δέ
721 342 865 386 τινες
904 326 963 376 οἳ
996 331 1267 376 τοσοῦτον
1297 327 1571 391 τελοῦσιν,
1610 322 1747 375 ὥστε
1776 331 1892 375 τῶν

201 410 320 464 οὐδ’
351 411 543 464 ὁτιοῦν
582 413 857 465 διδόντων
895 417 1109 480 μᾶλλον
1147 409 1426 480 βούλοιντ’
1459 410 1529 463 ἂν
1568 410 1887 463 λανθάνειν.

201 500 286 552 32.
327 499 465 553 ἀλλὰ
503 501 607 569 γὰρ
656 500 759 553 οὐκ
809 499 966 564 ἄξιον
1013 501 1106 554 διὰ
1150 501 1324 569 πάσης
1364 499 1645 570 ἀκριβείας
1683 498 1891 553 ἐλθεῖν.

156 611 176 643 5
201 598 311 641 τῶν
357 593 460 657 γὰρ
508 588 752 642 ἐνόντων
799 590 974 643 εἰπεῖν
1019 591 1248 658 ἄμεινον
1294 588 1524 658 ἀφελεῖν
1567 587 1600 657 ἢ
1650 592 1889 657 λυπῆσαι

200 680 329 740 τοὺς
382 676 556 745 ἡδέως
607 678 708 745 μὲν
762 677 832 730 ἂν
887 678 1104 746 δόντας,
1157 679 1292 748 τύχῃ
1348 674 1410 730 δὲ
1461 676 1892 746 κεκωλυμένους.

200 774 469 819 τοσοῦτον
516 765 564 819 δ’
597 765 666 818 ἂν
707 767 1115 836 ἰσχυρισαίμην,
1167 767 1238 829 ὡς
1278 766 1483 834 ὀλίγων
1521 775 1633 819 τῶν
1672 763 1893 819 ἐκεῖθεν

201 857 380 908 ὄντων
417 856 564 923 παρὰ
609 863 705 923 τῆς
743 858 950 918 πόλεως
996 855 1127 920 ἀξιῶ
1167 876 1220 908 τι
1258 863 1504 925 φανῆναι
1554 853 1646 908 καὶ
1691 856 1764 924 μὴ
1803 872 1894 908 πι-

201 943 494 1012 στοτέρους
553 945 683 1006 τοὺς
743 946 1039 1014 πόρρωθεν
1099 943 1542 1013 μαντευομένους
1603 943 1736 1010 ἐμοῦ
1790 951 1894 997 τοῦ

135 1054 177 1086 10
201 1036 472 1098 συζῶντος
525 1033 650 1102 περὶ
688 1040 787 1085 τοῦ
826 1042 960 1086 ποῖα
1005 1034 1071 1086 τὰ
1117 1042 1229 1085 τῶν
1275 1033 1526 1102 ρητόρων
1573 1031 1688 1085 ἐστὶ
1739 1053 1891 1099 νομι-

202 1127 423 1189 σθῆναι.
500 1121 584 1173 33.
639 1120 730 1174 καὶ
784 1122 893 1190 μὴν
946 1121 1167 1175 κάκεῖνό
1216 1120 1264 1190 γ’
1297 1120 1367 1174 ἂν
1420 1120 1593 1190 ἡδέως
1643 1119 1889 1191 ἐροίμην·

199 1209 383 1263 ἔστιν
423 1210 604 1273 ὅστις
642 1208 879 1263 πώποτ’
908 1212 1138 1279 ἤλπισε
1188 1212 1340 1273 τοὺς
1387 1212 1479 1273 εἰς
1517 1210 1707 1279 τάχος
1744 1211 1894 1263 τού-

201 1319 355 1361 τους
424 1299 864 1361 διδάσκοντας
940 1299 1224 1368 γράφειν
1293 1301 1612 1362 ὄψεσθαι,
1646 1299 1893 1368 χρυσὸν

201 1387 320 1440 ἀπὸ
369 1395 478 1455 τῆς
525 1388 739 1441 αὑτῶν
792 1387 1018 1457 τέχνης
1064 1388 1097 1457 ἢ
1145 1387 1411 1457 βέλτιον
1456 1386 1728 1456 πράξειν
1766 1397 1898 1441 τῶν

136 1497 178 1529 15
203 1478 622 1543 σκυτοτόμων
660 1478 767 1530 καὶ
805 1479 1154 1542 τεκτόνων;
1195 1477 1391 1540 οὐδείς.
1470 1475 1589 1529 ἀλλ’
1619 1477 1763 1544 ὅμως
1803 1476 1891 1529 εὐ-

112 1577 154 1620 R
173 1577 318 1620 H218
356 1572 594 1635 ποροῦσι
625 1566 716 1618 καὶ
747 1575 1002 1635 τρυφῶσι
1033 1564 1124 1618 καὶ
1156 1567 1432 1635 μεθύουσι
1463 1564 1554 1618 καὶ
1589 1565 1596 1635 Ι
1630 1566 1895 1633 γεγόνασι

202 1656 408 1722 σεμνοί.
469 1656 525 1706 τί
553 1650 658 1707 οὖν
688 1656 1033 1723 θαυμαστόν,
1073 1656 1122 1707 εἰ
1161 1656 1341 1723 ὥσπερ
1381 1655 1448 1707 τὰ
1483 1653 1696 1707 ’κείνων
1734 1649 1895 1722 ἦρται

201 1742 348 1810 παρὰ
385 1743 485 1810 τὴν
525 1741 698 1811 ἀξίαν,
739 1742 883 1795 οὕτω
922 1744 988 1795 τὰ
1025 1744 1239 1796 τούτων
1279 1742 1647 1812 ἐταπεινώ·θη;

314 1831 398 1883 34.
453 1829 578 1883 Καὶ
627 1831 734 1883 διὰ
779 1833 863 1899 τί,
918 1834 1081 1900 φήσει
1119 1852 1222 1899 τις,
1275 1828 1437 1901 ὑπὲρ
1483 1832 1600 1898 μὲν
1638 1831 1897 1884 τούτων

138 1941 182 1973 20
207 1918 424 1988 ἀλγεῖς
456 1918 563 1972 καὶ
596 1919 832 1988 λέγεις,
871 1928 1009 1983 τοῖς
1048 1919 1097 1973 δ’
1130 1922 1354 1983 ἄλλοις
1392 1922 1778 1982 παιδευταῖς
1816 1918 1895 1972 οὐ

205 2009 698 2077 συναγορεύεις;
754 2008 837 2060 ὅτι
882 2009 949 2061 τὰ
987 2010 1200 2062 τούτων
1247 2009 1638 2078 ἀκριβέστερον
1677 2008 1894 2061 ἐπίστα-

324 2203 349 2241 5
382 2197 519 2242 Isoer.
545 2197 664 2241 Phil.
691 2203 715 2252 ξ
736 2202 820 2242 110
844 2214 888 2255 p.
911 2202 995 2242 104
1013 2199 1043 2241 d

326 2379 347 2417 1
403 2375 660 2431 ψεύδεσθαι
695 2377 778 2419 Mo
828 2378 834 2431 Ι
883 2378 1146 2432 τολμῶντας
1176 2377 1211 2419 Ι
1251 2375 1332 2418 sed
1373 2392 1428 2425 ας
1467 2389 1522 2418 ex
1555 2391 1601 2427 ες
1641 2389 1742 2418 corr
1763 2374 1834 2417 m³

206 2438 230 2475 2
278 2436 485 2477 τελοῦσιν
517 2436 549 2478 Ι
576 2434 657 2477 sed.
690 2451 716 2477 ν
749 2435 844 2477 add
867 2435 937 2477 m³
1026 2437 1213 2479 τελῶσιν
1245 2435 1382 2478 Patm
1413 2435 1495 2478 sed
1527 2451 1580 2491 γρ
1602 2437 1810 2478 τελοῦσιν
1842 2433 1893 2476 in
1943 2464 1946 2465 γ

204 2506 338 2549 marg
361 2493 431 2535 m²
572 2497 597 2536 3
632 2490 737 2538 οὐδ’
766 2491 836 2537 ὅτι
869 2491 953 2538 οὖν
978 2495 1023 2538 Α
1101 2494 1348 2537 οὐδοτιοῦν
1380 2493 1471 2537 edd
1623 2498 1648 2536 5
1679 2500 1772 2536 τῶν
1803 2491 1892 2550 γὰρ

206 2549 406 2596 ἐνόντων
437 2553 483 2596 A
515 2551 597 2595 sed
628 2569 682 2607 γρ
707 2552 758 2596 τὸ
791 2552 878 2609 γὰρ
911 2553 1020 2598 ἐνὸν
1051 2552 1099 2595 in
1125 2565 1271 2609 marg,
1304 2554 1350 2596 P
1378 2553 1460 2596 sed
1491 2552 1540 2595 in
1563 2565 1638 2595 ras
1666 2556 1689 2594 7
1721 2551 1802 2595 litt
1824 2550 1895 2593 m⁸

268 2615 291 2653 7
324 2608 648 2668 ἰσχυρισαίμην
679 2611 857 2667 scripsi,
888 2614 943 2655 ut
974 2612 1079 2655 coni
1111 2611 1376 2655 Monnerius
1468 2609 1752 2668 ἰσχυρίσαιμι
1781 2609 1891 2654 libri

207 2669 287 2713 sed
311 2669 360 2712 in
385 2667 709 2726 ἰσχυρισαίμην
735 2683 835 2713 corr
862 2672 911 2724 V,
944 2671 1034 2714 edd
1155 2675 1181 2714 8
1212 2667 1257 2713 τί
1279 2671 1315 2713 Ι
1430 2675 1484 2713 12
1517 2666 1697 2713 πώποτ’
1725 2667 1891 2725 scripsi

206 2741 230 2770 e
258 2729 301 2771 V
377 2730 561 2772 πώποτε
592 2728 762 2784 reliqui
793 2729 902 2772 libri
934 2730 1024 2773 edd
1053 2731 1058 2785 Ι
1087 2728 1276 2783 ἤλπισεν
1300 2730 1345 2773 Α
1497 2733 1552 2771 14
1584 2729 1738 2772 αὐτῶν
1769 2726 1902 2771 IBV

207 2786 308 2829 Mor
447 2792 500 2830 15
532 2794 623 2831 τῶν
655 2786 883 2832 τεκτόνων
916 2790 961 2832 Β
1114 2792 1165 2831 17
1198 2786 1423 2832 τάκείνων
1456 2787 1548 2831 edd
1588 2789 1595 2843 1
1638 2783 1775 2842 ἦρται
1805 2787 1839 2829 I

211 2850 262 2888 18
295 2844 351 2888 τὰ
379 2843 564 2890 ’κείνων
596 2848 641 2890 A
673 2846 755 2889 sed
786 2864 840 2903 γρ
865 2847 1041 2891 τούτων
1071 2846 1121 2890 in
1144 2860 1291 2903 marg,
1326 2847 1410 2890 Mo
1480 2843 1708 2889 τάκείνων
1739 2847 1892 2898 Fatua,

208 2904 288 2947 sed
322 2921 374 2960 γρ
399 2904 456 2948 τὰ
486 2905 662 2949 τούτων
694 2905 743 2948 in
766 2919 900 2962 marg
923 2905 993 2948 m²
1115 2909 1168 2949 19
1202 2902 1326 2950 διατί
1359 2905 1625 2949 AIBMoV
