1992 3094
193 99 303 152 364
718 97 946 141 LIBANII
979 95 1204 141 ORATIO
1236 95 1359 140 XLV
1930 0 1992 276 ἲ

191 237 398 287 πόθεν
444 233 522 286 ἂν
569 228 687 286 οὖν
736 232 1138 301 ἀμειψαίμην
1185 232 1299 284 τὸν
1338 232 1606 299 λύχνον,
1646 232 1703 285 εἰ
1741 230 1888 302 μήτ’
1955 247 1985 289 μ’

193 323 320 376 ἀπὸ
367 330 484 390 τῆς
531 330 652 390 γῆς
697 321 1048 390 ἀργύριον
1094 318 1312 389 ἔχοιμ’
1359 319 1440 372 ἂν
1487 319 1886 373 ἀνασπάσαι
1960 300 1978 380 ὅ

192 410 327 479 μήτ’
367 413 546 463 ἔστιν
586 410 614 463 ὁ
655 411 986 478 εἰσοίσων;
1026 417 1197 462 ταῦτα
1234 409 1405 462 εἰπὼν
1437 407 1648 461 ἀκούει·
1690 409 1797 462 διὰ
1826 410 1891 463 τί
1959 397 1978 468 2

194 500 267 552 οὐ
330 503 550 561 καλεῖς
613 500 720 551 διὰ
781 499 985 551 τῶνδε
1047 507 1174 551 τῶν
1236 496 1547 560 ἐξιόντων
1607 505 1887 565 γυναῖκα
1960 490 1970 523 ·.·

150 590 390 657 εδεῦρο
438 597 565 640 τῶν
613 587 713 639 ἐπὶ
762 588 1235 656 φιλανθρωπίᾳ
1284 584 1887 654 φιλοτιμουμένων,
1960 574 1965 581 ¹*

193 672 302 729 εἶτ’
343 676 736 746 αὐτῆςπρὸς
779 677 852 728 τὰ
899 677 1144 743 γόνατα
1190 675 1583 743 προσπεσὼν
1627 676 1887 738 πείθεις

192 772 687 834 προσαιτοῦσαν
727 764 1021 834 ἀγείρειν
1059 766 1123 816 τί
1158 779 1284 827 σοις
1323 761 1478 816 τουτὶ
1518 760 1578 816 δὲ
1611 762 1640 816 6
1672 762 1775 833 μέν
1805 782 1888 827 τις
1960 800 1964 803 »

103 865 206 908 RII
222 870 307 909 447
342 852 608 922 ἐδυνήθη,
649 853 677 906 ὁ
714 851 721 923 Ι
757 851 806 905 δ’
838 853 920 906 οὔ.
990 851 1118 923 παρ’
1151 852 1282 905 ὅτου
1316 852 1376 905 δὲ
1417 852 1520 905 οὐκ
1552 854 1638 905 ἔνι
1676 854 1886 921 λαβεῖν,

194 941 348 1008 ἀρκεῖ
385 951 738 1011 μαστιγῶσαι.

126 1052 168 1084 10
308 1031 388 1082 11.
429 1031 724 1100 Δακρύεις,
757 1027 798 1083 ὦ
831 1033 1075 1099 βασιλεῦ.
1129 1031 1307 1083 πολλὰ
1338 1029 1524 1099 ἀγαθά
1548 1045 1636 1083 σοι
1669 1027 1886 1097 γένοιτο

193 1119 286 1171 διὰ
324 1120 425 1187 τὴν
464 1121 606 1187 ἄγαν
644 1121 1001 1190 χρηστότητα,
1044 1117 1135 1172 καὶ
1175 1122 1364 1188 ἔγωγε,
1402 1119 1471 1188 νὴ
1509 1118 1608 1171 τὸν
1645 1119 1758 1171 Δία
1796 1117 1886 1172 καὶ
1958 1127 1964 1186 j

192 1207 398 1270 πάντας
437 1210 568 1270 τοὺς
606 1209 802 1276 θεούς,
849 1207 995 1261 τοῦτ’
1029 1210 1270 1271 ὄψεσθαι
1312 1207 1683 1277 προσεδόκων.
1760 1204 1888 1259 ἀλλ’
1951 1214 1962 1276 J

194 1296 373 1350 ὄντων
412 1297 612 1350 δεινῶν
651 1306 762 1350 τῶν
802 1296 1107 1366 εἰρημένων
1145 1295 1230 1350 ἔνι
1267 1317 1320 1350 τι
1358 1299 1566 1366 μεῖζον,
1613 1298 1662 1349 εἰ
1700 1298 1888 1364 μεῖζον
1958 1358 1961 1363 1

192 1379 271 1437 ὧν
325 1386 469 1453 ἔφην
520 1387 582 1439 τὸ
638 1387 921 1439 τεθνάναι.
998 1389 1312 1455 θνήσκουσι
1360 1386 1490 1455 γάρ,
1545 1381 1587 1437 ὦ
1630 1387 1888 1452 βασιλεῦ,
1951 1423 1962 1447 ⁷·

127 1494 168 1527 15
195 1476 507 1541 θνήσκουσι
568 1483 684 1537 τοῖς
746 1494 802 1527 τε
865 1475 1054 1537 ἄλλοις
1113 1483 1302 1537 κακοῖς
1360 1473 1452 1527 καὶ
1506 1474 1743 1545 μεγίστῳ
1798 1473 1888 1545 δή,
1950 1499 1962 1508 *v

192 1564 544 1632 στενοχωρίᾳ,
583 1565 787 1631 μυρίοι.
863 1564 954 1616 καὶ
994 1563 1023 1616 6
1062 1560 1165 1630 μὲν
1205 1563 1385 1633 φύλαξ
1425 1561 1714 1632 ἐμήνυσεν,
1756 1561 1784 1615 6
1826 1558 1888 1613 δ’
1951 1565 1957 1579 ¹

193 1651 377 1718 ἄρχων
424 1651 591 1704 οὐδὲν
636 1660 700 1720 τῇ
747 1659 896 1721 ψυχῇ
943 1653 1145 1705 παθὼν
1183 1652 1421 1705 θάπτειν
1468 1650 1740 1719 ἐπέτρεψε.
1816 1654 1892 1722 τῷ
1951 1660 1954 1662 ’

194 1736 241 1790 δ’
289 1737 560 1811 ᾐτιαμένῳ
615 1741 715 1808 τὴν
769 1741 943 1811 ἀρχὴν
997 1739 1182 1803 οὐδεὶς
1236 1742 1434 1810 φόβος,
1488 1738 1605 1793 ἀλλ’
1652 1739 1785 1792 οὐδὲ
1838 1738 1886 1791 εἰ

193 1826 480 1896 τέθνηκεν,
519 1824 687 1882 οἶδεν.
765 1829 1188 1899 ἀποθνήσκουσι
1234 1826 1294 1882 δὲ
1334 1828 1396 1883 ἐν
1434 1830 1653 1892 τούτοις
1693 1827 1889 1881 δοῦλοί
1943 1867 1949 1871 -

128 1938 171 1969 20
195 1935 250 1968 τε
293 1914 353 1968 ἐν
393 1922 493 1988 ἴσῳ
533 1918 622 1970 καὶ
663 1916 968 1986 ἐλεύθεροι,
1016 1920 1067 1971 οὶ
1108 1919 1210 1987 μὲν
1249 1918 1418 1972 οὐδὲν
1455 1918 1794 1987 ἠδικηκότες,
1833 1915 1887 1968 οἱ
1941 1929 1950 1993 ‘3

194 2002 244 2056 δ’
276 2004 378 2057 οὐκ
416 2003 540 2068 ἄξια
577 2007 845 2060 θανάτου.
922 2008 975 2060 οἱ
1021 2006 1149 2060 θεοὶ
1198 2003 1259 2059 δὲ
1298 2014 1470 2059 ταῦτα
1512 2011 1698 2059 ἴσασιν
1737 2006 1795 2059 οἳ
1827 2023 1884 2058 τε
1947 1996 1950 1998 ’

195 2092 350 2145 ἄλλοι
389 2094 479 2146 καὶ
523 2093 552 2147 ὁ
593 2094 770 2147 πάντα
810 2095 1034 2166 ἐφορῶν
1059 2094 1270 2158 ''HJ-tog.
1347 2088 1431 2158 οἷς
1470 2095 1572 2148 οὐκ
1611 2093 1682 2147 ἂν
1721 2095 1886 2163 φαίης
1939 2106 1942 2110 ’

193 2181 257 2232 τὰ
302 2189 530 2234 τοιαῦτα
577 2181 844 2252 ἀρέσκειν.
922 2183 1044 2237 ἀντὶ
1093 2181 1153 2237 δὲ
1200 2194 1312 2237 τῶν
1350 2183 1627 2237 ἀπιόντων
1666 2185 1782 2235 ἔστι
1822 2183 1884 2234 τὸ
1934 2178 1945 2224 ’ἱ

193 2270 330 2336 πρὸς
369 2270 468 2321 τὸν
508 2271 713 2339 δεσμὸν
744 2271 1016 2341 ἀγόμενον
1048 2272 1079 2341 ἢ
1115 2273 1216 2326 οὐκ
1248 2275 1476 2325 ἔλαττον
1507 2270 1539 2339 ἢ
1571 2272 1662 2324 καὶ
1701 2269 1884 2324 πλέον.
1941 2301 1945 2319 1

315 2418 337 2456 7
372 2414 427 2459 cf.
455 2430 498 2471 p.
521 2419 618 2469 180,
638 2421 693 2460 22
818 2422 871 2460 16
904 2433 948 2474 p.
970 2422 1134 2473 186‚14
1259 2422 1312 2460 22
1346 2416 1430 2461 Od.
1456 2419 1479 2460 λ
1508 2421 1605 2460 109.
1637 2434 1668 2473 μ
1693 2420 1777 2459 323

313 2553 334 2590 1
371 2544 456 2591 οὖν
488 2546 548 2592 ἂν
584 2549 692 2593 ΟΡα
827 2555 852 2592 3
887 2551 967 2595 διὰ
998 2549 1042 2595 τί
1072 2551 1141 2594 Re
1203 2548 1329 2596 διατί
1359 2549 1468 2593 libri
1502 2549 1592 2594 (ἰοὺ
1735 2552 1760 2591 4
1791 2555 1882 2592 τῶν

194 2607 336 2649 δετῶν
369 2605 460 2650 Got
581 2612 602 2651 7
635 2611 990 2662 προσελθοῦσαν
1024 2611 1069 2654 Β
1105 2613 1110 2665 Ι
1150 2607 1352 2667 ἀγείρειν
1384 2609 1549 2664 scripsi
1611 2607 1742 2665 ἄγειν
1771 2605 1880 2650 libri

194 2664 283 2707 edd
404 2670 430 2708 8
463 2664 487 2710 ὃ
522 2667 562 2709 Α
628 2664 652 2710 ὅ
685 2668 730 2710 Ρ
758 2668 838 2711 sed
873 2668 884 2683 ‘
915 2669 964 2712 in
995 2682 1070 2712 ras
1101 2668 1183 2722 m²‚
1216 2671 1262 2714 B
1297 2671 1303 2725 Ι
1338 2669 1388 2712 δὲ
1422 2668 1488 2710 Re
1611 2671 1635 2710 9
1669 2665 1880 2722 deciana?

255 2728 308 2765 13
341 2724 406 2768 ἔτι
438 2725 506 2768 Re
533 2728 539 2781 Ι
566 2724 611 2769 τί
640 2727 768 2770 IBV
888 2733 941 2770 16
973 2730 1054 2772 καὶ
1086 2742 1160 2771 om
1186 2727 1277 2772 Got
1400 2732 1453 2771 18
1478 2727 1634 2776 οὐδεὶς
1657 2724 1822 2781 scripsi

194 2782 371 2832 οὐδεεῖς
404 2784 445 2827 V
500 2784 608 2828 οὐδὲ
642 2782 707 2835 εἷς
736 2786 905 2842 reliqui
937 2786 1045 2830 libri
1078 2787 1167 2830 edd
1197 2791 1202 2842 1
1231 2784 1335 2831 οὐδ’
1364 2787 1431 2830 Re
1555 2790 1607 2829 19
1641 2781 1766 2830 εἶδεν
1790 2784 1835 2828 Β
1869 2782 1875 2842 Ι

194 2837 240 2884 δ”
268 2840 335 2884 Re
456 2846 512 2885 20
545 2843 591 2887 οἳ
621 2845 666 2888 Α
729 2843 780 2888 οῖ’
805 2846 851 2888 P
879 2847 960 2889 sed
995 2845 1007 2860 '
1037 2847 1086 2889 in
1117 2859 1194 2889 ras
1225 2846 1309 2899 ω’,
1341 2846 1470 2891 IBV
1584 2848 1638 2887 21
1674 2842 1725 2888 δὲ
1753 2842 1820 2886 Re

253 2903 308 2940 23
342 2899 435 2944 ἔστι
468 2901 632 2957 scripsi
665 2916 689 2946 e
723 2904 765 2947 V
821 2904 914 2948 ἐστὶ
944 2904 1113 2961 reliqui
1144 2904 1254 2947 libri
1287 2904 1378 2948 Got
1439 2905 1514 2949 ἐπὶ
1546 2903 1614 2946 Re
