1992 3094
1871 0 1992 122 ,Ἢ

183 142 290 212 190
688 141 916 185 LIBANII
949 140 1171 186 ORATIO
1204 141 1396 186 XXXIV

293 281 466 331 Oratio
517 284 732 343 primum
778 297 808 328 a
846 281 961 330 Fed.
992 281 1243 330 Morello
1283 284 1318 330 t.
1343 281 1395 329 II
1424 298 1472 343 p.
1500 282 1686 344 637sq.
1733 297 1867 330 men·

181 356 294 405 dose
337 355 621 416 admodum,
668 355 790 417 quin
837 355 988 404 etiam
1026 371 1087 402 ne
1126 371 1226 404 uno
1273 355 1474 417 quidem
1518 357 1686 404 tenore
1734 355 1868 405 edita

182 433 270 478 est.
346 430 476 478 Nam
514 430 652 491 prius
693 422 764 495 (p.
793 423 924 496 641)
963 430 1015 477 in
1053 430 1217 478 media
1256 430 1478 478 oratione
1516 429 1678 477 verbis
1716 443 1866 494 προσ-

183 504 354 552 δοκᾶτε
386 510 473 552 τοῦ
502 506 687 552 πολλοῦ
725 502 905 568 χρόνου
939 503 1080 565 quasi
1111 503 1222 552 finis
1254 506 1431 564 essent,
1462 503 1688 552 substitit
1718 503 1868 552 verba

179 576 237 625 τὰ
275 584 372 626 τῶν
411 575 808 641 ἐπιτηδευμάτων
847 573 979 626 ἆθλα
1026 577 1290 641 affingens,
1337 579 1511 640 postea
1549 577 1746 625 demum
1782 577 1867 626 ubi

178 653 231 699 in
270 652 394 700 folia
430 651 570 713 prius
612 653 793 700 amissa
831 651 911 699 vel
957 651 1132 700 relicta
1178 652 1375 712 incidit,
1426 667 1551 714 quae
1596 651 1672 699 his
1711 652 1864 700 conti-

179 725 424 773 nebantur
462 725 712 774 corollarii
757 725 866 773 loco
907 725 1099 773 addidit
1145 718 1215 792 (p.
1245 717 1575 791 675—680).
1651 725 1782 774 Fons
1821 726 1868 774 ei

179 800 297 860 fuit⁷
351 802 408 847 ut
458 799 564 861 ipse
611 801 704 859 ait,
757 799 902 848 codex
948 799 1247 861 Bavaricus,
1300 815 1472 848 revera
1526 799 1867 863 apographum

179 873 360 922 codicis
398 874 704 922 Monacensis
743 889 920 935 parum
959 873 1224 936 diligenter
1261 874 1462 922 factum.

291 947 431 995 Vitia
462 947 607 995 huius
633 947 863 996 editionis
886 948 1047 996 multa
1067 947 1336 996 divinando
1368 948 1567 996 sanavit
1588 947 1866 995 Reiskius
1943 936 1949 939 i

178 1020 677 1069 Animadversionum
729 1022 979 1069 volumine
1035 1022 1209 1084 quinto
1264 1039 1310 1084 p.
1352 1022 1668 1083 435—442‚
1722 1021 1867 1084 plura

180 1111 271 1157 ope
318 1094 540 1143 codicum
577 1095 863 1158 Augustani
910 1097 959 1143 et
1001 1095 1309 1144 Monacensis
1355 1096 1408 1143 in
1454 1096 1669 1143 editione
1717 1110 1866 1157 quam

178 1185 303 1217 uxor
339 1169 490 1231 prelis
530 1169 775 1217 commisit
811 1171 847 1217 t.
871 1169 924 1217 Π
959 1186 1007 1232 p.
1036 1171 1341 1218 266—283.
1417 1169 1476 1216 In
1519 1185 1668 1231 quam
1714 1170 1866 1218 etiam

179 1244 442 1305 pleraeque
480 1245 628 1291 notae
666 1243 1166 1293 Animadversionum
1202 1245 1521 1293 transierunt.

289 1317 542 1366 Nonnulla
582 1320 895 1366 correxerunt
935 1317 1193 1366 Cobetus
1234 1320 1382 1380 atque
1424 1317 1705 1365 Sintenis.
