1992 3094
211 120 318 172 306
738 118 968 161 LIBANH
1000 117 1224 163 ORATIO
1257 118 1380 163 XLII

320 265 366 310 2.
406 260 819 309 Monacensis
859 275 929 321 gr.
965 259 1071 306 483
1114 259 1235 306 olim
1272 259 1662 324 Augustanus
1703 255 1798 329 (=
1835 257 1907 331 A)
1989 315 1992 317 ,

208 353 328 385 saec.
355 337 399 383 X
438 335 522 384 fol.
554 334 696 381 186³&
774 331 900 379 Vide
939 334 976 379 t.
1002 332 1027 379 I
1056 349 1103 394 p.
1133 335 1199 380 15
1215 348 1285 394 sq.
1365 332 1579 381 Contuli.

319 419 364 466 3.
404 416 737 464 Vaticanus
776 413 1095 461 Palatinus
1136 431 1207 477 gr.
1243 415 1347 461 282
1393 408 1487 481 (=
1521 415 1582 482 P)
1624 432 1748 466 saec.
1780 418 1902 466 XIV
1987 471 1989 474 ,

205 493 289 539 fol.
319 493 439 540 251.
508 489 634 536 Vide
674 490 709 535 t.
735 488 760 534 Ι
790 504 837 549 p.
866 489 934 535 20
954 502 1023 549 sq.
1103 487 1317 537 Contuli.

316 575 362 620 4.
403 571 733 619 Vaticanus
773 584 851 632 gr.
887 569 955 615 84
997 584 1125 616 anno
1163 570 1302 616 1425
1346 570 1388 617 si
1426 571 1589 618 minus
1630 587 1654 618 e
1686 572 1734 618 P
1769 576 1902 622 certe

204 663 259 695 ex
300 647 470 695 eodem
510 646 644 692 fonte
695 643 967 704 descriptus
1014 643 1098 690 fol.
1133 644 1253 691 210.
1333 643 1458 691 Vide
1497 646 1531 692 t.
1565 644 1590 692 I
1628 662 1674 707 p.
1701 648 1807 694 415
1829 662 1900 709 sq.

315 729 359 775 5.
397 725 952 775 Cheltenhamensis
990 725 1173 772 10618
1209 721 1897 789 saec.XV11sXV111fol.56

202 818 231 848 a
269 801 524 850 Leonardo
564 800 776 848 Adami
815 813 840 844 e
871 798 918 844 P
943 800 1273 859 transcriptus
1313 814 1426 846 cum
1458 799 1681 848 versione
1722 802 1899 852 latina.

200 875 396 923 Desinit
452 873 610 923 verbis
663 872 716 922 τὸ
774 878 973 936 πρᾶγμα
1028 872 1193 920 δοκεῖν
1246 889 1293 934 p.
1337 875 1458 935 329,
1479 875 1524 921 9.
1622 874 1745 922 Vide
1793 878 1827 924 t.
1874 876 1900 923 Ι

198 966 244 1011 p.
275 951 376 997 282
397 965 466 1011 sq.
1960 963 1962 965 ·

312 1031 356 1078 6.
397 1030 838 1092 Neapolitanus
878 1027 993 1075 HE
1027 1029 1091 1074 17
1135 1042 1258 1075 saec.
1292 1028 1411 1076 XIV
1449 1030 1534 1078 fol.
1570 1031 1691 1078 186.
1768 1030 1898 1080 Vide

200 1107 231 1151 t.
264 1104 288 1151 I
327 1122 372 1166 p.
409 1107 597 1166 211sq.
640 1107 688 1151 et
730 1105 849 1152 392.

312 1188 356 1234 7.
389 1186 717 1234 Vaticanus
758 1203 836 1248 gr.
862 1186 927 1233 81
964 1177 1059 1250 (=
1078 1176 1179 1250 Va)
1214 1199 1336 1231 saec.
1354 1184 1446 1231 XV
1478 1185 1704 1234 fol.256.
1767 1186 1895 1234 Vide

195 1262 230 1306 t.
271 1259 296 1306 I
341 1277 389 1322 p.
429 1262 532 1308 209
554 1276 624 1322 sq.
717 1259 936 1308 Allatius
991 1257 1208 1320 margini
1262 1259 1367 1306 eius
1424 1259 1659 1307 lectiones
1714 1261 1898 1310 codicis

194 1333 455 1382 Barberini
495 1334 771 1396 adscripsit.
851 1332 1066 1382 Contuli.

309 1416 355 1463 8.
388 1416 726 1464 Marcianus
752 1416 999 1477 append.
1017 1412 1129 1462 XCI
1148 1415 1178 1460 2
1199 1407 1357 1480 (=1)
1384 1429 1508 1462 saec.
1524 1414 1644 1461 XIV
1666 1415 1751 1463 fol.
1771 1417 1895 1465 313.

194 1487 319 1535 Vide
350 1491 387 1537 t.
412 1490 437 1536 I
466 1507 514 1551 p.
542 1492 645 1537 217
667 1505 736 1552 sq.
817 1488 1030 1538 Contuli.

308 1572 352 1617 9.
393 1570 753 1619 Vaticanus
793 1570 1078 1619 Urbinas
1118 1585 1197 1635 gr.
1235 1571 1337 1616 125
1381 1585 1505 1618 saec.
1537 1569 1656 1616 XIV
1694 1571 1779 1618 fol.
1809 1572 1892 1619 78.

192 1643 317 1691 Vide
356 1646 389 1691 t.
422 1645 447 1692 I
486 1662 531 1707 p.
569 1648 758 1708 214sq.

307 1727 387 1773 10.
427 1726 796 1775 Barberinus
829 1727 880 1774 II
898 1730 963 1775 41
996 1721 1090 1795 (Ξ
1108 1721 1174 1795 Β)
1209 1740 1330 1775 saec.
1350 1724 1442 1771 XV
1466 1725 1550 1772 fol.
1573 1727 1693 1774 179.
1763 1725 1889 1774 Vide

190 1800 225 1845 t.
250 1798 276 1846 Ι
306 1816 351 1860 p.
381 1801 447 1847 24
464 1816 533 1862 sq.
603 1801 820 1850 Allatius
851 1803 905 1849 in
936 1804 1158 1866 margine
1194 1802 1430 1849 lectiones
1462 1799 1626 1847 varias
1667 1799 1889 1847 codicum

191 1871 424 1935 Palatini,
464 1874 823 1923 Vaticanorum
865 1878 930 1924 81
976 1879 1026 1924 et
1066 1877 1135 1923 84
1176 1875 1449 1923 adnotavit.
1530 1872 1742 1921 Contuli.

305 1957 384 2002 11.
433 1956 804 2005 Marcianus
852 1975 929 2021 gr.
964 1960 1070 2006 437
1115 1951 1209 2025 (=
1241 1951 1315 2024 M)
1358 1969 1481 2002 saec.
1514 1955 1606 2001 XV
1645 1955 1728 2002 fol.
1766 1956 1888 2003 137.
1942 2007 1948 2019 ,

190 2027 315 2075 Vide
354 2031 388 2076 t.
421 2029 446 2075 I
483 2046 531 2091 p.
559 2032 663 2078 213
683 2046 752 2093 sq.
833 2031 1044 2080 Contuli.

304 2104 385 2149 12.
425 2102 910 2154 vindobonensis
946 2107 1089 2169 phil.
1115 2125 1192 2171 gr.
1218 2106 1383 2154 XCIII
1416 2099 1510 2172 (ε
1536 2096 1604 2169 V)
1640 2117 1762 2150 saec.
1789 2102 1889 2151 XII

189 2174 271 2222 fol.
301 2178 444 2223 232‘7.
521 2177 647 2226 Vide
679 2181 712 2227 t.
739 2179 764 2226 I
795 2196 842 2241 p.
870 2181 937 2228 35
954 2197 1024 2244 sq.
1059 2184 1109 2230 et
1142 2183 1262 2229 236.
1343 2178 1556 2228 Contuli.

301 2256 396 2312 Qui
455 2259 507 2305 in
562 2259 686 2307 duas
742 2261 1119 2325 distinguuntur
1173 2263 1389 2311 familias
1453 2275 1664 2322 quarum
1725 2258 1885 2306 altera

188 2329 351 2377 codice
403 2332 455 2391 V,
502 2334 639 2394 prior
676 2335 883 2395 reliquis
924 2336 1172 2385 codicibus
1212 2338 1505 2385 continetur.
1581 2333 1887 2381 Vaticanum

185 2418 301 2450 vero
341 2421 412 2467 gr.
440 2407 533 2467 84,
575 2405 1086 2471 Cheltenhamcnsem,
1133 2412 1542 2473 Neapolitanum,
1587 2406 1882 2454 Urbinatem

186 2478 358 2524 missos
397 2479 504 2527 feci.
585 2479 1035 2531 Cheltenhamensis
1078 2486 1207 2531 enim
1248 2500 1272 2532 e
1311 2486 1375 2544 P,
1414 2483 1687 2530 Vaticanus
1729 2480 1797 2526 84
1838 2482 1885 2528 si
1926 2491 1947 2514 ἒ

186 2551 347 2597 minus
388 2568 444 2598 ex
484 2553 654 2600 eodem
698 2555 884 2616 codice,
933 2561 1062 2605 certe
1110 2574 1167 2605 ex
1215 2559 1384 2606 eodem
1432 2556 1699 2616 exemplari
1744 2569 1883 2600 men-

186 2622 301 2671 dose
339 2627 666 2688 transcriptus
706 2631 801 2690 est3
845 2630 1203 2692 Neapolitanus
1244 2633 1307 2678 ad
1344 2633 1476 2679 idem
1516 2630 1765 2691 exemplar
1804 2630 1877 2675 at-

187 2712 279 2756 que
318 2697 588 2748 Vaticanus
630 2702 695 2749 81
738 2703 887 2764 redit,
937 2705 1148 2754 Urbinas
1197 2721 1255 2752 ex
1301 2706 1471 2753 eodem
1510 2704 1647 2750 fonte
1687 2717 1787 2764 quo
1826 2701 1877 2748 B

185 2773 234 2816 et
271 2771 338 2817 M
372 2772 644 2834 descriptus
686 2778 772 2823 est.

297 2843 490 2908 Singuli
537 2863 650 2894 vero
700 2849 888 2897 codices
938 2867 1033 2911 quo
1081 2853 1455 2902 necessitudinis
1503 2852 1699 2902 vinculo
1746 2852 1882 2898 inter

184 2930 234 2962 se
276 2920 526 2967 coniuncti
565 2920 677 2981 sint,
716 2923 808 2970 hoc
846 2923 939 2970 tibi
979 2928 1186 2973 stemma
1227 2929 1339 2973 ante
1380 2928 1545 2975 oculos
1583 2927 1747 2988 ponit:
