1992 3094
252 96 480 140 LIBANII
512 96 736 141 ORATIO
768 95 887 142 PRO
919 97 1235 143 AGRICOLIS
1268 97 1346 141 DE
1378 97 1666 142 ANGARIIS
1727 98 1835 151 483

148 233 303 285 δεινὰ
349 231 474 301 μέν,
523 234 578 284 εῑ-
617 231 706 285 καὶ
750 234 895 302 παρὰ
942 242 1053 285 τῶν
1092 235 1370 302 πολεμίων
1408 236 1679 302 γίγνοιτο,
1728 235 1836 287 δει-

148 323 348 387 νότερα
387 319 464 389 δέ,
505 321 638 373 ὅταν
668 321 777 374 ὑπὸ
818 330 929 374 τῶν
968 320 1056 375 ἐπὶ
1097 325 1338 392 σωτηρίᾳ
1377 342 1433 376 τε
1473 321 1562 374 καὶ
1602 324 1837 394 βοηθείᾳ

147 407 275 477 παρ’
321 409 478 476 ὑμῶν
522 409 900 476 πεμπομένων.
977 409 1067 462 καὶ
1115 409 1317 479 πληγαὶ
1366 410 1451 475 δέ,
1504 407 1544 463 ὦ
1591 413 1836 478 βασιλεῦ,

150 499 435 566 γίγνονται
473 499 620 566 παρὰ
658 507 769 550 τῶν
808 499 1024 561 τούτοις
1056 497 1437 567 ἐφεστηκότων
1477 509 1837 567 στρατιωτῶν.

146 587 236 639 καὶ
291 587 324 655 ἡ
378 584 481 655 μὲν
533 589 830 656 πρόφασις·
886 587 1002 640 οὐκ
1056 586 1249 650 ὀξέως
1304 589 1551 641 ἅπαντα
1600 598 1837 655 ποιεῖς,
1886 609 1904 640 5

148 673 282 728 ἀλλ’
334 675 565 738 ὕπτιος
619 672 678 728 εἷ
727 677 834 729 καὶ
890 677 1161 745 βραδύς,
1216 678 1276 729 τὸ
1334 675 1380 729 δ’
1437 676 1659 745 ἀληθές·
1723 677 1838 730 οὐκ

148 766 328 817 ἔστιν
375 763 696 833 ἀργύριόν
742 780 846 817 σοι
894 761 1049 817 οὐδὲ
1099 766 1197 817 ἔνι
1247 768 1360 831 μοί
1401 785 1460 817 τι
1506 767 1675 834 παρὰ
1721 773 1838 818 σοῦ

148 855 389 920 λαβεῖν.
467 854 659 906 δίδου
709 855 942 906 τοίνυν
996 852 1267 922 ἀτυχίας
1321 855 1526 921 δίκην.
1611 855 1696 906 28.
1749 855 1839 907 καὶ

149 934 232 1003 οἷς
277 938 379 1010 μὲν
426 943 601 1008 ἔστιν,
650 939 691 994 ὦ
733 945 988 1009 βασιλεῦ,
1037 946 1234 995 σακκία
1281 951 1438 995 σῖτον
1484 943 1516 1011 ἢ
1563 944 1763 1012 κριθὰς
1806 945 1840 1012 ἤ

148 1050 201 1083 τι
239 1037 499 1084 τοιοῦτον
534 1030 780 1099 ἀγρόθεν
819 1029 1159 1100 ἐνηνοχόσιν,
1199 1027 1364 1098 ἧττον
1403 1032 1463 1083 τὸ
1502 1033 1693 1083 κακόν·
1732 1038 1839 1084 νῦν
1865 1053 1906 1084 10

150 1117 211 1172 δὲ
258 1118 348 1172 καὶ
396 1127 511 1181 τοῖς
557 1119 713 1188 χιλὸν
751 1121 1104 1188 κεκομικόσιν
1153 1124 1239 1188 ἴση
1288 1127 1388 1172 τοῦ
1431 1127 1601 1172 ταῦτα
1641 1119 1841 1190 ὑπηρε-

147 1217 267 1262 τεῖν
306 1208 534 1276 ἀνάγκη,
575 1210 817 1261 σακκίων
856 1205 916 1261 δὲ
957 1209 1059 1261 οὐκ
1098 1210 1277 1262 ὄντων
1309 1210 1369 1261 τὸ
1403 1216 1500 1262 τοῦ
1534 1216 1840 1277 γεωργοῦν-

149 1317 242 1360 τος
291 1297 506 1365 ἱμάτιον
554 1295 667 1349 ἀντ’
710 1295 925 1350 ἐκείνου
965 1299 1212 1365 γίγνεται
1256 1307 1442 1367 χεῖρον
1485 1297 1630 1369 αὐτῷ
1664 1298 1840 1368 τούτῳ

150 1387 579 1452 καθιστάμενον,
618 1388 679 1438 τό
720 1405 777 1438 τε
809 1388 1025 1456 σαπρὸν
1063 1388 1125 1439 τό
1164 1407 1222 1439 τε
1261 1387 1328 1439 οὐ
1369 1389 1595 1454 σαπρόν.
1663 1389 1841 1438 καίτοι

148 1484 264 1537 πῶς
314 1473 384 1528 ἂν
437 1477 643 1543 ταύτην
693 1473 910 1544 ἐνέγκαι
966 1476 1206 1545 γεωργὸς
1254 1477 1356 1544 τὴν
1407 1477 1623 1543 ζημίαν,
1678 1467 1719 1546 ᾧ
1767 1477 1840 1543 μὴ
1866 1495 1907 1527 1⁵

151 1561 304 1616 ἔστιν
343 1563 534 1632 ἕτερον
574 1565 792 1633 αἰτῆσαι
830 1566 978 1634 παρὰ
1015 1573 1110 1634 τῆς
1148 1566 1428 1632 γυναικός,
1473 1558 1514 1636 ᾧ
1547 1565 1611 1616 τὰ
1650 1564 1842 1616 παιδία

152 1653 359 1720 γυμνάς
437 1652 523 1705 29.
579 1651 637 1705 ἐκ
684 1653 786 1721 μὲν
832 1649 936 1706 οὗν
982 1661 1082 1707 τοῦ
1129 1661 1332 1706 τοῦτον
1376 1654 1474 1705 τὸν
1513 1654 1720 1721 τρόπον
1758 1650 1841 1705 ἐκ-

153 1743 458 1810 φορεῑσθαί
515 1762 567 1794 τι
630 1749 728 1794 τοῦ
790 1750 892 1810 χοῦ
947 1743 1209 1812 γηράσκει
1270 1739 1372 1809 μὲν
1433 1748 1506 1813 τῷ
1564 1740 1842 1812 ἀνθρώπῳ

151 1834 363 1882 θᾶττον
401 1829 434 1898 ἢ
475 1831 559 1883 δεῖ
602 1831 924 1898 θοιμάτιον,
970 1830 1122 1900 μένει
1162 1828 1222 1884 δὲ
1264 1832 1408 1900 ὅμως
1448 1830 1609 1901 αὐτῷ.
1687 1830 1742 1882 αἱ
1782 1829 1843 1882 δὲ
1867 1850 1908 1882 19

153 1926 263 1970 τῶν
300 1923 575 1987 πυλωρῶν
615 1918 881 1987 ἁρπαγαί,
919 1921 1120 1990 μικρὸν
1170 1919 1176 1987 Ι
1224 1921 1398 1972 εἰπεῖν
1435 1921 1696 1987 χαλινοὺς
1725 1929 1930 1973 RII566

154 2007 301 2059 ὄνων
354 2007 444 2060 καὶ
510 2007 735 2075 ἱμάντας
791 2006 1009 2077 ἑτέρους
1061 2009 1152 2061 καὶ
1214 2011 1432 2077 σχοινία
1492 2007 1579 2059 καὶ
1643 2007 1843 2075 ἄρτους

73 2119 75 2122 ·
153 2095 563 2164 κεκρυμμένους
605 2096 1011 2166 ῑχνευομένους,
1051 2096 1167 2150 ἀλλ’
1200 2098 1247 2150 εἰ
1280 2098 1351 2166 μὴ
1383 2096 1473 2149 καὶ
1511 2096 1612 2148 τὸν
1642 2104 1842 2164 χιτῶνα

154 2184 326 2237 αὐτὸν
375 2184 807 2254 προσαφέλοιτο,
862 2189 1390 2256 φιλανθρωπότερος
1440 2182 1583 2247 ἀξιοῖ
1635 2185 1842 2250 νομίζε-

155 2278 304 2325 σθαι.
382 2274 504 2342 περὶ
544 2270 646 2342 μὲν
686 2276 790 2344 γὰρ
829 2276 929 2328 τὸν
965 2277 1205 2328 εἰσιόντα
1236 2282 1407 2327 ταῦτα
1437 2280 1712 2337 ποιοῦσιν,
1752 2272 1841 2338 ὡς,

156 2361 203 2412 εἰ
249 2359 437 2429 φέρων
484 2361 688 2431 ὀφθείη
737 2371 897 2432 χοῦν,
945 2363 1351 2430 ἀποδώσοντες,
1401 2359 1843 2429 ἀναστρέφοντος
1867 2380 1908 2412 26

275 2525 330 2564 20
364 2521 420 2565 ef.
445 2537 492 2578 p.
511 2526 610 2576 282,
625 2526 677 2565 10

276 2672 300 2710 2
334 2668 426 2711 ὑπὸ
458 2669 504 2711 Ρ
532 2669 613 2713 sed
644 2670 710 2713 ὑπ
740 2669 789 2712 in
820 2683 896 2713 ras
926 2670 996 2713 ω’
1146 2675 1171 2713 ὅ
1204 2676 1355 2719 ποιεῖς
1385 2682 1458 2711 om
1491 2669 1522 2711 Ι
1675 2671 1697 2709 7
1730 2663 1838 2711 οὐδ’

1455 2727 1591 2782 ἐνηνο
1623 2724 1723 2770 όσιν

158 2783 224 2827 Re
245 2785 251 2843 Ι
270 2782 315 2828 τί
339 2786 463 2830 ΑΡΙ
483 2784 598 2845 Got!
625 2787 755 2842 παρά
779 2801 862 2831 σου
886 2787 954 2831 Re
1061 2792 1086 2830 9
1120 2784 1148 2842 ἣ
1171 2784 1216 2830 τί
1239 2786 1272 2829 Ι
1373 2790 1428 2829 10
1461 2742 1735 2841 ἐνηνόκχασιν
1762 2785 1841 2829 CA

219 2848 272 2886 13
306 2842 497 2888 ἐκείνων
527 2844 595 2888 Re
729 2851 783 2889 16
815 2849 1004 2903 ζητῆσαι
1037 2847 1070 2890 I
1196 2850 1249 2888 17
1283 2842 1367 2889 οὖν
1399 2851 1480 2888 τοῦ
1513 2846 1558 2888 Ρ
1587 2843 1668 2888 sed
1701 2861 1727 2887 ν
1758 2859 1842 2887 του

157 2901 207 2944 in
238 2916 313 2946 ras
346 2901 414 2945 ω’
536 2908 590 2948 18
621 2911 703 2948 τοῦ
734 2912 818 2962 χοῦ
851 2919 876 2949 e
906 2905 988 2949 τὸν
1018 2912 1133 2962 χοῦν
1166 2918 1267 2948 corr
1297 2905 1340 2947 A

1489 2976 1574 3020 31*
