1992 3094
175 121 282 173 320
698 116 925 161 LIBANH
957 114 1180 162 ORATIO
1213 114 1335 157 XLII

176 257 326 325 ὁρᾶν.
404 253 500 315 οὓς
538 252 778 320 μέτεισιν
818 252 846 306 ὁ
886 251 1138 320 κηδεμὼν
1176 258 1271 318 τῆς
1309 251 1516 317 βουλῆς
1563 248 1695 301 οὐδὲ
1739 255 1862 317 γρῦ.

174 344 476 411 κατάστηθι
524 343 591 410 δὴ
638 343 716 404 εἰς
763 344 883 410 ἔριν
923 338 1191 407 δεομένην
1237 339 1420 405 λόγων
1457 337 1595 407 πρὸς
1633 337 1732 389 τὸν
1770 335 1864 389 ἀν-

87 446 127 488 R
152 445 293 487 11402
327 429 481 493 άξιον
515 431 521 497 Ι
556 437 655 482 τοῦ
688 430 988 498 συνεδρίου
1019 435 1234 480 τοῦτον.
1301 425 1446 479 οὕτω
1479 426 1581 495 γὰρ
1616 430 1751 494 εἴσῃ,
1782 425 1866 487 τίς

176 521 254 572 ὢν
305 521 428 572 τίνα
480 518 937 587 προύπηλάκιζες,
1000 514 1115 569 ἐπεὶ
1169 513 1260 568 καὶ
1317 515 1419 568 ὅσα
1474 521 1632 584 νικᾷς
1685 512 1746 566 ἐν
1799 520 1863 583 τῇ

133 632 151 663 5
178 611 375 677 βουλῇ,
422 615 632 677 κραυγῇ
680 607 769 659 καὶ
815 606 1088 674 θορύβοις
1126 611 1284 674 νικᾷς
1322 602 1413 656 καὶ
1455 611 1572 666 τοῖς
1610 602 1716 655 ἀπὸ
1754 611 1866 655 τῶν

177 697 361 763 κύβων
413 698 749 764 μαθήμασιν.
841 695 926 746 26.
998 694 1161 756 αὐτὸς
1222 694 1416 746 τοίνυν
1478 687 1641 754 οὗτος
1697 692 1866 744 τίνων

177 784 348 848 ἑστίν;
396 780 501 853 ἆρά
544 804 604 851 γε
643 794 754 836 τῶν
792 785 895 851 τὴν
926 781 1133 852 Ῥώμην
1171 782 1480 835 κτισάντων
1517 780 1549 848 ἢ
1589 791 1700 833 τῶν
1738 781 1868 842 τοὺς

177 875 380 941 νόμους
429 873 646 926 θέντων
692 872 723 940 ἢ
772 883 883 925 τῶν
937 872 1214 939 ὑπηκόους
1268 869 1622 939 κτησαμένων
1675 870 1707 938 ἢ
1756 878 1868 922 τῶν

177 963 236 1014 τὸ
299 963 503 1030 κτηθὲν
566 960 952 1031 φυλαξάντων;
1023 961 1088 1013 οὐ
1150 961 1224 1026 μὰ
1285 962 1421 1027 Δία,
1485 957 1599 1011 ἀλλ’
1655 954 1725 1026 ’ἧν
1785 979 1869 1022 τις

114 1049 428 1112 ιοὈπτάτος
467 1051 800 1119 γραμμάτων
840 1051 1192 1117 διδάσκαλος,
1233 1047 1292 1111 ὃς
1331 1047 1422 1101 καὶ
1464 1049 1731 1119 Λικιννίῳ
1770 1048 1869 1101 τὸν

178 1140 347 1191 παῖδα
379 1146 548 1191 ταῦτα
579 1137 868 1191 ἐδίδασκεν
899 1138 1003 1191 άπὸ
1039 1139 1202 1190 δυοῖν
1234 1138 1428 1206 ἄρτοιν
1458 1137 1546 1189 καὶ
1579 1145 1674 1205 τῆς
1701 1137 1868 1205 ἄλλης

178 1235 385 1296 τροφῆς
417 1227 448 1295 ἣ
483 1228 699 1289 τούτοις
733 1226 1098 1292 συνέζευκται.
1167 1222 1259 1278 καί
1293 1243 1425 1278 ποτε
1457 1228 1680 1295 πορείας
1713 1244 1869 1294 γενο-

179 1315 341 1384 μένης
381 1317 458 1378 εἰς
499 1317 903 1384 Παφλαγονίαν
943 1315 1090 1387 αὐτῷ
1123 1315 1382 1368 καταλύει
1429 1315 1532 1381 μὲν
1573 1314 1720 1383 παρά
1758 1334 1870 1368 τινι

179 1406 399 1476 καπήλῳ
468 1404 750 1473 θυγατέρα
819 1404 1081 1474 τρέφοντι
1142 1406 1340 1472 καλήν,
1409 1403 1442 1471 ἣ
1509 1402 1600 1456 καὶ
1663 1402 1869 1472 ἐκίρνη,

116 1516 155 1547 15
179 1494 378 1546 παθὼν
419 1493 483 1546 δέ
519 1514 570 1546 τι
610 1495 748 1562 πρὸς
785 1495 887 1562 τὴν
927 1494 1077 1563 ὥραν
1118 1492 1275 1562 ἠξίου
1315 1501 1512 1561 γαμεῖν
1550 1491 1641 1545 καὶ
1680 1494 1872 1555 πείσας

182 1576 337 1651 εἶχεν.
404 1583 575 1635 αὐτοῦ
608 1579 710 1651 μὲν
742 1578 846 1635 οὖν
876 1590 976 1635 τοῦ
1009 1584 1304 1635 Λικιννίου
1337 1589 1671 1651 κρατοῦντος
1704 1581 1872 1635 οὐδὲν

181 1666 249 1737 ἦν
282 1671 427 1743 αὐτῷ
453 1670 620 1723 πλέον
653 1672 745 1724 διὰ
775 1680 870 1739 τῆς
902 1673 1180 1739 γυναικός,
1219 1680 1331 1723 τῶν
1363 1670 1576 1723 ἐκείνου
1619 1667 1679 1723 δὲ
1711 1671 1871 1738 ἡκόν-

181 1779 290 1811 των
337 1761 414 1821 εῑς
459 1758 647 1826 ἕτερον
694 1759 861 1828 μέγας
898 1779 954 1812 τε
1003 1760 1179 1822 εὐθὺς
1215 1760 1305 1812 καὶ
1354 1760 1599 1828 λαμπρὸς
1645 1757 1736 1812 καὶ
1783 1759 1871 1812 εὐ-

185 1848 396 1915 δαίμων
434 1846 523 1900 καὶ
562 1849 767 1911 ὕπατος
808 1849 836 1902 ὁ
877 1850 978 1917 τὴν
1017 1857 1253 1917 γυναῖκα
1293 1846 1446 1917 ἔχων.
1521 1849 1612 1901 καὶ
1651 1849 1762 1901 ἔδει
1804 1849 1869 1916 δὴ

94 1948 133 1990 R
159 1947 300 1990 11403
336 1935 406 1988 δι’
448 1934 453 2003 Ι
491 1937 661 1989 αὐτὸν
694 1936 754 1989 ἐν
785 1944 858 2009 τῷ
893 1938 1110 2008 θεάτρῳ
1143 1938 1314 2005 πτερὰ
1351 1939 1620 2005 λαβόντας
1652 1936 1872 2005 ἀνθρώ-

117 2046 156 2077 21
182 2043 320 2086 πους
357 2026 488 2091 μετὰ
529 2034 639 2078 τῶν
672 2025 922 2095 ὀρνίθων
952 2025 1231 2078 πέτεσθαι.
1309 2026 1393 2078 27.
1450 2034 1515 2095 τῇ
1548 2026 1771 2094 γυναικὶ
1811 2022 1872 2078 δὲ

183 2112 287 2179 ἄρα
332 2115 502 2181 ἤστην
549 2113 771 2182 ἀδελφὼ
819 2115 921 2167 δύο
970 2115 1183 2184 χρηστὼ
1233 2113 1356 2183 μέν,
1403 2115 1464 2166 τὸ
1515 2114 1618 2182 γὰρ
1667 2110 1872 2182 ἀληθὲς

304 2278 353 2315 11
389 2274 691 2317 Λικιννιανὸν
718 2274 774 2317 cf.
794 2274 892 2317 Zos.
911 2274 952 2317 II
971 2278 1039 2318 20.
1079 2274 1235 2317 Aurel.
1253 2273 1374 2318 Vict.
1394 2274 1505 2330 epit.
1525 2278 1647 2327 41‚4.
1684 2273 1870 2317 Hieron.

185 2331 337 2432 οξτὲη.
366 2331 432 2433 Ἥ
457 2332 565 2433 ἲέῑ.
594 2338 706 2375 2342
820 2338 873 2376 19
906 2333 954 2377 L.
982 2333 1159 2376 Ranius
1191 2333 1416 2376 Acontius
1451 2332 1651 2389 Optatus
1685 2335 1742 2389 (a.
1770 2334 1870 2388 334)

186 2403 208 2432 c
235 2427 242 2433 .
304 2405 365 2433 os.

307 2558 328 2595 1
363 2552 443 2603 οὓς
473 2553 521 2596 in
554 2551 623 2604 οἷς
656 2568 755 2597 corr
788 2555 851 2597 P³
917 2552 987 2606 οἷς
1027 2555 1150 2598 VaV
1192 2557 1197 2610 1
1248 2553 1446 2610 μέτεισιν
1476 2554 1610 2610 Bong
1670 2552 1872 2610 μέτεστιν

186 2625 294 2668 libri
328 2627 333 2682 ι
376 2614 462 2682 γρῦ
492 2628 526 2670 I
580 2627 663 2683 γρύ
693 2629 889 2672 CBMV
906 2628 997 2671 edd
1138 2633 1161 2671 2
1196 2627 1252 2683 δὴ
1279 2627 1443 2683 scripsi
1476 2641 1500 2672 e
1527 2629 1570 2672 V
1625 2642 1700 2671 om
1728 2627 1763 2671 ο
1821 2627 1871 2671 δὲ

187 2685 353 2741 reliqui
385 2685 493 2728 libri
526 2686 616 2728 edd
752 2692 776 2729 9
811 2685 873 2731 δι”
912 2688 979 2731 Re
1111 2691 1164 2730 10
1195 2684 1374 2746 λικινίῳ
1409 2687 1478 2731 CI
1549 2684 1748 2730 λικινίου
1780 2686 1825 2729 B
1837 2685 1880 2729 V

244 2771 416 2834 λικινίᾳ
450 2775 511 2817 Μ
538 2774 670 2830 Bong
799 2780 852 2818 12
885 2774 1129 2831 γινομένης
1153 2776 1197 2818 V
1319 2779 1372 2817 13
1405 2763 1738 2830 namzocy‘b'viav
1770 2775 1814 2817 B

191 2865 243 2902 14
271 2835 430 2914 ἐκίρνά
455 2862 522 2905 Va
585 2859 756 2916 ἑκίρνει
774 2864 818 2905 Β
927 2868 979 2905 16
1005 2861 1248 2908 Λικιννίου
1275 2863 1440 2919 scripsi
1466 2876 1521 2906 ex
1541 2863 1623 2907 AI
1675 2859 1872 2905 λικινίου

188 2918 355 2973 reliqui
387 2919 495 2962 libri
527 2920 617 2963 edd
741 2926 793 2964 19
828 2921 884 2977 δὴ
918 2936 993 2964 om
1024 2924 1059 2965 I
