1992 3094
648 104 986 150 PRAEFATIO
1020 105 1255 151 CRITICA
1582 110 1790 154 XXXVII

34 264 38 298 ς
104 244 277 292 tmesis
332 258 480 306 quam
533 245 587 291 in
639 245 895 294 vocabulis
950 244 1049 313 ὅπῃ
1102 245 1193 311 γὰρ
1251 240 1342 295 οὖν
1403 251 1599 311 statuit,
1661 251 1789 313 apud

39 323 44 334 '
105 316 367 366 Libanium
406 317 634 366 inaudita
681 321 756 366 est
802 321 852 366 et
896 323 954 366 ut
991 320 1299 368 indefinitum
1338 337 1603 383 pronomen
1645 317 1789 391 (ὁπῃ-

39 419 43 422 >
106 384 222 458 οὖν)
262 406 409 440 sensu
447 391 738 453 excluditur,
773 394 847 441 ita
884 393 1149 442 relativum
1180 394 1447 458 flagitatur.
1518 397 1655 444 Nssu‘l
1688 415 1789 444 mu-

105 464 326 514 tandum.

213 563 262 609 p.
295 547 464 607 503,1
515 545 612 595 σὺν
659 545 948 616 εὐφροσύνῃ
998 547 1083 596 τὸν
1131 547 1404 598 ὑπόλοιπον
1454 551 1566 608 ζῶσι
1612 550 1788 615 χρόνον

36 671 37 674 ,
103 618 290 685 ἔχοντες
335 617 389 669 ἐν
426 623 533 679 ταῖς
571 621 839 680 συνουσίας
878 621 906 670 ὅ
943 640 988 670 τι
1027 621 1280 671 κάλλιστον
1327 621 1512 671 ἑαυτῶν
1559 623 1790 689 διηγοῦν-

35 718 38 723 ·
103 711 198 755 ται,
241 695 426 757 μᾶλλον
464 691 517 742 δὲ
555 693 716 743 πάντα
753 693 908 760 λέγειν
946 695 1133 760 ἔχοντες
1171 693 1202 744 ἃ
1240 696 1540 760 λαμπρύνειν
1571 695 1790 759 πέφυκεν

28 783 31 789 ’
103 763 391 832 ἄνθρωπον.
468 767 610 825 Quod
654 769 985 818 Herwerdeno
1032 774 1164 818 certo
1211 771 1389 818 certius
1436 771 1630 819 videtur
1674 773 1789 819 scri-

34 871 37 873 *
102 840 319 890 bendum
369 840 431 905 δὴ
483 839 743 908 ἡγοῦνται,
795 843 848 890 id
901 844 1085 892 falsum
1139 859 1243 892 esse
1292 844 1416 891 mihi
1466 848 1653 892 certum
1701 850 1790 894 est.

18 908 29 917 ’
101 914 233 964 Nam
282 919 332 964 et
381 913 435 964 ἐν
485 920 590 976 ταῖς
637 917 924 976 συνουσίαις
974 921 1023 966 et
1073 921 1255 981 μᾶλλον
1306 915 1358 966 δὲ
1403 915 1557 983 λέγειν
1603 917 1789 982 ἔχοντες

17 1021 46 1059 -ξ,
103 989 319 1039 excludit
365 986 628 1055 ἡγοῦνται,
677 991 876 1055 flagitat
921 991 1222 1056 διηγοῦνται,
1301 991 1371 1039 Of.
1403 995 1436 1040 t.
1471 992 1545 1040 III
1579 994 1785 1053 448,19

18 1080 22 1089 ·
101 1061 211 1127 περὶ
256 1070 344 1112 τοῦ
389 1071 487 1113 τῶν
532 1062 778 1131 ὑμετέρων
825 1063 878 1113 ἐν
917 1066 1203 1123 συνουσίαις
1249 1065 1609 1130 ὁιατρίψετες
1657 1066 1789 1123 τίνος

17 1134 38 1220 ἶ
104 1137 587 1201 μνημονεύοντες
625 1136 858 1203 ἀμείνους
895 1133 1020 1188 εἶναι
1059 1139 1242 1199 δόξετε;
1281 1143 1376 1188 κτλ.

18 1223 32 1286 'ss
212 1235 259 1280 p.
286 1220 449 1280 506,9
484 1217 606 1268 κατὰ
638 1218 792 1284 μέσην
831 1220 1035 1284 μάλιστα
1073 1220 1164 1284 τὴν
1202 1219 1366 1278 δεξιὰν
1398 1217 1574 1281 ἁψῖδες
1604 1237 1787 1268 παντα-

27 1301 30 1345 f
101 1291 252 1357 χόθεν
297 1291 616 1359 τετραμμέναι
663 1294 781 1357 μίαν
827 1291 1022 1360 ὀροφὴν
1068 1293 1263 1359 ἔχουσαι
1309 1294 1456 1342 λίθου
1494 1291 1788 1358 παρέχουσιν

12 1361 46 1427 1.
102 1363 258 1432 ἀρχὴν
294 1364 477 1432 ἑτέραις
508 1371 672 1426 στοαῖς
703 1367 825 1434 πρὸς
856 1366 1036 1433 ἄρκτον
1066 1365 1176 1434 ἄχρι
1206 1374 1293 1416 τοῦ
1332 1373 1554 1430 ποταμοῦ
1585 1366 1788 1431 προϊού-

13 1430 41 1468 Ῑ
103 1454 212 1499 σαις
245 1439 299 1490 τὸ
330 1439 440 1507 περὶ
470 1439 624 1501 αὐτὰς
655 1443 892 1506 Νυμφῶν
923 1441 1054 1506 ἱερὸν
1086 1440 1436 1507 οὐρανόμηκες.
1508 1440 1788 1505 Schmidius

15 1474 42 1617 ἷ-
103 1517 402 1563 structuram
449 1531 742 1578 sensumque
788 1517 886 1564 1001
931 1532 1106 1577 parum
1157 1517 1418 1578 perspexit.
1495 1512 1787 1578 παρέχουσιν

103 1587 251 1636 habet
297 1589 547 1651 duplicem
594 1592 955 1651 accusativum,
995 1590 1175 1638 obiecti
1213 1588 1265 1637 τὸ
1304 1586 1413 1652 περὶ
1452 1586 1602 1646 αὐτὰς
1640 1589 1786 1650 Νυμ-

8 1662 38 1709 ἦ
103 1668 214 1725 φῶν
260 1661 415 1728 ἱερόν,
462 1664 738 1726 praedicati
782 1662 938 1730 ἀρχὴν
983 1661 1164 1728 ἑτέραις
1202 1666 1377 1721 στοαῖς.
1454 1662 1594 1709 Nihil
1632 1663 1786 1725 igitur

32 1739 35 1743 ’
102 1737 407 1785 mutandum.
486 1737 541 1785 Si
577 1754 693 1787 vero
741 1754 851 1786 cum
897 1738 986 1786 illo
1033 1736 1086 1786 τὸ
1132 1735 1242 1802 περὶ
1287 1735 1438 1793 αὐτὰς
1483 1740 1786 1783 mutaremus

36 1814 46 1878 ἐ
105 1810 157 1858 in
200 1807 417 1875 ὑπερέχει
463 1806 510 1859 δ’
553 1810 728 1875 αὐτὰς,
776 1814 1054 1860 enuntiatio
1101 1813 1355 1860 exsisteret
1401 1826 1525 1872 quae
1567 1813 1787 1857 tenorem

10 1879 46 1940 ’ᾖ
105 1885 342 1932 orationis
387 1887 780 1948 interrumperet.
856 1887 987 1934 Nam
1034 1902 1183 1947 quam
1228 1884 1479 1931 incohavit
1526 1883 1585 1931 de
1624 1885 1787 1940 στοαῖς

35 1962 45 1983 ‘³
104 1960 472 2021 expositionem,
509 1959 622 2008 finit
659 1960 822 2008 verbis
861 1976 990 2022 quae
1029 1962 1300 2020 sequuntur
1337 1954 1571 2005 στενωποὶ
1611 1952 1663 2003 δὲ
1701 1952 1787 2002 καὶ

104 2027 201 2081 ἀπὸ
239 2031 427 2081 τούτων
463 2021 588 2102 ᾗπερ
627 2031 724 2082 ἀπὸ
765 2041 862 2082 τῶν
900 2030 1147 2097 προτέρων
1187 2030 1447 2095 ὥρμηνται.

35 2181 38 2190 ·
213 2136 260 2182 p.
301 2121 509 2184 506,17
561 2120 661 2170 Καὶ
710 2121 762 2170 τὸ
815 2119 903 2185 μὲν
954 2116 1098 2186 [ἀπὸ]
1151 2127 1237 2183 τῆς
1287 2117 1487 2183 ἀρχαίας
1532 2113 1785 2180 (πόλεως)

42 2197 46 2205 “
104 2199 264 2257 σχῆμα
299 2202 536 2244 τοιοῦτον.
611 2197 744 2244 Νι1111
784 2211 976 2244 necesse
1016 2197 1082 2243 sit
1119 2194 1303 2252 πόλεως
1348 2208 1536 2240 mecum
1576 2193 1785 2238 inserere

13 2297 19 2299 -
43 2319 61 2326 ⁴
104 2264 303 2316 dubitat
330 2268 704 2318 Herwerdenus.
768 2269 879 2318 Scio
911 2285 1080 2317 vocem
1111 2267 1255 2316 πόλιν
1285 2266 1417 2313 haud
1447 2281 1559 2312 raro
1590 2268 1785 2312 tantum

6 2407 12 2442 5
48 2419 58 2444 ·’
101 2410 340 2464 Libanius
390 2417 469 2464 his
522 2419 685 2467 verbis
739 2418 919 2465 diserte
980 2416 1354 2476 descriptionem
1417 2412 1551 2460 urbis
1606 2412 1783 2458 veteris

103 2488 351 2538 concludit
388 2506 545 2552 neque
583 2493 637 2539 in
677 2491 996 2552 sequentibus
1027 2489 1118 2552 τὴν
1149 2485 1202 2536 δὲ
1232 2485 1349 2536 νέαν
1380 2485 1522 2535 πόλιν
1555 2480 1584 2546 ἡ
1620 2490 1784 2546 νῆσος,

103 2554 169 2623 ἣν
204 2557 236 2624 ἡ
275 2569 363 2611 τοῦ
399 2572 624 2628 ποταμοῦ
663 2565 815 2629 σχίσις
853 2562 1104 2626 ἐποίησεν,
1151 2558 1412 2619 ὑπεδέξατο
1459 2575 1566 2606 eam
1604 2571 1782 2619 ponere

5 2631 46 2681 f'.
103 2635 292 2696 omisit,
331 2641 608 2686 necessaria
646 2638 854 2686 videtur.
931 2636 1135 2684 Accedit
1174 2634 1305 2697 quod
1344 2649 1437 2681 vox
1476 2630 1595 2690 ἀπὸ,
1635 2645 1783 2691 quam

103 2705 359 2757 delendam
397 2726 501 2759 esse
538 2712 896 2760 Herwerdenus
932 2711 1212 2769 assentitur,
1253 2706 1494 2769 quomodo
1531 2704 1783 2764 irrepserit

102 2779 299 2830 facilius
348 2785 584 2847 explicari
636 2801 780 2848 posse
832 2801 931 2832 non
981 2783 1176 2830 videtur
1225 2797 1372 2843 quam
1422 2795 1446 2826 e
1497 2775 1782 2838 compendio

42 2911 59 2963 -J
104 2899 239 2947 vocis
279 2899 466 2960 πόλεως
507 2854 604 2968 (=
636 2856 742 2969 πλό)
784 2901 912 2949 male
952 2901 1079 2948 lecto
1117 2899 1339 2959 falsoque
1379 2897 1484 2944 loco
1524 2895 1702 2957 posito.

103 2341 402 2404 cogitatione
441 2344 664 2404 suppleri
703 2337 786 2409 (cf.
812 2361 859 2406 p.
877 2336 1145 2407 XXXXV),
1184 2344 1238 2389 at
1275 2341 1366 2388 hoc
1406 2340 1512 2387 loco
1552 2338 1784 2399 quoniam
1866 2364 1882 2371 «-
