1992 3094
473 106 700 151 LIBANH
732 106 957 151 ORATIO
990 106 1072 150 AD
1105 106 1430 152 POLYCLEM
1700 107 1805 158 247

116 264 199 307 τις
244 243 403 306 εἰδὼς
450 242 619 296 αὑτὸν
666 241 1006 311 ἐρυθριάσας
1050 241 1250 296 κατέδυ
1301 245 1402 312 τὴν
1441 239 1542 311 μὲν
1582 244 1808 311 γνώμκην

115 333 219 387 οὐκ
257 333 398 401 ἔχων
435 338 534 384 τοῦ
573 330 920 400 μνησθέντος
959 331 1331 400 αἰτιάσασθαι,
1370 337 1445 403 τῷ
1478 330 1709 400 ῥηθέντι
1746 331 1807 384 δὲ

114 419 504 489 πεπληγμένος.
582 418 701 473 ἀλλ’
741 420 807 472 οὐ
861 425 1088 486 πολεμεῖ
1140 426 1214 493 τῷ
1271 428 1508 490 σοφιστῇ
1570 422 1807 488 καταβὰς

114 507 237 563 οὐδ’
266 508 536 578 ὑβρίσθαι
592 509 766 577 φησὶν
817 507 940 561 οὐδ’
971 508 1219 577 ὀφείλειν
1272 509 1444 561 αὐτὸν
1496 518 1608 561 τῶν
1662 509 1806 579 εἰρη-

112 598 296 665 μένων
358 599 520 665 δίκην
582 595 704 650 οὐδ’
734 598 783 650 εἰ
845 606 956 650 τῶν
1012 597 1334 650 λαλούντων
1385 593 1457 665 ἦν
1512 597 1658 670 αὐτῷ
1714 599 1805 650 καὶ
1854 619 1872 650 5

114 687 475 756 προσιόντων,
508 693 680 738 ταῦτα
704 685 887 738 οὐκέτι
914 685 1100 739 ἐποίει.
1163 687 1245 738 16.
1279 688 1349 739 σὺ
1376 686 1438 738 δὲ
1461 685 1692 755 ἀνέστης
1713 687 1803 739 καὶ

115 776 488 843 ἀπεπήδησας,
545 774 726 843 ὥσπερ
775 775 940 837 αὐτὸς
986 775 1064 827 ὢν
1097 773 1388 837 Ἐλπίδιος.
1466 775 1514 827 εἰ
1561 773 1609 827 δ’
1642 774 1805 844 ἀχθε-

115 870 319 934 σθῆναι
359 861 469 934 φῂς
508 863 611 916 οὐκ
650 862 712 916 ἐν
752 865 878 934 δίκῃ
917 873 1095 926 κακῶς
1134 863 1432 932 ἀκηκοότος
1474 871 1574 916 τοῦ
1615 867 1803 931 φίλου,

97 961 251 1023 ’χρῆν
290 951 532 1021 ἐλέγχειν
578 952 668 1004 καὶ
706 953 876 1022 ταύτῃ
915 958 990 1024 τῷ
1031 954 1175 1024 φίλῳ
1223 954 1475 1020 βοηθεῖν.
1553 951 1669 1005 ἀλλ’
1702 953 1804 1006 οὐκ

103 1041 258 1111 Δε’νῆν.
333 1050 448 1103 πῶς
487 1042 590 1110 γὰρ
630 1047 705 1114 τῷ
746 1041 835 1094 καὶ
888 1041 1034 1114 αὐτῷ
1076 1041 1345 1110 φάσκοντι
1383 1043 1642 1094 τοιοῦτόν
1679 1060 1805 1094 τινα
1829 1062 1871 1094 ιο

98 1129 235 1199 ’περὶ
282 1137 287 1195 ἰ
338 1130 511 1183 αὐτοῦ
553 1125 814 1198 δεδέχθαι
856 1132 1047 1197 λόγον;
1686 1142 1891 1186 RH325

225 1220 308 1272 17.
333 1203 444 1271 Διά
468 1219 534 1287 δὴ
561 1226 656 1287 τῆς
683 1212 867 1287 δεινῆς
891 1219 1119 1287 ταυτησὶ
1144 1221 1407 1289 τιμωρίας
1432 1224 1554 1272 ἴσθι
1581 1217 1804 1282 διδάξας

110 1309 264 1377 ἡμᾶς,
297 1307 358 1371 ὃς
381 1306 443 1361 ἐν
466 1310 682 1376 νεότητι
709 1306 908 1376 γένοιο.
949 1309 1006 1361 τί
1031 1309 1099 1376 δὴ
1131 1309 1222 1362 καὶ
1253 1309 1609 1377 βεβλάμμεθα
1632 1309 1800 1378 ταύτῃ

108 1404 174 1467 τῇ
208 1397 350 1467 δίκῃ,
382 1395 611 1465 μάθοιμ’
636 1396 709 1451 ἂν,
737 1396 925 1466 ἡδέως.
973 1398 1099 1450 οὔτε
1123 1397 1227 1467 γὰρ
1260 1400 1422 1466 χείρω
1455 1417 1549 1466 μοι
1581 1398 1646 1449 τὰ
1677 1397 1801 1464 περὶ

98 1487 209 1555 τὴν
232 1485 430 1555 τέχνην
455 1484 630 1539 οὐκέτ’
652 1486 843 1539 εἰσιὼν
867 1485 1068 1548 ἐποίεις
1094 1484 1219 1539 οὔθ’
1241 1486 1404 1554 ἡνίκα
1429 1483 1646 1557 εἰσῄεις,
1678 1488 1799 1554 βελ-
1827 1507 1867 1539 15

101 1576 222 1643 τίω,
263 1575 329 1638 ,ὃς
369 1575 447 1638 εἰς
479 1578 762 1645 φλυαρίαν
793 1572 894 1642 μὲν
926 1575 1027 1628 οὐκ
1061 1574 1255 1642 ὀλίγον
1281 1577 1670 1644 κατανήλισκες
1701 1582 1800 1627 τοῦ

107 1665 337 1734 χρόνου,
393 1664 460 1718 ὃν
510 1661 572 1716 δὲ
623 1663 856 1732 λέγοντα
906 1665 1309 1732 κατελάμβανες
1358 1663 1504 1732 νέον,
1559 1663 1801 1731 ἀθυμεῖν

106 1753 403 1821 ἠνάγκαζες
439 1761 503 1823 τῇ
544 1751 667 1822 περὶ
715 1754 816 1821 τὴν
862 1752 1035 1821 ἀκοὴν
1074 1752 1327 1820 ὠμότητι.
1408 1752 1488 1805 18.
1537 1754 1702 1821 φίλος
1739 1749 1800 1805 δὲ

107 1836 256 1908 ἦσθα
287 1838 389 1908 μὲν
419 1841 700 1910 οὐδέποτε,
734 1843 923 1895 δοκεῖν
955 1838 1016 1894 δὲ
1046 1840 1246 1910 ἠξίους.
1299 1840 1382 1894 ἀεὶ
1415 1842 1477 1894 δὲ
1509 1836 1577 1894 οὗ
1611 1844 1800 1910 λήσειν

104 1930 362 1998 ἤλπισας,
417 1932 655 1998 ἔβαλλες.
733 1929 793 1993 ὃς
845 1930 935 1983 καὶ
982 1931 1047 1982 τὰ
1093 1929 1217 1999 περὶ
1264 1939 1375 1983 τῶν
1422 1928 1669 2000 ἀστέρων
1706 1929 1797 1983 καὶ
1824 1951 1866 1983 20

106 2026 201 2087 τῆς
239 2017 312 2071 δι’
344 2019 529 2072 αὐτῶν
567 2017 886 2087 ἐπικουρίας
924 2019 1134 2087 ῥήματα
1185 2018 1517 2089 διαστρέψας
1563 2017 1798 2089 ἐχθροὺς

98 2106 238 2175 ἡμῖν
278 2106 502 2176 ἐποίεις,
549 2102 628 2160 ὧν
663 2108 768 2176 ’τὴν
807 2106 1141 2176 εἱμαρμένην
1178 2105 1477 2178 ᾐτιώμεθα,
1526 2105 1676 2160 ταῦτ’
1709 2105 1789 2160 ἐπ’

107 2193 352 2258 ἐκείνους
398 2195 738 2266 μεταφέρων,
797 2193 889 2265 ἐμὲ
935 2192 1036 2265 μὲν
1086 2195 1311 2264 ἀδικῶν,
1365 2195 1682 2249 κολακεύων
1735 2193 1797 2248 δὲ

106 2280 376 2352 ἐκείνους,
425 2284 485 2337 ἐν
523 2293 641 2348 ταῖς
681 2283 908 2338 ἐκείνων
952 2286 1327 2354 κακοτεχνίαις
1375 2285 1471 2348 τὰς
1507 2284 1645 2354 ὑπὲρ
1685 2293 1797 2338 τῶν

229 2433 282 2473 10
315 2429 372 2474 cf.
399 2445 443 2487 p.
470 2434 571 2486 241,
589 2438 614 2474 3

134 2542 137 2543 ⁷
226 2565 249 2604 1
276 2542 391 2605 ἰδὼν
409 2562 441 2606 1
461 2562 542 2607 sed
566 2562 700 2613 εωὼς
722 2563 1019 2620 suprascrm³
1046 2566 1052 2619 ι
1081 2562 1249 2607 ἑαυτὸν
1264 2559 1332 2607 Re
1453 2567 1480 2605 4
1505 2563 1614 2607 οὐδὲ
1639 2564 1701 2619 (2)
1727 2562 1794 2606 Re

109 2618 115 2675 1
153 2617 312 2676 ὀφείλῃ
347 2623 433 2665 Mo
481 2623 487 2678 Ι
538 2623 683 2666 αὐτὸν
715 2622 881 2679 scripsi
912 2635 968 2666 ex
998 2623 1033 2665 Ι
1058 2623 1248 2666 auctore
1279 2621 1348 2666 Re
1378 2621 1462 2678 qui
1491 2621 1636 2665 αὐτὸν
1668 2621 1794 2681 αὑτῷ

95 2677 403 2723 >scribendum
441 2681 547 2725 coni
683 2682 809 2740 αὐτῷ
840 2680 1011 2736 reliqui
1048 2679 1159 2724 libri
1198 2680 1289 2724 edd
1328 2681 1473 2739 (αὐτῷ
1503 2680 1732 2735 Mounier)

105 2740 135 2779 6
158 2737 242 2781 οὐκ
275 2737 340 2782 ἔτι
371 2740 416 2783 Α
556 2744 579 2783 7
613 2739 919 2796 ἀπεπήδησας
949 2739 1115 2796 scripsi
1146 2741 1335 2783 auctore
1367 2738 1541 2784 Cobeto
1575 2738 1686 2783 Coll.
1708 2744 1790 2782 132

95 2830 115 2837 ..
165 2795 461 2853 ἀνεπήδησας
498 2797 608 2842 libri
647 2797 930 2855 (ἐκπηδήσας
967 2799 1059 2854 La)
1100 2798 1191 2843 edd
1372 2803 1396 2841 9
1435 2799 1607 2843 ταυτὸν
1649 2799 1732 2843 Mo

108 2857 163 2896 13
195 2853 246 2898 δὲ
272 2855 341 2912 Vl
370 2855 669 2914 βεβλάμμεθα
701 2859 746 2901 Ρ
774 2858 854 2902 sed
886 2859 964 2915 εβλ
994 2857 1043 2901 in
1074 2870 1150 2901 ras
1180 2857 1251 2900 m⁸
1351 2863 1405 2901 14
1437 2855 1630 2908 δικαίως
1659 2857 1793 2914 Bong

63 2982 70 3002 ι
109 2915 162 2954 15
188 2913 272 2957 οὐκ
299 2911 360 2958 ἔτ’
382 2916 475 2959 AP
496 2916 578 2960 sed
602 2917 651 2959 in
675 2916 762 2960 hoc
785 2914 797 2930 ’
826 2930 968 2973 supra
992 2932 1013 2960 ε
1037 2929 1139 2960 eras
1261 2921 1316 2959 22
1342 2915 1581 2976 ᾐτιώμεθα
1606 2930 1682 2960 om
1706 2916 1792 2961 Mo
