1992 3094
257 115 486 159 LIBANH
518 115 741 160 ORATIO
774 117 856 160 AD
890 115 1181 160 SENATUM
1212 116 1659 162 ANTIOCHENUM
1719 117 1829 170 439

139 250 491 319 ἀγανακτεῖτε
547 250 668 304 οὐδ’
714 252 786 314 ὡς
832 254 961 315 τοὺς
1014 253 1282 322 ἄρχοντας
1337 254 1600 316 εἰσιόντες
1653 252 1829 322 φθέγ-

140 345 310 408 γεσθε
348 341 415 392 τὰ
453 341 647 393 εἰκότα.
717 342 894 393 καίτοι
932 343 1014 404 τίς
1046 341 1190 394 οὕτω
1230 343 1441 411 βραδὺς
1470 343 1573 410 τὴν
1607 343 1831 410 γνώμην

137 427 172 496 ἢ
213 429 340 481 λίαν
379 437 507 491 παῖς
544 428 578 497 ἢ
620 431 860 498 Κρόνος,
905 430 978 492 ὡς
1015 431 1088 499 μὴ
1128 431 1408 484 δύνασθαι
1447 436 1669 499 μαθεῖν,
1709 431 1738 483 ὅ
1778 451 1830 484 τι

136 517 398 585 βούλεται
438 519 653 580 τούτοις
683 519 745 571 τὸ
778 524 960 583 πλεῖν;
1001 520 1126 572 οὔτε
1165 520 1270 589 γὰρ
1302 516 1442 590 ὑπὲρ
1475 521 1831 589 δικαιοσύνης

138 604 229 658 καὶ
277 614 376 659 τοῦ
422 607 495 675 μὴ
545 611 742 659 λαθεῖν
790 626 843 658 τι
898 608 1200 675 δράσαντες
1243 608 1391 675 παρὰ
1444 609 1573 669 τοὺς
1626 609 1831 674 νόμους

138 696 219 757 εἰς
270 697 542 762 Φοινίκην
588 693 854 748 πλέουσιν
901 697 1026 748 οὔτε
1075 698 1152 759 εἰς
1196 697 1310 765 τὴν
1345 694 1560 766 ἑτέραν,
1611 694 1685 749 ἵν’
1730 694 1823 764 ἀφ’

1879 629 1898 661 5

139 781 394 853 ἑκατέρας
427 791 617 852 φωνῆς
648 787 826 853 ἔχοιεν
856 785 958 852 τὴν
992 786 1206 854 βουλὴν
1232 784 1238 855 Ι
1266 785 1520 854 ὠφελεῖν,
1560 783 1676 838 ἀλλ’
1714 797 1756 840 R
1775 797 1919 841 11538

140 872 234 926 ἵνα
276 872 538 942 ἀφορμὴν
577 874 656 935 εἰς
694 874 756 927 τὸ
804 874 904 942 τὴν
942 875 1154 942 βουλὴν
1192 872 1419 927 ἐκδῦναι
1458 876 1588 936 τοὺς
1626 875 1832 941 νόμους

136 961 242 1029 μὲν
287 958 468 1030 ἔχοιεν
515 957 694 1026 οὗτοι,
748 962 849 1030 τὴν
895 965 1145 1030 γλῶτταν
1192 959 1253 1015 δὲ
1301 961 1515 1016 ἐκεῖνοι.
1592 960 1682 1015 καὶ
1730 963 1832 1015 οὐκ

138 1049 499 1118 ἐψεύσθησαν
548 1070 610 1118 γε
667 1049 900 1113 ἐλπίδος.
985 1050 1103 1103 ἀλλ’
1150 1057 1308 1118 ἴσμεν
1362 1048 1430 1104 οὗ
1485 1052 1709 1114 δικαίως
1762 1050 1832 1105 ἂν

138 1141 296 1202 ὄντες
335 1134 403 1192 οὗ
441 1134 745 1192 καθεστᾶσι
784 1147 907 1193 νῦν.
986 1140 1070 1192 23.
1127 1140 1240 1193 ἔδει
1278 1143 1475 1194 τοίνυν
1512 1140 1653 1207 ὑμᾶς
1691 1141 1833 1194 εἰδό-

137 1248 251 1296 τας,
292 1228 366 1290 ὡς
396 1226 486 1281 ἐπὶ
517 1236 582 1298 τῇ
614 1230 790 1298 βουλῇ
822 1236 1011 1296 ταῦτα,
1050 1231 1299 1297 βοηθεῖν.
1369 1227 1474 1281 καὶ
1505 1230 1602 1291 τίς
1641 1227 1718 1281 ἂν
1755 1225 1834 1297 ἦν

140 1318 332 1384 λόγος
367 1317 694 1387 εὐπρεπὴς
731 1326 869 1380 τοῖς
910 1316 1451 1384 ἐναντιουμένοις
1484 1318 1642 1387 πρὸς
1680 1319 1834 1380 τοὺς

139 1407 411 1474 ἔχοντας
466 1407 700 1458 εἰπεῖν·
754 1407 820 1459 τί
868 1425 976 1474 μοι
1032 1412 1445 1475 νομοθετεῖς,
1500 1408 1832 1476 ἄνθρωπε,

139 1494 297 1564 περὶ
337 1495 692 1559 παιδείας;
738 1495 992 1547 πολλαὶ
1033 1496 1158 1565 γὰρ
1201 1493 1355 1548 ὁδοὶ
1396 1495 1679 1564 ταύτης,
1718 1494 1832 1548 καὶ

140 1583 553 1653 πορεύσομαί
588 1603 656 1651 γε
697 1584 947 1637 τούτων
985 1583 1063 1651 ἣν
1102 1583 1179 1636 ἂν
1218 1583 1444 1654 ἐθέλω;
1489 1582 1581 1637 σοὶ
1619 1582 1669 1636 δ’
1707 1583 1835 1652 ἐξῆν

139 1671 437 1741 ἀντειπεῖν,
473 1673 558 1725 ὅτι
590 1671 618 1725 ὁ
650 1673 850 1735 ταύτας
882 1671 1175 1742 ἐρχόμενος
1207 1674 1302 1736 τὰς
1334 1672 1500 1735 ὁδοὺς
1530 1671 1833 1741 μονονουχὶ

139 1762 248 1831 βοᾷ
287 1761 535 1831 δρασμὸν
575 1761 743 1823 αὐτὰς
782 1760 888 1813 ἀπὸ
928 1768 1024 1829 τῆς
1063 1763 1267 1829 βουλῆς
1302 1754 1458 1815 εἶναι.
1528 1767 1603 1833 τῷ
1636 1761 1740 1829 γὰρ
1774 1760 1835 1814 ἐν

139 1849 394 1902 ταυταισὶ
416 1858 534 1912 ταῖς
552 1851 743 1902 πόλεσι
768 1848 1174 1921 πολιτευομένῳ
1198 1850 1432 1916 μάταιον
1456 1848 1694 1903 ἐκείνοιν
1714 1849 1836 1904 ἑκά-

139 1957 305 2007 τερον
329 1938 361 2006 ἢ
395 1939 443 1991 εἰ
474 1939 545 2008 μὴ
575 1946 758 2006 τοῦτο,
791 1940 1039 2006 σμικρόν.
1094 1937 1308 2001 ἔδειξαν
1333 1934 1394 1990 δὲ
1418 1939 1476 1991 οἱ
1504 1939 1723 2007 σφόδρα
1746 1939 1834 1991 εὐ-
1859 1962 1878 1994 2

141 2026 538 2095 δοκιμήσαντες
562 2025 652 2079 ἀπ’
677 2026 975 2095 οὐδετέρου
1003 2028 1227 2080 τούτοιν
1252 2028 1328 2090 εἰς
1352 2028 1528 2096 ὄνομα
1559 2026 1835 2090 ἐλθόντες.

261 2251 287 2288 3
319 2247 396 2289 Ar.
421 2246 542 2290 Nub.
572 2251 670 2290 929.
695 2246 834 2303 Vesp.
864 2251 977 2290 1480
1010 2260 1046 2290 ο.
1074 2245 1234 2291 scholl.
1358 2251 1384 2290 8
1416 2246 1493 2290 As.
1518 2246 1624 2291 Pae.
1652 2251 1737 2291 336

262 2457 288 2495 2
321 2449 457 2504 οὗτος
486 2454 522 2496 Ι
651 2459 676 2495 3
712 2451 781 2497 ὅτι
814 2453 989 2497 ΜοΙΜ
1120 2458 1148 2497 4
1181 2453 1406 2511 βούλεσθε
1441 2454 1522 2499 CA
1554 2454 1634 2497 sed
1666 2454 1716 2497 in
1747 2454 1836 2498 hoc

143 2514 231 2555 σθε
262 2511 311 2554 in
341 2527 421 2555 ται
444 2525 545 2556 corr
567 2527 626 2555 m.
652 2526 741 2556 rec.
805 2512 1083 2570 βουλεύεσθε
1110 2513 1183 2557 Ρα
1208 2512 1289 2556 sed
1313 2529 1368 2570 γρ
1393 2513 1607 2571 βούλεται
1630 2513 1679 2555 in
1702 2526 1837 2570 marg

142 2570 212 2613 m'
244 2572 292 2614 et
323 2571 408 2614 Mo
548 2576 574 2614 5
606 2587 650 2615 τι
681 2584 757 2614 om
789 2573 882 2616 IM
909 2571 1043 2629 Bong
1185 2577 1211 2615 6
1245 2568 1310 2614 ἵν’
1346 2571 1509 2628 scripsi
1542 2585 1566 2615 e
1601 2573 1781 2617 MoAP

54 2668 61 2675 ,,
142 2628 223 2674 ἵνα
254 2629 426 2685 reliqui
455 2629 566 2673 libri
598 2630 689 2673 edd
817 2634 844 2674 8
878 2630 1070 2675 ἐκδύναι
1097 2631 1278 2674 ΜοΑΡ
1297 2631 1378 2674 sed
1401 2630 1451 2674 in
1475 2631 1563 2675 hoc
1587 2630 1599 2645 '
1625 2631 1674 2674 in
1690 2634 1710 2644 ⁶
1736 2645 1838 2675 con·

141 2687 214 2731 m³
273 2688 331 2732 cf.
356 2690 389 2732 t.
414 2689 457 2732 H
482 2693 619 2744 533‚8
757 2693 809 2732 11
844 2692 1101 2733 καθεστᾶσι
1133 2689 1199 2733 Re
1275 2693 1529 2733 καθιστᾶσι
1559 2689 1668 2734 libri
1700 2691 1782 2734 sed
1815 2707 1836 2735 ε

143 2761 286 2803 supra,
311 2764 327 2791 ι
351 2761 435 2804 pos
460 2747 546 2802 12²,
579 2748 712 2805 Bong
835 2753 888 2791 12
922 2746 1002 2792 καί
1023 2764 1094 2799 τις
1116 2748 1250 2804 Bong
1277 2750 1283 2807 Ι
1310 2744 1370 2805 ἦν
1394 2763 1469 2793 om
1492 2750 1527 2792 I
1644 2754 1697 2793 15
1729 2751 1837 2804 περὶ

142 2804 364 2857 παιδείας
394 2806 620 2862 ἄνθρωπε
652 2809 681 2851 1
809 2812 862 2851 16
895 2806 1019 2852 θέλω
1051 2808 1085 2850 Ι
1106 2809 1112 2864 Ι
1140 2806 1192 2852 δὲ
1223 2808 1316 2850 ΙΜ
1343 2807 1477 2865 Bong
1606 2812 1660 2851 18
1692 2808 1837 2859 αὐτὰς

147 2865 315 2910 ΟΜοΑ
347 2865 430 2908 sed
459 2865 509 2909 in
541 2865 629 2910 hoc
660 2865 692 2909 ὰ
722 2865 771 2909 in
803 2873 857 2909 αῖ
878 2879 979 2910 corr
1002 2881 1061 2910 m.
1087 2879 1192 2923 rec„
1217 2866 1284 2910 Re
1346 2868 1512 2918 αὐταῖς
1534 2865 1704 2924 reliqui
1727 2867 1837 2911 libri

143 2923 277 2981 Bong
399 2928 454 2967 20
487 2924 654 2977 ἔδοξαν
687 2926 749 2968 M
777 2926 910 2982 Bong

1858 1073 1900 1106 10

1859 1517 1901 1550 1⁶
