1992 3094
204 110 310 161 482
768 105 995 148 LIBANH
1026 102 1251 149 ORATIO
1285 103 1318 144 L

203 245 290 296 καὶ
323 243 583 304 πολλάκις
614 236 677 308 ἧς
710 241 883 293 δεῖται
922 240 1024 308 μὲν
1056 238 1141 292 ἐπὶ
1179 241 1278 292 τὸν
1310 239 1483 309 ἀγρὸν
1515 240 1707 308 πύλης,
1749 241 1884 310 αὕτη
1964 254 1968 264 ⁸

202 334 458 399 πλησιόν,
507 331 591 382 δεῖ
637 325 698 381 δὲ
745 327 803 381 ἐκ
848 328 1015 396 μέσης
1060 335 1155 396 τῆς
1193 330 1401 390 πόλεως
1439 327 1472 395 ἢ
1519 327 1781 397 τέρματός
1826 351 1889 399 γε
1973 362 1983 379 1

205 419 390 486 ἑτέρου
446 420 684 484 λαβόντα
737 424 836 469 τοῦ
893 424 992 485 χοῦ
1046 418 1146 484 τὴν
1201 417 1374 484 αὐτὴν
1429 414 1666 469 ἐλθόντα
1718 418 1889 472 πάλιν

204 508 338 560 ὁδὸν
377 507 551 568 οὕτως
590 507 840 567 ἅψασθαι
880 513 974 573 τῆς
1012 506 1202 573 πύλης.
1280 504 1365 556 25.
1420 503 1510 557 καὶ
1556 506 1618 558 τὸ
1658 503 1739 558 ἔτι
1779 507 1889 560 δει-

149 619 180 647 τ»
205 598 447 665 νότερον,
486 603 596 647 τῶν
629 592 1008 662 ἀδικουμένων
1039 594 1222 646 αὐτῶν
1262 593 1414 661 ἀγὼν
1446 590 1583 663 ὑπὲρ
1616 601 1715 646 τοῦ
1752 615 1888 664 φορ-

204 686 324 736 τίου
365 684 700 744 σπεύδοντος
741 680 971 734 ἑκάστου
1017 683 1124 751 πρὸ
1170 683 1341 734 ἄλλου
1379 690 1568 751 τυχεῖν
1613 690 1712 735 τοῦ
1753 703 1890 754 φορ-
1972 684 1992 748 j

204 774 338 824 τίου.
416 769 505 823 καὶ
544 778 725 838 τοῦτο,
766 766 807 822 ὦ
844 774 953 822 Ζεῦ
993 771 1082 823 καὶ
1123 774 1266 838 θεοί,
1306 774 1565 823 πωλεῖται
1603 771 1665 823 τὸ
1706 773 1887 825 κακόν.

204 861 292 912 καὶ
342 859 370 912 ὁ
422 857 523 927 μὲν
573 854 639 911 οὗ
691 860 861 928 τυρὸν
910 856 1135 926 ἔμελλεν
1185 858 1326 922 ἕξειν
1378 858 1677 928 ἀργυρίου,
1725 868 1888 914 τοῦτο

205 949 335 1010 δοὺς
374 948 648 1015 ἀπῆλθεν,
695 947 723 999 ὁ
765 946 814 999 δ’
855 948 920 1000 οὐ
963 946 1228 1016 δυνηθεὶς
1267 947 1457 1015 ἕστηκε
1495 948 1702 1016 κλάων,
1752 948 1890 1002 ἐλεεῖ
1973 955 1990 982 ⁷³

141 1059 181 1090 ιο
207 1034 267 1088 δὲ
307 1037 502 1098 οὐδείς.
578 1037 755 1088 καίτοι
795 1038 850 1088 τί
889 1037 1102 1089 τούτων
1142 1035 1511 1106 ἐλεεινότερον
1558 1030 1641 1099 οἷς
1688 1036 1747 1090 ἐκ
1794 1046 1889 1106 τῆς
1967 1062 1989 1097 1.

207 1125 433 1194 ἀπορίας
471 1126 503 1193 ἡ
543 1126 841 1193 βραδυτής;
889 1120 968 1177 ὧν
1007 1126 1058 1177 οἱ
1105 1121 1207 1194 μὲν
1252 1133 1351 1178 τοῦ
1398 1133 1498 1194 χοῦ
1545 1125 1886 1196 μετέλαβονΙ
1968 1124 1992 1189 {g

117 1226 323 1269 RH565
356 1214 629 1282 <δείλης>,
674 1214 726 1266 οἱ
767 1212 815 1266 δ’
862 1213 1022 1282 ἡλίου
1062 1213 1357 1282 μέλλοντος
1396 1214 1692 1283 δύσεσθαι,
1736 1216 1789 1267 οἱ
1829 1212 1890 1268 δὲ

206 1302 516 1368 δεδυκότος,
550 1301 646 1363 οὓς
671 1298 813 1354 εἶναι
847 1310 985 1371 χρῆν
1016 1307 1157 1355 οἴκοι
1190 1303 1323 1372 πρὶν
1354 1302 1508 1370 ἥκειν
1532 1306 1889 1372 μεσημβρίαν.
1971 1311 1986 1340 ’-

206 1390 289 1442 26.
345 1391 542 1452 νυκτὸς
587 1392 782 1443 τοίνυν
829 1390 888 1442 ἐν
937 1391 1048 1462 ὁδῷ
1089 1392 1501 1459 καταλαβούσης
1547 1395 1677 1454 τοὺς
1718 1399 1890 1445 ταῦτα
1976 1411 1978 1421 ’

142 1500 182 1532 15
205 1480 550 1540 πεπονθότας
588 1481 643 1530 τί
678 1479 893 1541 τούτοις
932 1478 964 1547 ἢ
1004 1481 1186 1532 πόθεν
1217 1473 1250 1550 ᾖ
1282 1490 1572 1549 συμφορᾶς
1606 1485 1735 1548 ἴαμα
1763 1479 1882 1550 μήτ’

207 1567 282 1628 εἰς
313 1567 643 1620 πανδοκεῖον
676 1567 877 1630 αὐτοὺς
910 1568 1228 1635 εἰσάγοντος
1267 1568 1499 1637 μηδενὸς
1537 1571 1889 1638 βαλλαντίου,

206 1664 319 1716 πῶς
357 1657 459 1724 γὰρ
500 1663 598 1707 τοῦ
637 1675 697 1723 γε
739 1657 840 1708 οὐκ
879 1658 1063 1720 &mog-3
1109 1659 1209 1725 τήν
1255 1676 1312 1709 τε
1360 1654 1421 1709 ἐν
1460 1657 1617 1709 νυκτὶ
1659 1662 1890 1727 πορείαν

209 1744 488 1811 σφαλερὰν
526 1753 636 1796 τῶν
671 1745 997 1814 κακούργων
1035 1746 1349 1798 ποιούντων
1386 1753 1597 1815 τροφῆς
1627 1765 1685 1797 τε
1724 1746 1889 1799 οὐδα-

208 1834 384 1898 μόθεν
436 1833 771 1900 φαινομένης
799 1831 938 1899 οὔτ’
984 1834 1172 1896 αὐτοῖς
1218 1835 1344 1887 οὔτε
1393 1842 1507 1896 τοῖς
1557 1837 1722 1896 ὄνοις.
1798 1832 1888 1887 καὶ

144 1940 187 1972 20
209 1921 409 1981 νόσους
458 1922 650 1974 τοίνυν
704 1923 793 1974 καὶ
846 1922 1128 1985 θανάτους
1179 1923 1323 1985 εἰκὸς
1378 1921 1435 1975 ἐκ
1485 1930 1585 1975 τοῦ
1636 1923 1890 1977 τοιούτου

211 2013 540 2075 γεγενῆσθαι
569 2011 844 2077 πολλάκις,
878 2011 926 2062 εἰ
959 2007 1019 2062 δὲ
1050 2011 1140 2063 καὶ
1173 2011 1244 2079 μὴ
1277 2018 1464 2077 ταῦτα,
1497 2011 1677 2079 λύπην
1708 2030 1770 2079 γε
1800 2011 1891 2063 καὶ

211 2095 419 2163 δάκρυα
466 2097 677 2150 τούτων
715 2117 771 2150 τε
819 2098 1001 2151 αὐτῶν
1040 2097 1128 2151 καὶ
1169 2109 1280 2152 τῶν
1317 2100 1533 2161 τούτοις
1573 2100 1791 2152 οἰκείων
1831 2098 1892 2151 ἐν
1967 2158 1975 2166 .

209 2188 282 2253 τῷ
316 2185 386 2251 μὴ
425 2181 570 2251 ἔχειν
610 2185 879 2254 ἀλλήλους
924 2186 1293 2255 ὀδυρομένων.
1371 2189 1454 2239 27.
1506 2189 1682 2240 καίτοι
1720 2194 1891 2240 ταῦτα
1968 2210 1978 2269 g

330 2362 351 2398 7
387 2358 512 2402 Dem.
539 2374 582 2414 p.
604 2363 736 2411 321‚1

334 2554 353 2589 1
390 2547 502 2604 αὕτη
536 2550 601 2592 Re
664 2550 778 2606 αὐτὴ
811 2550 919 2593 libri
948 2551 1038 2595 Gon
1159 2559 1182 2595 2
1217 2550 1264 2596 δ’
1292 2553 1359 2596 Re
1480 2558 1505 2595 3
1537 2526 1619 2598 1‘2'2'2’2
1650 2526 1764 2611 2332,
1799 2554 1835 2598 ο

215 2609 239 2647 9
271 2607 452 2672 ἀπῆλθε
485 2609 517 2649 Ι
538 2611 543 2663 3
573 2607 598 2652 ὅ
633 2609 670 2653 C
691 2610 701 2664 Ῐ
726 2607 897 2653 κλαίων
931 2609 1021 2654 Got
1082 2610 1233 2655 κλάων
1266 2613 1331 2655 Re
1466 2617 1520 2656 10
1553 2610 1705 2656 καίτοι
1736 2614 1781 2656 Ρ
1809 2612 1890 2656 sed
1967 2631 1970 2633 ’

214 2679 256 2705 ιτ
287 2679 334 2706 m
358 2679 432 2708 ras
460 2667 529 2707 m²
651 2673 703 2709 12
738 2666 890 2724 δείλης
912 2668 1086 2712 inserui
1110 2656 1216 2726 p¹ost
1239 2670 1499 2729 μετέλαβον,
1531 2673 1638 2728 post
1659 2671 1744 2728 μὲν
1768 2671 1892 2715 inser

215 2723 317 2794 eqni
349 2723 415 2766 Re
454 2727 459 2779 Ι
499 2724 542 2768 οἱ
576 2723 644 2798 6]
678 2725 766 2788 ἤδη
799 2727 1012 2794 Μοηᾳίθι·
1049 2729 1054 2786 Ι
1093 2728 1139 2772 οἳ
1170 2730 1216 2773 Α
1284 2729 1335 2773 οῖ’
1360 2731 1406 2773 Ρ
1435 2731 1515 2774 sed
1549 2729 1560 2745 ‘
1590 2730 1639 2773 in
1670 2744 1745 2774 ras
1777 2729 1847 2772 m²
1881 2730 1887 2788 Ι

215 2783 264 2824 δε
297 2782 386 2824 edd
509 2789 561 2826 13
595 2798 677 2827 ουσ
701 2786 734 2827 Ι
753 2786 833 2828 sed
865 2799 891 2828 σ
921 2801 970 2829 1n
1001 2800 1077 2830 ras
1108 2787 1178 2830 m³
1205 2790 1211 2844 Ι
1238 2794 1352 2845 χρῆν
1381 2790 1427 2832 Ρ
1455 2789 1536 2832 sed
1559 2793 1578 2801 ”
1605 2789 1661 2833 e*
1700 2803 1800 2838 con·
1822 2789 1892 2831 m⁴

277 2846 293 2881 1
292 2840 600 2942 1εἰδβιῙιλιιιάνᾶτιίου
628 2844 697 2887 CI
813 2850 862 2887 17
890 2846 956 2902 τε]
983 2861 1031 2901 γε
1058 2846 1096 2890 0
1205 2851 1258 2890 21
1285 2864 1335 2903 γε
1361 2847 1526 2903 scripsi
1550 2849 1740 2891 auctore
1763 2848 1831 2891 Re

215 2913 260 2939 τε
360 2913 399 2940 11
430 2913 453 2941 Θ
