1992 3094
219 93 326 145 262
685 91 913 135 LIBANII
946 91 1169 135 ORATIO
1203 91 1437 135 XXXVHI

329 228 414 281 20.
459 223 629 280 Οὗτοι
671 224 772 293 μὲν
803 223 906 279 οὖν
939 230 1376 296 σωφρονήσουσί
1410 246 1542 282 ποτε
1581 227 1672 281 καὶ
1705 230 1761 281 τί
1788 246 1908 282 ποι-

219 324 411 378 οῦντες
443 318 495 368 Γ
490 317 760 387 αυδεντίῳ
794 323 1135 385 χαριοῦνται,
1175 317 1501 384 γνώσονται,
1541 317 1727 370 δίκαια
1760 315 1807 369 δ’
1840 316 1910 370 ἂν

217 404 566 472 ἐγκαλέσαιμι
620 402 710 456 καὶ
757 412 822 474 τῇ
868 406 1045 474 βουλῇ
1092 405 1190 456 τὸν
1229 404 1504 475 ἀλάστορα
1549 413 1752 458 τοῦτον
1791 406 1909 458 ἀτε-
1989 456 1992 457 ⁷

171 517 194 547 4
218 495 366 555 λείας
404 492 683 562 ἠξιωκυία.
739 492 806 544 ὃν
837 493 914 555 εἰς
952 493 1055 560 μὲν
1094 492 1305 561 ἐκείνης
1342 494 1651 561 κατάλογον
1690 493 1909 563 ε’νέγρα-
1973 508 1992 537 s

126 594 168 636 R
191 594 233 637 ΙΙ
250 599 333 638 351
381 590 487 644 ψεν
525 582 557 650 ἡ
597 583 822 649 μεγίστη
862 590 974 633 τῶν
1013 580 1214 650 ἀρχῶν,
1253 590 1475 651 τρυφᾶν
1519 582 1527 652 1
1574 579 1634 635 δὲ
1675 582 1910 651 ἀφεῖσαν

217 672 270 723 οἱ
333 672 607 738 λαβόντες.
684 669 771 722 καὶ
836 671 1140 737 βουλευτὰς
1200 667 1302 739 μὲν
1361 670 1745 724 ἀπαιτούντων
1797 681 1908 724 τῶν
1968 694 1983 712 ·-

216 759 551 829 πραγμάτων
592 759 694 811 οὐκ
741 753 889 811 εἷναί
931 772 1121 827 φασιν,
1177 757 1294 811 ἀλλ’
1325 759 1626 829 ὀδύρονται
1675 762 1804 822 τοὺς
1850 759 1910 814 ἐκ

214 852 437 901 πολλῶν
485 848 732 916 ὀλίγους,
788 848 970 914 ὥσπερ
1019 848 1071 900 οἱ
1123 847 1541 916 κατενεχθέντες
1588 850 1664 911 εἰς
1713 849 1911 917 μικρὸν

217 936 487 1007 ἀργύριον
527 937 584 989 ἐκ
623 936 878 1005 μεγάλων
918 936 1208 1005 χρημάτων
1246 946 1358 988 τῶν
1398 932 1583 1005 οἴκων,
1632 938 1808 1009 τούτῳ
1849 934 1909 990 δὲ

150 1046 193 1078 10
218 1026 524 1078 δεδώκασιν
563 1026 838 1094 ἄχρηστον
877 1024 1013 1095 αὐτῇ
1053 1031 1355 1093 κεκτῆσθαι
1394 1026 1495 1094 τὴν
1535 1026 1733 1080 οὐσίαν
1774 1024 1901 1080 οὔθ’
1972 1070 1973 1073 ¹

217 1115 405 1176 αὑτοῖς
443 1117 787 1183 βοηθοῦντες
819 1114 946 1166 οὔτε
984 1121 1079 1181 τῆς
1112 1112 1438 1182 ἐνεγκούσης
1478 1115 1771 1182 κηδόμενοι
1810 1117 1911 1184 τήν

215 1222 272 1255 τε
311 1210 410 1255 τοῦ
452 1203 777 1265 δικάσαντος
815 1210 1008 1271 ψῆφον
1046 1203 1281 1270 μάταιον
1320 1196 1460 1256 εἶναι
1500 1211 1802 1266 ποιοῦντες.

327 1291 412 1343 21.
468 1290 620 1344 Ἀλλ’
659 1291 732 1344 οὐ
788 1291 936 1360 περὶ
993 1291 1301 1359 <τοῦτον>
1354 1293 1560 1358 μόνον
1612 1293 1909 1360 τοιαύτη,

217 1382 406 1448 φασίν,
448 1379 606 1433 ε’στί.
668 1387 832 1432 τοῦτο
867 1379 932 1432 δέ
960 1378 1113 1432 ἐστιν
1145 1379 1268 1448 οὐχὶ
1300 1377 1474 1448 μηδὲν
1507 1379 1735 1449 ἀδικεῖν,
1775 1380 1911 1434 ἀλλὰ

151 1490 193 1521 15
220 1469 312 1521 διὰ
349 1472 572 1522 πολλῶν
605 1468 831 1521 ἀδικεῖν.
893 1476 988 1536 τῆς
1020 1469 1124 1538 γὰρ
1158 1468 1301 1520 οὕτω
1334 1472 1675 1538 πεπραγυίας
1705 1471 1910 1538 βουλῆς

215 1554 286 1625 ἦν
326 1559 505 1626 δήπου
545 1559 606 1611 τὸ
646 1558 711 1609 τὰ
747 1564 974 1610 τοιαῦτα
1006 1557 1282 1625 ἁρπάζειν,
1323 1557 1461 1610 ἀλλά
1492 1559 1563 1626 μὴ
1595 1561 1909 1628 προΐεσθαι.

216 1647 459 1708 ἅπαντας
512 1647 613 1713 μὲν
661 1642 765 1698 οὖν
819 1645 984 1715 ἐχρῆν
1038 1646 1146 1698 ὑπὸ
1201 1647 1297 1708 τὰς
1353 1650 1698 1714 λειτουργίας
1753 1647 1910 1714 ἄγειν

216 1733 306 1787 καὶ
356 1735 551 1803 μηδενὶ
604 1735 695 1787 διὰ
749 1734 957 1803 μηδένα
1004 1736 1106 1802 τὴν
1152 1735 1348 1787 ἄδικον
1395 1735 1599 1803 ταύτην
1651 1734 1910 1804 παρέχειν

218 1821 559 1892 ἐλευθερίαν.
638 1824 722 1875 22.
771 1821 886 1876 ἔστι
927 1820 988 1875 δὲ
1027 1826 1213 1895 πολλῷ
1260 1831 1424 1876 τοῦτο
1465 1822 1694 1876 ἐκείνων
1734 1825 1910 1876 δεινό-
1952 1827 1957 1833 ’

150 1933 194 1964 20
217 1931 379 1982 τερον
417 1910 507 1965 καὶ
547 1913 793 1983 τοσούτω
834 1931 921 1980 γε,
970 1911 1184 1983 ὅσῳπερ
1226 1912 1327 1964 οὐκ
1369 1917 1459 1964 ἴσα
1497 1913 1563 1965 τὰ
1601 1911 1909 1980 βεβιωμένα

218 2002 480 2072 Σιλβανῷ
513 2020 570 2053 τε
608 1999 699 2053 καὶ
739 1999 966 2053 ἐκείνων
1006 1999 1228 2071 ἑκάστῳ.
1290 2003 1348 2052 τί
1382 2002 1486 2069 γὰρ
1528 2002 1598 2053 ἄν
1642 2020 1724 2063 τις
1763 2001 1908 2053 εἴποι

216 2089 346 2156 περί
396 2107 458 2156 γε
512 2087 740 2141 ἐκείνων
792 2096 1072 2153 τοιοῦτον;
1128 2088 1309 2141 οὐδέν.
1386 2087 1505 2142 ἀλλ’
1537 2091 1724 2158 ἔχουσι
1774 2091 1907 2156 μίαν

126 2189 170 2233 R
193 2188 335 2231 H352
383 2177 589 2245 ταύτην
627 2179 809 2230 αἰτίαν
866 2175 872 2248 Ι
929 2179 1030 2245 τὴν
1067 2185 1168 2230 τοῦ
1207 2178 1279 2246 μὴ
1318 2178 1625 2244 βούλεσθαι
1664 2181 1908 2246 λειτουρ-

337 2341 362 2378 3
394 2336 524 2380 Dem.
551 2352 595 2393 p.
623 2342 722 2391 324,
742 2342 809 2381 21.
844 2341 945 2392 438,
963 2341 1019 2380 28
1143 2342 1166 2379 7
1201 2337 1257 2381 cf.
1285 2353 1328 2394 p.
1348 2342 1418 2391 58,
1439 2343 1491 2380 15
1507 2352 1571 2392 sq.

339 2502 360 2540 1
389 2495 474 2542 οὖν
499 2512 575 2542 0111
602 2500 670 2543 Va
761 2504 788 2542 4
812 2499 1038 2555 ἠξιωκυῖα
1060 2500 1105 2542 Ρ
1126 2499 1242 2543 sed*
1268 2500 1316 2542 in
1345 2498 1355 2512 ‘
1381 2514 1482 2543 corr
1505 2499 1588 2553 m²‚
1614 2501 1645 2542 Ι
1668 2502 1673 2555 Ι
1703 2499 1904 2555 ἔγραψεν

217 2558 251 2599 Ι
271 2557 402 2614 Bong
508 2565 533 2601 ὅ
560 2555 604 2603 δ’
634 2558 701 2601 Re
807 2563 831 2601 9
857 2557 1101 2617 χρημάτων
1125 2560 1171 2603 Ρ
1192 2559 1274 2602 sed
1298 2575 1322 2601 τ
1345 2559 1394 2601 in
1418 2572 1493 2602 ras
1518 2558 1588 2601 m²
1615 2559 1620 2615 Ι
1647 2565 1739 2601 τῶν
1764 2556 1904 2601 οἴκων

217 2673 294 2702 om
318 2661 392 2704 Pa
501 2665 555 2704 10
580 2661 695 2717 αὐτῇ
720 2661 789 2704 Re
898 2667 948 2704 11
975 2633 1141 2717 ῗιῖτῆξς
1153 2663 1227 2706 Ρα
1335 2666 1384 2704 13
1409 2668 1575 2705 τοῦτον
1599 2660 1773 2705 inserui
1798 2672 1903 2703 auc-

216 2720 317 2762 tore
348 2718 418 2763 Re
449 2720 755 2774 („addendum
784 2721 965 2764 videtur
995 2726 1078 2764 aut
1109 2719 1184 2776 ἐμὲ
1216 2726 1299 2764 aut
1327 2723 1540 2776 τοῦτον“>
1676 2725 1725 2761 14
1757 2715 1903 2774 φασίν

213 2777 384 2833 scripsi
446 2776 588 2834 φησίν
620 2777 729 2822 libri
761 2779 852 2822 edd
975 2783 1027 2821 16
1059 2779 1116 2823 τὰ
1148 2794 1223 2823 om
1254 2781 1289 2822 I
1314 2779 1446 2836 Bong
1570 2783 1626 2822 20
1661 2776 1768 2821 ὅσον
1800 2776 1898 2834 Pa}

213 2831 296 2879 ,ἶσα
327 2836 373 2878 Β
591 2842 644 2880 21
679 2839 878 2895 σιλβανῶ
911 2839 956 2882 Ρ
984 2838 1065 2882 sed
1097 2856 1131 2882 ω
1163 2838 1214 2880 in
1243 2851 1318 2882 ras
1349 2837 1420 2880 m'
1468 2840 1473 2894 Ι
1524 2836 1629 2893 εἴπη
1662 2838 1786 2881 BVa

278 2898 333 2936 23
365 2897 644 2953 λειτουργεῖν
676 2898 721 2940 Ρ
750 2897 831 2940 Sed.
863 2913 903 2941 ει
934 2897 983 2939 in
1015 2908 1089 2940 ras
1122 2897 1191 2940 m²
