1992 3094
126 132 353 179 LIBANII
378 130 602 177 ORATIO
634 131 954 177 ADVERSUS
985 133 1336 179 PAEDAGOGI
1364 135 1646 181 CONVICIA
1713 137 1816 189 193

125 269 176 322 4.
225 269 291 322 τά
344 287 402 321 τε
457 262 561 320 οὖν
615 268 753 321 ἄλλα
805 276 969 335 τιμᾶν
1023 269 1195 322 αὐτὸν
1243 269 1476 342 παρῄνει
1523 277 1599 342 τῷ
1645 272 1817 340 μηδὲν

124 361 501 428 προστεθῆναι
554 365 669 419 τοῖς
724 356 1098 426 δεδειγμένοις
1149 360 1335 426 λόγοις
1388 359 1477 412 καὶ
1528 361 1698 426 νόμος
1747 357 1816 429 ἦν

125 445 349 516 ἀρχαῖος
384 452 550 498 τοῦτο
589 445 764 508 οὕτως
801 442 949 515 ἔχειν
981 444 989 518 Ι
1024 444 1252 514 ἐθέλων,
1301 440 1343 519 ᾧ
1375 457 1487 501 τῶν
1523 448 1658 500 πάν-
1697 460 1737 503 R
1760 460 1905 506 [1268

123 553 235 588 των
272 533 482 601 οὐδείς,
537 533 605 586 οὐ
644 533 805 602 νέων,
855 534 921 587 οὐ
961 535 1331 603 παιδαγωγῶν
1378 534 1639 605 ἐτόλμησε
1685 537 1814 606 μέμ-

124 627 353 687 ψασθαι.
431 621 640 685 ἐκεῖνος
692 619 796 692 μὲν
849 618 954 675 οὖν
1007 623 1318 692 εὐδοκιμῶν
1372 623 1644 692 ἀπῆλθεν·
1701 626 1812 679 ἔδει
1860 647 1879 680 5

123 713 193 781 δὴ
239 709 502 780 γενέσθαι
555 711 622 763 τὰ
667 709 795 781 παρ’
826 712 995 781 ἡμῶν.
1071 719 1235 765 τοῦτο
1291 712 1353 765 δὲ
1407 708 1477 779 ἧν
1530 713 1590 765 τὸ
1643 714 1815 782 μηδὲν

122 799 314 870 ἕτερον
373 808 490 862 τοῖς
550 799 658 852 ὑπὸ
719 807 820 852 τοῦ
882 799 1014 853 νέου
1059 800 1341 870 ,ῥηθεῖσιν
1402 799 1814 870 ἐπεισενεγκεῖν.

122 887 407 957 ἐκαθήμην
453 883 559 941 οὗν
605 887 840 958 ἀνδράσι
896 889 1283 957 διαλεγόμενος
1332 891 1516 958 φίλοις
1565 891 1659 943 καί
1701 908 1815 953 πως

123 975 493 1047 ἐξηνέχθημεν
523 978 660 1030 κατὰ
691 979 892 1046 μικρὸν
923 979 1002 1040 εἰς
1035 978 1133 1031 τὸν
1171 976 1262 1031 ὑπ’
1295 976 1430 1047 ἐμοῦ
1469 978 1814 1047 κρατηθέντα

123 1063 252 1120 ποτὲ
290 1073 390 1119 τοῦ
435 1068 744 1138 Φιλαγρίου
783 1068 988 1135 θυμόν,
1031 1067 1193 1135 ἡνίκα
1230 1068 1360 1130 τοὺς
1399 1069 1716 1130 σιτοποιοὺς
1755 1067 1815 1121 έν
1839 1089 1881 1122 ιο

122 1163 240 1218 τοῖς
279 1155 538 1208 ἁπάντων
577 1155 895 1223 ὀφθαλμοῖς
932 1153 1157 1224 ᾐκίζετο.
1227 1155 1275 1208 5.
1319 1165 1431 1208 τῶν
1469 1157 1662 1208 τοίνυν
1701 1154 1815 1209 ἐπι-

121 1245 354 1313 τηδείων
413 1265 508 1313 μοι
569 1246 958 1314 κεχωρηκότων
1019 1243 1106 1297 ἐπὶ
1170 1245 1406 1313 λουτρὸν
1460 1245 1815 1313 παιδαγωγόν

122 1353 247 1386 τινα
306 1335 495 1402 κακόν,
556 1332 688 1386 νέου
743 1334 1003 1386 τοιούτου
1065 1334 1438 1402 παιδαγωγόν,
1502 1333 1728 1402 δραμὼν
1783 1333 1811 1386 ὁ

116 1429 250 1485 παῖς
295 1423 501 1491 ἔφασκε
547 1420 673 1491 περὶ
720 1423 822 1491 τὴν
859 1423 1049 1492 θύραν
1095 1426 1316 1474 κεῖσθαι
1355 1420 1516 1489 <καὶ>
1563 1425 1702 1490 βοᾶν
1742 1422 1813 1484 ὡς

121 1508 266 1581 τρισὶ
312 1509 445 1580 μησὶ
490 1518 592 1564 τοῦ
638 1511 836 1574 παιδὸς
890 1509 1274 1579 ἐζημιωμένου.
1350 1510 1506 1562 ταυτὶ
1555 1510 1616 1562 δὲ
1664 1513 1812 1578 ἔλεγε
1838 1532 1878 1564 15

121 1607 341 1668 κινῆσαι
379 1600 478 1652 τὸν
516 1602 694 1669 νόμον
732 1602 1072 1668 βουλόμενος
1109 1597 1200 1652 καὶ
1235 1599 1335 1652 τὸν
1366 1596 1812 1666 ἐπιδεδειγμένον

121 1686 569 1758 ἀποστερηθῆναι
626 1689 794 1742 πάλαι
855 1690 1207 1756 νενικηκότος
1261 1688 1496 1747 δικαίου,
1560 1692 1811 1754 φθονῶν,

121 1773 241 1844 ἐμοὶ
280 1777 485 1846 δοκεῖν,
523 1784 600 1849 τῷ
637 1778 738 1830 τὸν
778 1779 950 1845 λόγον
989 1778 1230 1845 εἰρηκότι
1269 1783 1364 1844 τῆς
1404 1774 1581 1843 δόξης.
1635 1778 1811 1828 καίτοι

120 1867 264 1918 πολὺ
317 1865 540 1934 βέλτιον
591 1862 662 1935 ’ἦν
714 1867 780 1919 τὰ
803 1864 1017 1919 ’κείνου
1071 1865 1413 1933 μιμούμενον
1466 1873 1577 1916 τῶν
1630 1864 1812 1916 αὐτῶν

122 1951 311 2027 ἐκείνῳ
365 1963 554 2024 τυχεῖν
601 1955 634 2025 ἢ
680 1962 844 2008 τοῦτο
891 1955 964 2023 μὴ
1013 1953 1327 2020 δυνάμενον
1372 1958 1446 2024 τῷ
1494 1951 1811 2023 κτησαμένῳ
1835 1973 1878 2030 sq

121 2043 299 2110 ζητεῖν
337 2041 667 2113 ἐπηρεάζειν.

232 2132 279 2183 6.
341 2130 497 2186 Ἀλλὰ
537 2133 641 2202 γὰρ
682 2133 755 2195 ὡς
794 2130 1172 2200 ἐσυκοφάντει,
1213 2131 1298 2183 δεῖ
1336 2148 1402 2197 με
1442 2136 1665 2196 ποιῆσαι
1706 2148 1809 2196 φα-

119 2221 300 2289 νερόν.
359 2229 505 2289 τρεῖς
533 2235 670 2290 φησι
701 2228 877 2289 μῆνας
908 2219 1232 2288 ἀνηλῶσθαι
1263 2218 1451 2286 μάτην.
1487 2215 1493 2287 Ι
1527 2225 1656 2283 πῶς,
1689 2228 1730 2272 R
1753 2228 1898 2272 11269

241 2414 263 2453 1
298 2410 355 2455 of.
380 2425 424 2467 p.
444 2415 544 2466 204,
563 2415 670 2466 bsq.
796 2415 851 2454 10
884 2409 940 2454 cf.
966 2424 1011 2465 p.
1031 2413 1101 2463 66,
1120 2413 1227 2463 Bsq.
1261 2406 1332 2451 t.1
1360 2410 1456 2458 175,
1480 2411 1531 2450 12
1547 2421 1613 2462 sq.

241 2592 266 2631 1·
297 2588 442 2633 αὑτὸν
474 2589 681 2633 ΑΡΙΜο
817 2593 842 2630 2
876 2584 1169 2642 δεδεγμένοις
1203 2584 1399 2629 ΟΡαΜο
1423 2582 1524 2627 Μοι·
1659 2588 1685 2626 5
1718 2583 1807 2626 ἀπ-

120 2647 266 2701 ῆλθεν
296 2648 331 2690 Ι
355 2647 438 2691 sed
468 2663 495 2691 ν
529 2647 622 2691 add
646 2647 716 2691 m⁸
866 2651 891 2690 6
923 2647 975 2690 τὸ
1008 2644 1182 2688 inserui
1214 2657 1238 2687 e
1274 2643 1317 2687 V
1393 2657 1467 2686 om
1499 2641 1669 2697 reliqui
1700 2640 1806 2684 libri

119 2704 212 2748 edd
363 2711 386 2749 7
422 2705 577 2761 ἕτερον
609 2703 637 2762 ἢ
669 2706 770 2750 Mor
932 2709 957 2748 9
990 2702 1276 2759 καταμικρὸν
1309 2702 1385 2745 ΡΙ
1391 2701 1434 2744 V
1477 2704 1482 2756 Ι
1525 2701 1635 2757 ἐμοῦ
1668 2702 1701 2744 I
1727 2701 1806 2743 sed

119 2776 234 2819 εμου
266 2778 321 2808 ex
352 2781 373 2810 ε
403 2766 457 2808 ut
487 2765 672 2809 videtur
703 2780 804 2809 corr
826 2764 897 2807 m⁸
1020 2768 1072 2805 10
1105 2769 1187 2805 τοῦ
1220 2776 1294 2804 om
1318 2761 1350 2803 Ι
1469 2764 1523 2802 14
1556 2760 1756 2814 ἔφασκεν
1782 2760 1808 2801 l

121 2820 243 2925 ajal
274 2824 306 2866 Ι
331 2824 413 2867 sed
442 2825 549 2879 περὶ
580 2838 796 2881 suprascr
818 2823 888 2867 m⁸
915 2824 921 2881 Ι
949 2822 1028 2866 καὶ
1060 2820 1234 2864 inserui
1266 2834 1370 2863 oum
1403 2818 1583 2862 Sinteni
1612 2820 1617 2873 Ι
1646 2818 1725 2891 ὡς]
1759 2818 1807 2862 ἐν

166 2895 196 2925 α
315 2887 369 2926 15
401 2884 510 2940 μησὶ
541 2897 617 2927 om
641 2883 742 2927 Mor
782 2885 788 2940 Ι
830 2889 976 2926 ταῦτα
1010 2880 1110 2923 Mor
1147 2884 1153 2936 1
1193 2876 1240 2924 δ’
1268 2878 1335 2922 Re
1466 2879 1518 2920 19
1550 2876 1607 2920 τὰ
1628 2875 1808 2920 ’κεινου

119 2939 286 2996 scripsi
317 2954 373 2984 ex
397 2943 496 2986 AV
562 2940 781 2987 τάκείνου
811 2940 980 2997 reliqui
1011 2939 1121 2982 libri
1152 2937 1243 2982 edd
1423 2940 1479 2979 20
1510 2936 1650 2980 ταὺτὸ
1676 2937 1746 2980 Pa

210 3021 405 3055 humerus
429 3023 487 3055 ed.
509 3023 749 3056 Foerstor.
795 3023 867 3056 ΙΙΙ.
1489 3014 1540 3053 13
