1992 3094
898 684 1140 738 XLVIII.

285 790 458 841 Oratio
505 792 661 856 πρὸς
707 792 820 856 τὴν
867 793 1111 857 βουλὴν
1156 795 1270 856 post
1316 809 1500 842 annum
1543 788 1703 860 388¹)
1751 809 1862 842 con-

173 868 359 928 scripta
398 883 496 929 qua
535 866 773 915 Libanius
813 867 1099 916 decuriones
1143 868 1476 916 Antiochenos
1515 868 1741 916 hortatus
1789 873 1863 916 est

170 942 227 987 ut
288 942 456 988 omnia
518 943 856 1004 experirentur
916 957 1044 1003 quae
1105 943 1297 990 numeri
1359 943 1580 1004 ipsorum
1651 942 1862 1006 augendi

171 1017 347 1074 essent,
386 1016 429 1063 si
460 1031 644 1077 paucas
684 1016 880 1079 eclogas
911 1018 1122 1063 maiores
1155 1016 1354 1077 excipis,
1395 1011 1651 1077 ‘corporis’
1683 1015 1861 1064 finibus

172 1089 547 1151 circumscripta
578 1091 775 1147 mansit.
845 1090 1035 1138 Parvus
1074 1091 1231 1152 igitur
1269 1105 1500 1138 numerus
1533 1093 1608 1138 est
1639 1090 1862 1138 codicum

169 1162 347 1224 quibus
387 1164 450 1210 ad
487 1166 709 1212 nostram
750 1166 964 1211 aetatem
997 1165 1237 1226 pervenit.

282 1235 410 1284 Sunt
449 1241 616 1286 autem
653 1238 708 1285 hi
746 1231 1082 1304 duodecim²):

283 1314 328 1358 1.
395 1309 743 1360 Chisianus
786 1311 927 1359 RVI
958 1312 1027 1359 43
1070 1306 1164 1377 (=
1201 1305 1259 1378 G)
1300 1327 1422 1360 saec.
1463 1311 1582 1359 XIV
1620 1311 1704 1360 fol.
1738 1313 1859 1360 317.

168 1383 296 1432 Vide
335 1387 370 1431 t.
403 1384 428 1432 I
466 1402 513 1446 p.
542 1387 692 1447 lOsq.
726 1387 775 1432 et
813 1401 963 1447 supra
1000 1402 1048 1447 p.
1078 1386 1196 1433 164.
1275 1384 1488 1433 Contuli.

283 1460 328 1506 2.
391 1458 878 1507 Laurentianus
931 1459 1072 1507 LVII
1119 1461 1186 1506 27
1243 1475 1372 1507 anno
1431 1461 1570 1507 1392
1629 1461 1860 1508 exaratus

167 1532 252 1579 fol.
287 1534 408 1580 421.
484 1533 612 1581 Vide
650 1536 686 1583 t.
718 1533 745 1581 I
781 1550 828 1595 p.
864 1534 930 1581 59
948 1549 1018 1595 sq.

282 1608 329 1654 3.
383 1606 654 1656 Patmius
686 1609 790 1656 471
829 1600 923 1674 (=
956 1600 1051 1673 Pa)
1088 1623 1212 1656 saec.
1243 1607 1362 1655 XIV
1399 1608 1484 1655 fol.
1521 1608 1651 1655 123v
1680 1609 1733 1654 in
1763 1607 1859 1655 fine

166 1695 391 1742 mancus,
447 1682 632 1743 quippe
687 1683 774 1744 qui
819 1681 981 1729 verbis
1030 1678 1146 1730 οὐδὲ
1191 1680 1331 1747 κριὸν
1377 1679 1754 1746 ἀναρρηγνύντα
1799 1689 1857 1745 τῆ

168 1757 359 1818 κεφαλῇ
398 1753 514 1813 τοὺς
552 1753 706 1821 ἄρνας
746 1748 816 1821 (p.
851 1757 972 1817 447,
995 1749 1087 1822 13)
1132 1756 1338 1803 desinat.
1415 1755 1638 1816 Inspexit
1676 1757 1726 1803 et
1763 1756 1858 1803 lec-

165 1827 326 1877 tiones
372 1845 522 1876 manu
569 1830 783 1878 secunda
828 1831 880 1876 in
927 1830 1150 1893 margine
1196 1830 1386 1891 positas
1432 1829 1555 1876 mihi
1602 1829 1860 1892 exscripsit

166 1901 377 1951 Ioannes
419 1902 699 1952 Sakkelion.
776 1903 905 1951 Vide
943 1909 977 1950 t.
1011 1904 1037 1950 I
1074 1920 1121 1965 p.
1155 1906 1220 1950 41
1236 1918 1306 1965 sq.
1347 1905 1397 1951 et
1437 1904 1521 1951 69.

279 1979 326 2024 4.
381 1976 713 2025 Vaticanus
754 1996 832 2041 gr.
869 1979 971 2026 939
1015 1992 1139 2026 saec.
1170 1977 1260 2024 XV
1300 1977 1385 2025 fol.
1414 1978 1534 2025 133.
1610 1976 1737 2024 Vide
1768 1977 1858 2024 t..1

286 2105 328 2160 1)
360 2103 483 2147 Nam
515 2105 624 2148 ante
647 2103 771 2148 hunc
800 2118 973 2148 annum
997 2104 1147 2147 oratio
1171 2103 1402 2160 posterior
1423 2102 1539 2157 ὑπὲρ
1564 2110 1655 2146 τῶν
1680 2104 1857 2161 βουλῶν

166 2175 286 2217 quae
319 2161 516 2219 Cynegii
545 2165 599 2207 ut
629 2164 801 2207 mortui
826 2165 888 2220 (p.
906 2164 1155 2221 454,5sq.),
1187 2162 1377 2205 Tatiani
1408 2163 1462 2205 ut
1492 2162 1583 2205 vivi
1609 2164 1670 2218 (p.
1696 2167 1855 2216 452,8;

166 2223 321 2278 467,6)
354 2222 639 2266 mentionem
671 2222 802 2278 facit,
835 2222 1009 2279 scripta
1036 2235 1128 2265 non
1153 2223 1236 2266 est.
1293 2220 1359 2266 Cf.
1386 2221 1665 2265 Sieversium
1691 2236 1736 2277 p.
1756 2227 1856 2265 266.

164 2279 342 2338 Legum
372 2295 481 2325 vero
514 2295 740 2325 annorum
773 2286 858 2324 384
884 2285 932 2326 et
956 2286 1039 2325 387
1066 2280 1193 2338 (Cod.
1211 2280 1383 2324 Theod.
1403 2280 1487 2323 XII
1512 2285 1553 2334 1,
1574 2284 1656 2324 105
1682 2283 1729 2324 et
1755 2283 1855 2337 118)

164 2341 356 2396 propter
401 2354 518 2395 quas
559 2340 812 2385 Sieversius
859 2356 904 2397 p.
940 2346 1024 2385 194
1067 2341 1326 2384 orationem
1372 2342 1480 2383 ante
1519 2340 1644 2383 hunc
1683 2354 1856 2383 annum
1898 2381 1914 2387 ,⁷

166 2399 388 2455 scriptam
413 2399 534 2443 dixit
557 2403 859 2456 (quamquam
885 2400 1024 2456 paulo
1049 2402 1157 2455 post
1176 2403 1346 2455 (p.204)
1373 2412 1476 2443 eam
1500 2412 1622 2442 anno
1647 2397 1744 2443 fere
1769 2403 1853 2443 386

164 2457 362 2515 tribuit),
393 2472 486 2502 non
519 2461 620 2503 erat
653 2474 733 2503 cur
763 2459 938 2503 mentio
970 2458 1114 2503 fieret.
1177 2458 1422 2501 Valentem
1455 2458 1551 2501 vita
1583 2457 1855 2501 defunctum

164 2515 377 2560 indicant
406 2518 548 2562 verba
577 2533 621 2574 p.
639 2522 807 2573 445,10
839 2525 921 2562 τοῦ
953 2516 1054 2562 τότε
1086 2516 1319 2576 βασιλέως.

285 2580 327 2630 2)
352 2576 421 2619 Ex
444 2577 532 2621 hoc
555 2590 747 2621 numero
773 2577 1043 2622 eximendus
1069 2579 1141 2620 est
1164 2576 1310 2621 codex
1332 2576 1627 2619 Parisinus
1652 2590 1719 2632 gr.
1738 2579 1853 2619 3016

165 2634 341 2692 quippe
383 2636 464 2693 qui
507 2636 765 2681 orationem
809 2637 900 2690 „ad
944 2638 1186 2679 senatum“
1229 2635 1299 2679 ita
1340 2637 1394 2679 ut
1435 2635 1625 2678 initium
1664 2637 1711 2678 et
1749 2634 1853 2678 finis

166 2692 469 2750 desideretur,
501 2695 624 2739 inter
656 2695 888 2739 orationes
913 2694 1032 2739 κατὰ
1057 2701 1325 2739 Λουκιανοῦ
1358 2696 1406 2738 et
1435 2700 1553 2748 πρὸς
1582 2693 1690 2743 τοὺς
1720 2691 1855 2745 νέους

164 2751 280 2807 ὑπὲρ
319 2761 402 2797 τοῦ
441 2753 645 2811 τάπητος
684 2754 921 2798 continere
959 2767 1206 2810 perperam
1245 2753 1294 2796 in
1331 2753 1547 2809 catalogo
1579 2751 1852 2796 Mellotiano

165 2810 360 2855 dicatur.
425 2811 668 2857 Omontius
709 2813 899 2870 (Invent.
935 2812 1067 2856 codd.
1099 2826 1328 2856 manuscr.
1362 2827 1428 2869 gr.
1460 2811 1573 2855 bibl.
1599 2811 1707 2854 Nat.
1733 2814 1766 2854 t.
1791 2811 1854 2855 III

163 2883 208 2924 p.
235 2872 330 2927 92),
375 2871 506 2915 cuius
550 2872 801 2928 descriptio
844 2871 893 2914 in
938 2871 1043 2914 aliis
1085 2885 1254 2915 manca
1297 2873 1389 2925 est,
1432 2870 1552 2915 hanc
1595 2870 1852 2914 orationem

161 2930 288 2973 recte
318 2931 647 2986 praetermisit.
711 2930 776 2975 Cf.
803 2933 835 2974 t.
861 2930 882 2973 I
906 2945 950 2987 p.
970 2935 1026 2974 54
1044 2945 1110 2986 sq.
