1992 3094
446 105 674 163 LIBANH
706 118 930 164 ORATIO
963 120 1045 164 AD
1077 120 1334 165 IcARmM
1697 123 1764 175 13

73 261 254 310 αἴτιον
291 253 653 319 ἐπαινέσεται;
708 255 794 307 21.
842 257 898 308 τί
942 253 992 308 δ’
1025 256 1192 319 αὐτὰς
1239 258 1499 311 διασώσει
1538 259 1634 321 τὰς
1672 278 1764 311 κα-

78 345 267 414 λύβας,
300 344 433 397 ὅταν
457 343 486 396 ὁ
510 343 613 412 μὲν
637 345 855 413 χρόνος,
879 343 908 396 ὃ
934 345 1002 413 δὴ
1025 344 1240 413 πέφυκε
1264 354 1462 414 ποιεῖν,
1495 348 1721 417 φθείρῃ,
1756 346 1760 417 ἦ

73 435 256 502 βοηθῇ
297 429 358 484 δὲ
395 433 609 501 μηδείς,
664 430 696 500 ἢ
744 431 836 485 καὶ
884 433 1189 496 διασπάσας
1235 436 1328 504 ἔχῃ
1374 434 1601 498 ἕκαστος
1646 448 1688 491 R
1711 448 1854 492 [1102

73 522 170 584 τάς
206 540 265 574 τε
303 521 531 583 σανίδας
577 521 668 573 καὶ
706 521 774 573 τὰ
813 522 975 590 ἄλλα,
1026 523 1087 575 τὸ
1135 523 1197 575 δὲ
1237 522 1528 592 ε’νοικῆσον
1567 525 1669 578 οὐκ
1708 519 1766 594 ᾗ;

74 611 252 664 πόθεν
290 604 395 662 οὗν
432 607 583 662 ἔσται
622 616 787 662 τοῦτο
825 610 887 662 τὸ
928 610 1222 681 ἀργύριον;
1273 610 1343 664 ἐῶ
1383 613 1512 682 γάρ,
1553 614 1625 676 ὡς
1665 614 1768 666 οὐκ
1815 636 1833 667 5

74 696 226 752 ἔσται
270 707 386 760 τοῖς
430 696 664 767 πένησιν
712 703 923 767 οἴκησις
979 700 1194 753 τούτων
1239 697 1341 767 μὲν
1393 701 1768 775 ἀνῃρημένων,

75 795 177 841 τοῦ
204 783 266 840 δὲ
302 795 415 841 τῶν
445 787 759 857 οἰκημάτων
790 794 1002 857 μισθοῦ
1037 791 1285 857 μείζονος
1314 788 1348 858 ἢ
1379 788 1495 842 κατ’
1526 789 1771 853 ἐκείνους

71 878 253 939 ὄντος.

188 964 274 1017 22.
331 965 637 1034 Πρόκλου
692 966 813 1034 γὰρ
868 959 1042 1019 εἶναι
1091 974 1287 1020 τοῦτο
1335 969 1530 1036 ἔργον
1576 971 1770 1037 φήσει

76 1073 188 1117 τις.
265 1053 331 1106 οὐ
391 1055 466 1121 μά
526 1057 626 1107 τὸν
652 1122 655 1127 γ
678 1056 792 1107 Δία
843 1053 936 1108 καὶ
989 1056 1092 1124 τὴν
1139 1054 1398 1125 Ἀθηνᾶν,
1460 1056 1599 1110 ἀλλὰ
1659 1067 1771 1110 τῶν
1796 1079 1837 1110 10

78 1145 515 1213 εἰσπραττόντων
560 1143 730 1212 ἡμῶν.
806 1145 868 1196 τὸ
918 1144 1020 1213 μὲν
1069 1145 1174 1215 γὰρ
1222 1144 1437 1199 ἐκείνου
1484 1146 1773 1215 γράμματα

76 1227 149 1300 ἦν
199 1229 292 1284 καὶ
345 1233 535 1301 λόγος,
597 1233 659 1286 τὸ
716 1229 777 1285 δὲ
830 1240 940 1286 νῦν
991 1234 1401 1301 καταβάλλουσι
1454 1233 1771 1304 τάργύριον.

78 1320 341 1390 θαυμάζω
382 1319 460 1388 δέ,
500 1321 552 1374 εἴ
586 1340 670 1384 τις
710 1326 882 1374 οἴεται
912 1322 1085 1375 καλὸν
1116 1322 1250 1375 αὐτὸ
1284 1322 1486 1386 δείξειν
1523 1329 1598 1395 τῷ
1622 1326 1771 1394 Πρό-

78 1413 205 1480 κλῳ.
281 1415 356 1481 τῷ
403 1411 508 1480 γὰρ
564 1411 634 1464 ἄν
687 1430 769 1474 τις
823 1411 884 1464 σὲ
937 1414 1150 1480 μᾶλλον
1205 1410 1566 1481 ἀποτρέψειεν
1619 1411 1651 1480 ἢ
1702 1419 1777 1485 τῷ

79 1496 307 1566 ὀνόματι
352 1500 552 1571 τούτῳ;
607 1501 665 1552 τί
707 1501 812 1569 γὰρ
859 1498 1060 1568 γένοιτ’
1092 1499 1163 1553 ἂν
1210 1505 1427 1570 αἴσχιον
1473 1501 1506 1570 ἢ
1553 1502 1614 1554 τὸ
1660 1510 1774 1554 τῶν
1796 1521 1838 1555 15

80 1588 342 1654 Πρόκλου
403 1597 589 1640 κακῶν
636 1586 875 1659 Ἰκάριον
935 1594 1302 1659 κληρονομεῖν
1361 1588 1452 1642 καὶ
1513 1590 1611 1642 τὸν
1673 1590 1774 1658 μὲν

78 1674 362 1744 ἡγεῖσθαι,
416 1677 516 1729 τὸν
555 1673 617 1730 δὲ
655 1676 912 1742 ἕπεσθαι;
966 1677 1054 1730 23.
1101 1678 1162 1730 τὸ
1211 1675 1274 1730 δὲ
1313 1680 1391 1730 ἔτι
1439 1679 1773 1747 δεινότερον,

81 1763 164 1817 ὅτι
216 1763 476 1818 κάκείνου
531 1767 750 1835 χείρους
797 1768 1085 1834 γινόμεθα.
1161 1775 1298 1831 πῶς;
1355 1769 1611 1836 Πρόκλος
1663 1775 1785 1819 τῶν

81 1855 556 1922 λειτουργούντων
594 1863 710 1918 τοῖς
755 1854 951 1924 πένησι
998 1857 1175 1925 πόρον
1211 1857 1337 1908 τινὰ
1373 1862 1576 1908 τοῦτον
1615 1855 1775 1908 ἀνεῦ-

82 1959 195 2010 ρεν,
249 1941 316 1995 οὐ
361 1944 535 1996 καλὸν
580 1940 683 2012 μὲν
730 1941 861 1996 οὐδὲ
908 1942 1065 2007 ἄξιον
1117 1952 1214 2013 τῆς
1258 1946 1490 2012 πόλεως,
1546 1944 1612 1997 οὐ
1667 1945 1772 2011 γὰρ
1798 1965 1840 1996 20

0 2105 1 2108 Ἴ
84 2033 208 2082 ἴσον
244 2030 397 2099 ἡμεῖς
427 2050 486 2084 τε
515 2030 607 2084 καὶ
632 2035 900 2102 Βηρυτός,
938 2040 1155 2101 προσῆν
1195 2031 1244 2085 δ’
1276 2028 1381 2086 οὖν
1419 2052 1471 2085 τι
1503 2035 1775 2101 σχήματος

0 2124 1 2152 ἱ
81 2123 156 2190 τῷ
181 2119 470 2189 πράγματι.
532 2127 640 2173 νῦν
672 2117 734 2174 δὲ
765 2119 855 2174 ἐπὶ
886 2121 988 2190 τὴν
1020 2122 1230 2190 σκηνὴν
1261 2129 1426 2174 τοῦτο
1465 2119 1772 2190 τέτραπται,

203 2298 255 2337 11
310 2293 630 2351 πράττομαι
685 2296 859 2351 μισθὸν
911 2295 1014 2350 ἤτοι
1068 2297 1250 2340 ἀπαιτῶ
1305 2296 1445 2354 χωρὶς
1488 2293 1772 2351 προθέσεως,

84 2351 396 2408 εἰσπράττω
444 2352 496 2399 δὲ
535 2355 616 2398 καὶ
656 2355 771 2399 αὐτὸ
811 2354 1163 2413 λαμβανόμενον
1203 2355 1308 2399 ἀντὶ
1349 2362 1432 2399 τοῦ
1476 2356 1658 2398 ἀπαιτῶ
1700 2355 1772 2398 ἀεὶ

84 2410 168 2455 σὺν
198 2417 252 2469 τῇ
283 2411 504 2467 προθέσει
527 2413 595 2458 V²
634 2413 690 2457 cf.
725 2414 867 2458 schol.
901 2415 963 2457 ad
993 2417 1026 2458 t.
1052 2415 1094 2457 Π
1119 2418 1247 2470 78‚2;
1289 2418 1389 2468 526,
1410 2418 1484 2468 10;
1524 2416 1557 2457 t.
1582 2413 1603 2456 I
1630 2418 1727 2465 137,
1746 2419 1772 2456 4

144 2474 198 2513 21
225 2469 470 2530 σχήματος]
495 2471 597 2527 ἤτοι
623 2472 875 2528 εὐπρέπειά
898 2490 968 2525 τις
991 2474 1072 2517 καὶ
1096 2471 1330 2530 δικαίωμα
1359 2476 1423 2533 τῷ
1453 2471 1681 2532 γινομένῳ
1708 2471 1774 2516 V²

203 2637 227 2675 2
259 2641 414 2677 ποιεῖν
445 2647 520 2677 om
545 2635 581 2678 I
621 2636 629 2690 Ι
671 2633 931 2691 διαφθείρη
956 2637 988 2679 Ι
1163 2640 1189 2678 3
1221 2637 1377 2693 βοηθῆ
1411 2636 1442 2678 Ι
1470 2634 1551 2678 sed
1583 2651 1611 2690 η
1644 2647 1700 2678 ex
1731 2641 1775 2677 εἴ

86 2702 188 2735 corr
209 2691 279 2734 m²
399 2697 424 2735 6
457 2693 762 2750 ἀνῃρημένων
779 2695 825 2738 Ρ
846 2694 928 2737 sed
952 2711 1010 2750 ρη
1033 2695 1083 2737 in
1106 2708 1181 2737 ras
1205 2694 1276 2737 m²
1396 2698 1421 2737 9
1453 2700 1590 2737 τοῦτο
1617 2693 1770 2750 ἔργον]

85 2748 138 2793 τὸ
171 2749 305 2807 ἔργον
335 2759 471 2796 τοῦτο
501 2753 537 2796 Ι
707 2758 758 2796 11
793 2752 924 2810 ἡμῶν
956 2755 1030 2797 Ρα
1062 2754 1144 2796 sed
1176 2770 1231 2809 γρ
1255 2753 1384 2809 ὑμῶν
1415 2752 1464 2795 in
1487 2765 1621 2808 marg
1644 2751 1713 2794 m²

94 2807 221 2863 ὑμῶν
253 2810 299 2853 V
412 2815 467 2854 13
500 2807 548 2855 δ’
568 2810 637 2855 Re
665 2814 672 2865 Ι
700 2812 825 2855 αὐτῶ
848 2813 884 2855 Ι
938 2812 1082 2856 αὐτὸν
1107 2813 1192 2855 Mo
1316 2816 1371 2855 14
1401 2814 1464 2854 τῶ
1489 2811 1570 2868 (2)]
1602 2810 1653 2854 τὸ
1688 2812 1772 2855 Mo

152 2871 207 2910 18
239 2867 456 2914 κάκείνου
488 2871 562 2915 Ρα
606 2870 689 2914 sed
720 2887 775 2927 γρ
799 2878 897 2921 τοῖς
927 2867 1109 2914 ἐκείνου
1141 2871 1190 2913 in
1213 2884 1347 2926 marg
1377 2858 1446 2913 m*
1527 2876 1625 2919 τοῖς
1656 2866 1771 2913 ἐκεί-

90 2939 176 2968 νου
203 2926 272 2983 Vl
300 2927 559 2984 γιγνόμεθα
582 2929 651 2972 Re
774 2934 828 2972 21
856 2929 956 2973 ἴσον
978 2930 1023 2972 Ρ
1044 2930 1125 2973 sed
1141 2927 1162 2944 ⁸
1186 2930 1236 2973 in
1252 2942 1326 2973 ras
1350 2928 1421 2972 m²
1541 2932 1595 2970 22
1629 2925 1676 2971 δ’
1703 2927 1771 2970 Re
