1992 3094
171 136 281 188 346
690 131 919 175 LIBANII
950 130 1174 175 ORATIO
1206 131 1351 174 XLIII

173 268 234 324 δὲ
273 269 602 339 μεθιστάναι
648 268 746 320 τὸν
792 266 924 320 νέον
962 268 1130 338 ψήφῳ
1181 275 1290 320 τῶν
1331 267 1665 331 δικαζόντων
1702 273 1866 320 τοῦτο
1956 279 1957 282 ’

172 361 402 426 ποιήσας
425 357 613 425 μένειν
637 355 773 409 ἐάτω
798 356 865 408 τὰ
890 357 1235 423 συγκείμενα.
1297 355 1388 408 καὶ
1419 355 1867 425 προσγεγράφθω

173 447 259 515 δέ,
300 443 340 499 ὦ
388 448 567 516 φίλοι,
621 447 706 498 τό·
762 445 817 497 εἰ
865 443 938 497 δέ
978 464 1076 506 τις
1122 443 1308 512 ἁλοίη
1356 445 1509 512 περί
1550 463 1698 496 τινα
1743 452 1869 496 τῶν

172 536 336 589 νέων
393 534 746 603 ἀργότερος
799 533 1109 601 γεγονώς,
1171 539 1412 586 τοῦτον
1468 529 1673 602 μηδὲν
1728 531 1870 585 ἀδι-

126 629 458 678 εκεῖσθαι
520 623 867 689 νομίζειν,
930 621 1011 691 ἢν
1071 627 1157 694 τῷ
1211 620 1341 692 νέῳ
1404 640 1508 683 τις
1565 623 1870 690 βοηθεῖν

173 718 386 782 οἰήται
428 713 583 765 δεῖν.

285 801 367 853 17.
454 804 579 863 Τοῖς
639 797 740 867 μὲν
803 795 907 852 οὖν
970 806 1233 867 γονεῦσιν
1296 797 1632 868 ἀποχρήσειν
1696 806 1869 852 ταῦτα

171 890 566 959 ὑπολαμβάνω,
618 893 748 951 ἴσως
795 887 859 941 δέ
901 908 985 951 τις
1031 888 1187 956 ὑμῶν
1234 887 1296 941 ἐν
1343 886 1560 941 ἐλπίσιν
1599 888 1678 941 ὢν
1725 886 1868 951 ἕξειν

170 979 323 1040 τινὰς
362 976 433 1030 δι’
470 977 822 1030 ἀποστάσεων
862 976 1023 1039 νέους
1063 977 1414 1047 δυσχεραίνει
1452 978 1553 1046 τὴν
1590 975 1717 1047 περὶ
1757 986 1868 1030 τῶν

104 1088 147 1120 ιο
172 1072 473 1135 συνθηκῶν
529 1068 871 1135 παραίνεσιν.
966 1067 1051 1119 δεῖ
1105 1065 1166 1119 δὲ
1219 1073 1422 1119 τοῦτον
1481 1066 1553 1134 μὴ
1608 1067 1782 1135 μόνον
1838 1065 1868 1119 ὃ
1985 1137 1988 1144 Ι

171 1158 398 1224 λήψεται
446 1164 696 1223 σκοπεῖν,
751 1153 868 1208 ἀλλ’
914 1155 987 1217 ὡς
1039 1155 1131 1208 καὶ
1185 1155 1351 1217 αὐτὸς
1406 1159 1537 1217 ἴσως
1592 1155 1661 1208 ἄν
1714 1174 1868 1217 τινας

170 1245 268 1297 τὸν
313 1244 483 1297 αὐτὸν
531 1243 862 1313 ἀφαιρεθείη
910 1245 1133 1314 τρόπον.
1210 1242 1422 1312 πέφυκε
1463 1243 1525 1296 δὲ
1570 1244 1869 1313 ἄνθρωπος
1979 1226 1985 1234 ,

171 1333 272 1402 οὐχ
305 1332 479 1395 οὕτως
510 1332 915 1403 εὐφραίνεσθαι
954 1333 1280 1402 κερδαίνων,
1320 1332 1394 1395 ὡς
1427 1331 1617 1401 ἀλγεῖν
1649 1333 1868 1401 ζημιού-

170 1441 346 1488 μενος.
437 1423 674 1491 πότερον
728 1416 833 1474 οὖν
885 1429 1137 1491 κρεῖττον
1189 1419 1313 1490 μήτ’
1352 1420 1570 1489 ε’κείνην
1630 1421 1867 1489 ἥδεσθαι

105 1531 146 1564 15
171 1511 270 1578 τὴν
308 1510 517 1579 ἡδονὴν
559 1512 692 1579 μήτε
738 1510 944 1579 ταύτην
984 1513 1286 1563 λυπεῖσθαι
1331 1511 1434 1578 τὴν
1480 1510 1662 1579 λύπην
1699 1509 1732 1578 ἢ
1774 1513 1869 1579 ζῆν

171 1597 232 1652 ἐν
264 1598 612 1669 ἀμφοτέροις,
653 1598 834 1652 ἐλπίδι
865 1619 922 1652 τε
954 1599 1179 1669 τοιαύτῃ
1216 1597 1306 1652 καὶ
1340 1601 1514 1671 φόβῳ,
1553 1599 1645 1652 καὶ
1685 1618 1869 1668 χειμα-

173 1689 399 1756 ζόμενον
444 1689 546 1756 τὴν
586 1689 770 1757 ψυχὴν
808 1688 981 1741 νύκτα
1023 1707 1080 1740 τε
1127 1688 1216 1740 καὶ
1263 1686 1473 1758 ἡμέραν
1513 1688 1730 1757 διάγειν
1766 1695 1867 1741 τοῦ

170 1773 270 1841 μὲν
318 1775 550 1846 ἐρῶντα,
597 1778 733 1846 πρὸς
781 1773 842 1830 δὲ
890 1776 1068 1830 έκεῖνο
1115 1775 1407 1846 τρέμοντα;
1489 1776 1571 1829 18.
1625 1777 1715 1830 καὶ
1760 1778 1870 1845 μὴν
1952 1791 1992 1850 ,ᾗ

171 1872 277 1917 νῦν
315 1865 417 1933 μὲν
448 1864 598 1935 ἀρῶν
623 1865 762 1935 ἡμῖν
794 1865 945 1934 γέμει
982 1867 1050 1919 τὰ
1085 1865 1441 1918 διδασκαλεῖα
1471 1875 1584 1918 τῶν
1614 1865 1723 1918 ὑπὸ
1756 1873 1869 1918 τῶν

104 1974 148 2006 20
170 1958 435 2022 μαθητῶν
467 1953 849 2022 ἀδικουμένων
874 1953 1132 2024 Ἐριννῦς
1162 1952 1243 2007 ἐπ’
1269 1952 1516 2017 ἐκείνους
1543 1954 1867 2007 καλούντων

172 2043 447 2109 λεγόντων
473 2036 561 2096 οἷα
586 2042 716 2097 ἀνθ’
741 2044 875 2097 οἴων
901 2044 1006 2096 εἰσὶ
1032 2041 1430 2112 κεκομισμένοι,
1455 2044 1577 2096 τότε
1602 2039 1663 2095 δὲ
1696 2042 1866 2096 οὐδὲν

170 2138 425 2184 τοιοῦτον
472 2132 604 2185 οὐδὲ
652 2125 729 2195 εἷς
774 2137 926 2185 θεῶν
973 2130 1268 2185 ἀκούσεται
1314 2139 1409 2199 τῆς
1457 2130 1711 2200 ἀφορμῆς
1756 2139 1868 2184 τῶν

82 2230 285 2274 R11430
320 2219 763 2291 δυσχερεστέρων
809 2220 1225 2291 περιῃρημένης.
1303 2218 1398 2272 εἴτ’
1438 2216 1543 2274 οὖν
1581 2227 1677 2288 τῆς
1726 2223 1732 2285 Ι
1782 2218 1867 2272 ε’λ-

171 2307 329 2368 πίδος
360 2306 694 2377 ἐκκρούεται,
733 2310 903 2379 ταύτῃ
943 2310 1045 2378 τὴν
1075 2307 1277 2377 ἀηδίαν
1316 2306 1617 2371 ἀντιτιθεὶς
1649 2321 1867 2376 σωφρο-
1942 2332 1950 2370 5

290 2634 317 2673 4
349 2637 514 2674 τοῦτον
546 2630 629 2687 μὲν
661 2629 806 2687 μηδέν
838 2633 870 2674 Ι
1057 2636 1083 2674 5
1114 2629 1185 2682 τίς
1213 2632 1297 2675 IV
1488 2635 1540 2673 12
1573 2628 1782 2685 πέφυκεν
1807 2655 1863 2661 --

175 2691 227 2730 13
261 2689 562 2745 ζημιούμενος
593 2690 847 2746 praemisso
875 2689 1015 2734 tissulo
1047 2695 1127 2746 τῆς
1158 2690 1273 2745 πρὸς
1303 2688 1520 2746 μαθητὰς
1552 2685 1750 2746 ὁμιλίαςε
1783 2686 1863 2745 λόγ
1943 2730 1946 2744 ¹

172 2762 231 2819 κβ
261 2761 377 2805 citat
406 2762 567 2806 Macar
597 2762 676 2806 fol.
703 2767 784 2806 90v
929 2768 981 2807 12
1016 2762 1068 2808 δὲ
1100 2777 1174 2807 om
1208 2763 1368 2807 Macar
1505 2767 1558 2806 17
1593 2760 1740 2818 ἡμέρα
1773 2763 1818 2805 Β
1854 2761 1858 2820 Ι
1935 2746 1978 2821 Ξ.

171 2836 254 2863 του
279 2821 324 2864 Ρ
379 2837 460 2865 τον
484 2822 519 2864 Ι
627 2826 681 2865 18
708 2822 883 2876 ἐρῶντα
907 2824 952 2866 Ρ
973 2823 1055 2866 sed
1080 2839 1144 2866 ων
1167 2822 1217 2865 in
1239 2836 1315 2866 ras
1339 2820 1411 2865 m'
1524 2825 1577 2864 19
1603 2821 1712 2878 ὑμῖν
1737 2820 1804 2863 Re
1931 2825 1954 2884 '33

173 2882 229 2920 20
262 2879 444 2932 ἐριννὺς
477 2880 606 2924 ΟΑΒ
667 2881 822 2934 ἐρινὺς
851 2883 896 2924 Ρ
955 2881 1108 2936 ἐρινὺς
1131 2882 1166 2924 Ι
1190 2880 1247 2924 cf.
1273 2883 1306 2924 t.
1332 2881 1374 2923 Π
1400 2884 1499 2935 124,
1517 2885 1542 2923 5
1643 2884 1698 2923 22
1731 2880 1864 2924 οὐδε·
1931 2884 1955 2933 ξ

173 2943 239 2987 εἷς
264 2938 307 2981 V
420 2943 476 2981 23
509 2937 663 2982 εἶ’τοῦν
699 2939 778 2983 CA
1926 2978 1959 3094 Ξ

290 2479 345 2518 24
378 2474 497 2518 Plat.
523 2475 716 2520 Phaedr.
743 2492 786 2532 p.
806 2481 892 2520 228
911 2476 947 2519 Ε
