1992 3094
184 95 292 147 338
702 90 929 135 LIBANII
963 89 1186 135 ORATIO
1219 89 1363 132 XLIII

185 230 365 298 μένων
411 230 471 283 τὸ
519 227 727 296 κέρδος.
814 225 932 296 ἐμοὶ
979 227 1079 293 μὲν
1130 227 1233 295 γὰρ
1289 230 1454 299 αἴτιοι
1507 224 1692 293 δόξης,
1743 225 1878 294 ὑμῖν

187 316 247 371 δὲ
302 319 489 380 αὐτοῖς
542 324 640 370 τοῦ
703 316 955 384 μεγάλων
1010 315 1359 384 ἀπηλλάχθαι
1421 324 1605 367 κακῶν
1666 316 1876 368 ἔσεσθε.

188 409 234 459 2.
291 410 338 460 εἰ
377 407 478 474 μὲν
518 402 620 458 οὖν
659 406 730 474 μὴ
778 406 879 473 τὴν
929 409 1054 472 ἴσην
1095 407 1234 473 ἔχων
1274 403 1411 470 πρὸς
1449 402 1681 456 ἕκαστον
1720 403 1879 472 ὑμῶν

188 498 411 549 εὔνοιαν
466 496 543 557 εἰς
592 495 756 562 τήνδε
808 492 1083 546 διετέλεσα
1133 494 1234 562 τὴν
1285 492 1516 562 ἡμέραν,
1573 492 1710 546 ἀλλὰ
1763 501 1878 556 τοῖς

143 606 161 637 5
185 585 286 653 μὲν
340 584 727 651 συμπράττων,
779 592 894 644 τοῖς
946 581 993 635 δ’
1034 580 1481 650 ἐναντιούμενος,
1536 582 1758 644 εἰκότως
1809 580 1880 634 ἂν

187 674 274 726 καὶ
322 681 428 725 νῦν
474 673 875 739 ὑπωπτευόμην
923 671 989 724 οὐ
1037 672 1097 724 τὸ
1145 679 1303 740 κοινῇ
1349 666 1637 740 συμφέρον
1684 673 1880 739 ζητεῖν,

187 771 249 831 τῇ
299 758 359 814 δὲ
406 762 540 829 πρὸς
590 760 774 822 ἐνίους
821 760 1000 829 χάριτι
1040 760 1177 827 πρὸς
1223 767 1387 812 τοῦτο
1429 760 1603 827 ἥκειν·
1652 758 1768 812 ἐπεὶ
1817 756 1878 812 δὲ

186 854 406 903 πολλῶν
451 849 703 917 πατέρων
741 849 940 918 κύριόν
979 868 1045 918 με
1091 847 1443 917 ποιουμένων
1483 847 1544 901 ἐν
1583 857 1701 909 ταῖς
1739 845 1880 919 ὑπὲρ

189 939 538 992 διδασκάλων
569 937 818 1005 ἐκλογαῖς
850 937 1100 1004 οὐδαμοῦ
1132 939 1435 1007 προκρίνας
1467 936 1656 1006 ἕτερον
1688 936 1879 1007 ἑτέρου

123 1048 164 1079 ιο
188 1031 527 1096 φανήσομαι,
576 1028 800 1089 δικαίως
843 1026 913 1079 ἂν
958 1027 1320 1094 πιστευοίμην
1357 1029 1595 1095 τήμερον
1635 1025 1738 1078 ἀπὸ
1779 1033 1878 1078 τοῦ

187 1117 409 1169 πάντων
450 1116 649 1184 ὁμοίως
680 1117 950 1183 κήδεσθαι
990 1116 1125 1184 πρὸς
1160 1117 1262 1183 τὴν
1301 1125 1413 1168 τῶν
1452 1116 1519 1168 οὐ
1561 1115 1881 1168 δοκούντων

187 1224 278 1272 μοι
325 1209 500 1267 καλῶς
540 1206 685 1272 ἔχειν
724 1202 1117 1273 ἐπανόρθωσιν
1155 1204 1479 1273 ὡρμηκέναι.
1559 1203 1587 1256 ὃ
1635 1205 1738 1273 γὰρ
1788 1200 1879 1272 ἐμὲ

100 1306 200 1349 RII
218 1310 301 1349 421
335 1294 435 1362 μὲν
475 1293 642 1346 οὐδὲν
691 1290 696 1363 Ι
743 1299 817 1365 τῷ
851 1294 922 1362 μὴ
965 1286 1111 1345 εἷναί
1146 1313 1240 1362 μοι
1280 1294 1377 1346 τὸν
1417 1293 1880 1361 ἀντικαθήμενον,

188 1384 252 1435 τὰ
292 1379 352 1435 δὲ
391 1391 502 1434 τῶν
535 1383 717 1434 ἄλλων
749 1382 905 1448 ὑμῶν
936 1381 1184 1451 βέβλαφέ
1210 1402 1276 1440 ,τε
1316 1384 1496 1435 πολὺν
1531 1383 1635 1450 ἤδη
1675 1383 1880 1451 χρόνον

124 1491 164 1524 15
189 1469 278 1523 καὶ
319 1473 365 1523 εἰ
405 1472 478 1539 μή
517 1491 597 1532 τις
638 1469 941 1539 ἐπισχήσει,
989 1471 1237 1539 βλάπτον
1283 1471 1350 1524 οὐ
1398 1473 1676 1540 στήσεται,
1722 1469 1882 1523 τοῦτ’

190 1558 344 1622 ἄξιον
383 1559 626 1612 ἐνταῦθα
669 1559 936 1623 δέξασθαι
975 1561 1077 1629 τὴν
1115 1562 1388 1629 τελευτήν.

301 1648 332 1699 3
404 1648 664 1701 Μάλιστα
703 1645 804 1717 μὲν
844 1644 971 1716 οὖν,
1011 1651 1059 1702 εἰ
1098 1649 1187 1702 καὶ
1227 1657 1462 1719 χρηστῆς
1501 1648 1747 1717 ἀπήλαυε
1785 1655 1882 1716 τῆς
1947 1685 1950 1691 ·

190 1738 353 1805 τύχης
399 1738 464 1789 τὰ
510 1746 620 1789 τῶν
666 1736 944 1807 ἡμετέρων
991 1739 1174 1806 λόγων
1219 1736 1309 1790 καὶ
1364 1742 1524 1790 πλεῖν
1571 1735 1624 1800 ἐξ
1673 1737 1883 1807 οὐρίων

190 1825 450 1894 ὑπῆρχεν,
491 1826 670 1894 ὥσπερ
704 1834 817 1889 τοῖς
855 1827 961 1896 πρὸ
994 1826 1150 1895 ἡμῶν
1189 1835 1306 1889 ταῖς
1337 1836 1448 1880 τῶν
1480 1826 1623 1879 νέων
1655 1825 1878 1894 ἐφεστη-

125 1934 167 1966 20
190 1915 349 1966 κόσιν
381 1913 615 1982 ἀγέλαις,
648 1914 746 1977 οὓς
777 1916 837 1967 τὸ
871 1918 1110 1978 πολλοὺς
1135 1909 1277 1968 εἶναι
1309 1918 1439 1977 τοὺς
1471 1914 1884 1981 ἐπιθυμοῦντας

192 2003 501 2069 μανθάνειν
550 2003 879 2069 εὐδαίμονας
926 2002 1123 2069 ἐποιέι,
1171 2005 1260 2056 καὶ
1306 2005 1426 2056 τότε
1472 2004 1574 2070 μὲν
1621 2002 1691 2057 ἂν
1738 2004 1883 2065 εἰκὸς

193 2086 260 2156 ἦν
294 2100 534 2157 σκοπεῖν,
568 2091 713 2154 ὅπως
744 2089 919 2161 μηδὲν
950 2093 1272 2161 μηδαμόθεν
1308 2095 1458 2145 ἔσται
1494 2093 1554 2144 τὸ
1589 2095 1882 2160 ζημιῶσον·
1943 2147 1945 2149 ,

194 2185 299 2229 νῦν
347 2177 430 2246 δέ,
484 2180 554 2241 ὡς
601 2179 784 2247 ὁρᾶτε,
835 2181 1232 2248 βαπτιζομένου
1284 2189 1383 2234 τοῦ
1431 2181 1747 2249 πράγματος
1791 2181 1878 2233 καὶ

194 2266 415 2318 πάντων
455 2266 535 2319 ἐπ’
567 2268 700 2321 αὐτὸ
741 2269 1113 2337 κεκινημένων
1151 2279 1262 2323 τῶν
1307 2271 1636 2339 πνευμάτων
1678 2267 1808 2322 οὐδ’
1834 2270 1878 2320 εἰ
1913 2328 1916 2333 Α

127 2375 168 2408 25
194 2355 424 2449 σφόδρα
427 2357 774 2449 βούλοισθε,
822 2367 999 2420 κακῶς
1039 2356 1209 2422 εξεστι
1257 2367 1492 2428 φρονεῖν
1530 2357 1620 2410 καὶ
1660 2371 1881 2427 προστι-

315 2491 365 2527 17
401 2485 723 2539 cf..‚t18114
905 2493 958 2532 18
993 2488 1366 2542 ef..‚;t135813
1399 2489 1629 2541 III26‚17

314 2608 338 2645 2
372 2601 418 2646 δ’
447 2604 513 2646 Re
648 2610 674 2647 4
706 2621 802 2656 τοις
833 2606 879 2648 Ρ
1012 2612 1036 2649 5
1071 2607 1121 2650 δὲ
1147 2607 1216 2650 Va
1247 2607 1339 2650 edd
1480 2611 1505 2648 6
1538 2613 1689 2673 κοινῆ.
1704 2607 1822 2649 ΡΙΒ

198 2666 219 2703 7
255 2663 371 2716 πρὸς
395 2664 477 2720 (2)]
504 2663 569 2712 εἰς
595 2664 625 2705 Ι
741 2667 766 2706 8
791 2664 1074 2721 πραγμάτων
1100 2665 1202 2708 Mor
1326 2671 1376 2708 12
1410 2682 1463 2722 γρ
1497 2673 1650 2715 κακῶς
1676 2664 1725 2707 in
1749 2677 1884 2719 marg

195 2720 295 2763 Mor
418 2727 469 2764 13
495 2723 547 2766 τὸ
575 2722 673 2764 Μο1·
798 2729 850 2766 15
913 2723 1102 2768 λάπτειν
1127 2724 1229 2768 Mor
1253 2725 1333 2767 sed
1358 2742 1411 2780 γρ
1437 2723 1666 2796 βλάπτων
1676 2723 1723 2766 in
1749 2736 1881 2778 marg

257 2784 308 2821 17
344 2776 426 2824 οὖν
459 2781 506 2822 in
537 2795 613 2823 ras
641 2781 753 2837 V²1
748 2785 752 2793 '
797 2783 998 2826 ἀπελαυε
1023 2783 1232 2827 VaVRe
1367 2788 1419 2825 18
1451 2783 1591 2839 τύχης
1620 2781 1678 2826 τὰ
1709 2789 1800 2825 τῶν
1831 2781 1882 2823 in

195 2843 327 2938 ra8346
361 2839 456 2882 fere
487 2839 566 2940 1}st
590 2840 654 2883 V²
682 2844 686 2895 Ι
715 2798 945 2896 ἡμετέρων
972 2843 1014 2885 V
1037 2843 1117 2885 sed
1149 2841 1177 2897 ἡ
1209 2842 1259 2884 in
1290 2855 1365 2884 ras
1397 2841 1467 2884 m²
1493 2842 1499 2899 Ι
1529 2839 1748 2896 ἐξουρίων
1780 2841 1825 2884 P

343 2898 465 2940 αὐτῶ
