1992 3094
231 99 300 152 66
750 99 980 143 LIBANII
1010 99 1234 144 ORATIO
1267 99 1415 143 xxix

230 235 487 303 κατάγειν
542 234 648 288 ἀπό
703 255 762 288 τε
808 244 920 288 τῶν
967 234 1117 305 ὀρῶν
1169 234 1259 288 καὶ
1307 245 1419 288 τῶν
1466 237 1685 304 ἄντρων
1731 235 1793 290 ἐν
1839 231 1926 301 οἷς

227 324 430 387 αὑτοὺς
481 325 928 392 κατακρύψαντες
982 320 1146 393 εἶχον.
1230 332 1394 377 τοῦτο
1447 321 1509 377 δὲ
1560 325 1662 378 οὐκ
1713 322 1783 393 ἦν
1833 327 1924 380 εὔ-

228 432 404 482 πορον
452 412 870 480 ἀπιστουμένων
922 409 1025 479 μὲν
1077 413 1445 481 ὑποσχέσεων,
1501 413 1927 480 ἀπιστουμένων

230 499 290 554 δὲ
367 502 564 569 ὅρκων.
666 502 737 564 ὡς
807 502 868 554 δὲ
939 501 1175 568 ἐμαυτὸν
1252 503 1431 554 ἔδωκα
1499 509 1574 574 τῷ
1643 503 1922 572 πράγματι

182 610 199 642 5
231 589 322 642 καὶ
370 589 442 643 δι’
481 585 560 643 ὧν
616 589 743 658 ἐξῆν
796 590 983 652 αὐτοῖς
1038 589 1349 659 διελέχθην,
1405 589 1722 654 ἀξιόπιστον
1774 589 1925 661 ἔχειν

226 677 499 748 ἐγγυητὴν
568 679 902 748 ἡγησάμενοι
971 677 1062 732 καὶ
1132 680 1242 749 ἅμα
1308 685 1624 748 μεμνῆσθαι
1685 683 1921 743 παλαιᾶς

227 769 473 831 εἰπόντες
542 769 790 837 χάριτος,
860 768 1023 836 ἡνίκα
1084 767 1285 831 αὐτοὺς
1354 767 1631 838 ἐξήρπασα
1691 773 1920 837 πληγῶν

134 867 344 912 RII330
394 855 485 909 καὶ
555 860 904 924 βασανιστῶν
965 865 1190 926 μακρῶν
1250 857 1351 923 μὲν
1411 857 1549 927 πρὸς
1608 858 1708 910 τὸν
1763 856 1771 924 I
1827 855 1915 925 ἔμ-

226 965 411 1014 φρονα
461 945 769 1014 Φιλάγριον
823 947 1005 1013 λόγων
1061 944 1127 997 οὐ
1180 946 1425 1013 δεηθείς,
1487 952 1586 998 τοῦ
1642 942 1704 998 δὲ
1765 954 1919 1015 κινῆ-

157 1055 199 1087 10
225 1049 315 1086 σαι
363 1035 466 1102 τὴν
509 1035 755 1103 κεφαλὴν
803 1034 875 1096 ὡς
923 1033 1011 1086 ἐπὶ
1059 1037 1317 1102 σκληροῖς
1363 1033 1720 1103 ἀρκέσαντος,
1771 1033 1917 1088 ἀντὶ

221 1124 416 1175 τοίνυν
485 1121 758 1175 ἐκείνων
827 1120 1043 1192 ἔφασαν
1112 1119 1311 1175 οὐδὲν
1373 1123 1402 1175 ὅ
1471 1142 1531 1175 τι
1594 1123 1668 1176 οὐ
1731 1126 1918 1193 ποιή-

223 1226 437 1280 σομεν,
478 1209 612 1264 οὐδ’
646 1213 701 1264 εἰ
740 1212 812 1264 τὰ
853 1211 1110 1279 σώματα
1148 1220 1274 1264 τῶν
1312 1210 1558 1264 τέκνων
1595 1217 1916 1281 προσθεῖ-

222 1319 328 1352 ναι
397 1299 537 1352 δεόι
605 1309 743 1362 τοῖς
804 1301 1185 1370 φρυγάνοις.
1273 1300 1318 1352 7.
1381 1307 1608 1352 τοιαῦτα
1670 1301 1920 1364 εἰπόντες

220 1388 571 1458 προσέθεσαν
608 1390 670 1443 τὸ
720 1391 888 1458 ἔργον
932 1390 1024 1442 καὶ
1071 1389 1214 1457 πρὸςἡ
1255 1397 1525 1441 τοσοῦτον
1562 1385 1659 1457 ἧκε
1697 1395 1915 1459 προθυ-

154 1499 195 1531 15
219 1479 344 1546 μίας
383 1477 630 1545 ἕκαστος,
678 1476 804 1530 ὥστ’
837 1477 1143 1547 ἀποχρῆσαι
1190 1477 1363 1530 νύκτα
1407 1479 1540 1546 μίαν
1589 1478 1726 1547 πρὸς
1765 1482 1914 1547 τηλι-

219 1566 427 1634 καύτην
479 1568 801 1635 μεταβολήν.
878 1565 968 1618 καὶ
1025 1567 1176 1619 οὔπω
1231 1566 1333 1635 μὲν
1379 1564 1568 1635 ἡμέρα,
1623 1566 1801 1619 πάντα
1850 1563 1912 1620 δὲ

219 1655 401 1723 ἄρτων
441 1657 667 1723 ἔμπλεα,
707 1653 846 1707 ὥσθ’
880 1655 937 1707 οἰ
972 1651 1074 1721 μὲν
1114 1653 1405 1722 ἐξέκειντο,
1446 1655 1499 1707 οἱ
1540 1652 1586 1707 δ’
1621 1656 1911 1725 ἄνθρωποι

218 1742 499 1813 παρῄεσαν
551 1743 648 1805 τὰς
708 1742 832 1813 περὶ
894 1744 995 1811 τὴν
1050 1743 1200 1811 ὠνὴν
1255 1743 1499 1805 σπουδὰς
1552 1751 1652 1796 τοῦ
1697 1742 1915 1797 ’κείνων
1991 1796 1992 1811 ,

216 1833 470 1900 πλήθους
509 1831 802 1894 ἀνελόντος
834 1833 1028 1894 δόντος
1060 1837 1296 1901 θαρρεῖν
1328 1833 1549 1899 ἅπασιν,
1591 1832 1663 1893 ὡς
1703 1832 1915 1886 ὁπόταν
1971 1875 1978 1892 ‚

150 1941 193 1972 ρο
217 1939 298 1982 τις
344 1917 508 1989 ἔλθῃ,
564 1922 756 1987 λαβεῖν
804 1919 958 1989 ἐξείη.
1037 1920 1083 1973 8.
1141 1921 1267 1973 οἵαν
1315 1918 1375 1972 δὲ
1421 1919 1633 1989 ἡδονὴν
1678 1921 1913 1989 ἥδονται

219 2158 301 2198 183
335 2099 365 2197 Ξ»
400 2093 556 2139 cf.t.1
583 2099 755 2149 182‚22
901 2100 926 2139 6
960 2095 1115 2140 cf.t.1
1140 2099 1240 2150 175,
1259 2100 1519 2150 12-177‚3
1667 2101 1721 2140 18
1755 2096 1812 2140 ef.
1838 2096 1911 2139 Μ

337 2322 359 2359 1
393 2332 440 2360 τε
466 2330 541 2359 om
559 2318 604 2360 B
632 2319 636 2373 Ι
664 2324 755 2362 τῶν
781 2319 842 2375 (2)
876 2332 951 2361 om
975 2319 1011 2362 I
1125 2322 1149 2360 2
1184 2317 1353 2367 αὐτοὺς
1366 2317 1541 2360 IMMo
1664 2321 1688 2359 3
1722 2315 1826 2374 μὲν]
1852 2316 1909 2360 δὲ

216 2375 314 2419 Bon
467 2380 494 2419 4
527 2375 576 2419 δὲ
601 2376 681 2433 (2)]
708 2374 752 2419 δ’
784 2376 874 2420 edd
1022 2380 1047 2419 5
1081 2374 1346 2434 ὃιειλέχθην
1383 2376 1584 2420 CAPVa
1621 2375 1702 2420 sed
1735 2375 1781 2418 in
1815 2376 1904 2419 hoe

216 2436 310 2478 διελ
336 2437 461 2491 χθην
485 2434 535 2477 in
558 2448 706 2509 marg,
735 2436 779 2480 U
894 2440 915 2478 7
943 2436 1102 2486 αὐτοῖς
1127 2436 1212 2479 Mo
1334 2438 1358 2477 9
1390 2434 1441 2478 τὸ
1467 2436 1502 2478 Ι
1617 2440 1669 2478 11
1703 2432 1772 2478 ὄτι
1796 2436 1910 2479 ΒΜ

278 2498 330 2536 13
365 2492 462 2537 δέοι
486 2493 602 2550 τοῖς]
628 2495 780 2538 δεοιτο
805 2496 838 2537 Ι
956 2499 1010 2537 14
1041 2490 1151 2548 ἧκεν
1175 2495 1221 2538 A
1344 2498 1397 2537 15
1431 2493 1693 2551 ἀποχρῆναι
1724 2494 1858 2550 Bong
1893 2494 1897 2551 ᾖ

213 2552 490 2608 τηλικαύτην
522 2554 659 2596 Patm
692 2553 773 2597 sed
804 2570 858 2611 γρ
883 2553 967 2610 τὴν
998 2553 1218 2610 τοιαύτην
1249 2551 1299 2595 in
1323 2566 1457 2609 marg
1478 2553 1548 2595 m²
1623 2552 1708 2608 τὴν
1739 2552 1900 2596 τοιαύ-

213 2627 297 2667 την
317 2612 361 2655 V
475 2615 528 2653 17
556 2611 725 2667 ἔμπλεα
750 2611 900 2665 ἄρτων
925 2612 992 2656 Re
1021 2614 1026 2667 Ι
1055 2610 1278 2665 ἐξέκειντο
1304 2612 1468 2668 scripsi
1494 2611 1596 2655 coll.
1622 2627 1666 2668 p.
1686 2615 1755 2666 54,
1773 2615 1826 2654 19
1855 2612 1902 2654 et

213 2669 314 2713 loco
356 2670 591 2713 Damascii
632 2672 756 2726 apud
797 2671 989 2714 Suidam
1022 2686 1055 2714 s.
1080 2686 1118 2714 v.
1159 2669 1419 2728 χυτρόπους
1457 2670 1623 2727 (ὥσπερ
1668 2670 1717 2714 ἐν
1750 2671 1901 2726 ἀγορᾶ

214 2730 331 2784 πρὸς
362 2728 487 2784 ὠνὴν
522 2727 829 2787 ἐκκειμένους)
864 2729 1072 2774 ἐλέλυντο
1102 2729 1212 2773 libri
1237 2730 1326 2772 edd
1451 2733 1504 2772 18
1536 2736 1617 2772 τοῦ
1645 2726 1833 2773 ’κείνων

215 2788 295 2831 sed
322 2785 335 2801 ²
365 2801 467 2831 eras
589 2792 643 2830 19
678 2786 813 2832 ὁπότ’
842 2787 901 2832 ἂν
931 2790 1071 2833 ΑΜ]
1205 2792 1261 2831 20
1292 2787 1362 2839 τίς
1392 2790 1437 2832 Β
1481 2789 1488 2843 Ι
1531 2788 1645 2846 ἔλθῃ
1677 2787 1843 2843 scripsi
1874 2800 1900 2831 e

217 2847 253 2890 O
282 2847 362 2890 sed.
393 2864 420 2902 η
454 2861 509 2890 ex
541 2863 565 2890 ο
599 2861 711 2900 corr,
744 2849 790 2892 P
819 2848 900 2892 sed
931 2865 958 2903 η
991 2848 1039 2890 in
1064 2861 1140 2891 ras
1173 2847 1256 2903 ωδ,
1290 2847 1363 2891 VI
1425 2847 1557 2891 ἔλθοι
1588 2846 1757 2902 reliqui
1787 2845 1904 2888 libri

214 2905 306 2947 edd
366 2920 477 2948 num
511 2903 644 2949 ὁπόσ’
676 2905 734 2950 ἄν
767 2922 835 2958 τις
866 2905 1034 2964 ἐθέλῃῖ
1062 2908 1068 2957 Ι
1097 2905 1276 2950 οἴονται
1310 2907 1372 2950 Μ
1399 2905 1531 2963 Bong
