1992 3094
213 148 292 190 LII
751 139 1090 185 PRAEFATIO
1123 137 1359 182 CRITICA

208 283 291 334 καὶ
339 282 515 347 συχνή,
566 278 596 344 ἡ
646 275 690 329 δ’
742 279 794 329 ἐν
841 282 1036 345 φανερῷ
1077 295 1124 325 τε
1163 275 1245 325 καὶ
1292 276 1432 340 δήλη.
1510 275 1694 324 Vocem
1735 274 1889 340 συχνή

208 360 492 419 corruptam
540 370 642 403 esse
695 356 856 416 patet,
911 354 1047 400 cuius
1095 351 1204 400 loco
1253 367 1342 414 ego
1398 350 1684 398 dubitanter
1729 348 1891 413 vvxloc,

212 430 564 480 Herwerdenus
610 427 821 492 κρυπτή,
877 425 1108 474 Polakius
1164 423 1336 489 στεγνή
1387 423 1660 486 proposuit.
1745 422 1891 471 Prius

213 508 414 566 propter
459 519 560 550 rem
598 500 1082 563 palaeographioam,
1131 499 1347 546 alterum
1393 499 1596 559 propter
1643 496 1890 560 significa-

211 579 391 626 tionem
427 593 524 624 non
555 575 810 624 satisfacit.
875 574 1099 620 Fortasse
1130 571 1507 633 praeferendum
1542 570 1636 618 erit
1669 568 1890 633 σκοτεινή

209 647 297 717 (of
331 668 375 711 p
403 651 505 698 388
513 643 606 713 ,4).

322 741 367 786 p.
402 726 522 781 304,
549 725 615 770 20
662 729 746 785 τῆς
792 719 943 783 αὐτῆς
990 716 1042 768 δὲ
1089 719 1311 777 διανοίας
1358 716 1440 766 καὶ
1489 717 1542 766 τὸ
1589 716 1674 776 τὰς
1728 715 1891 777 πόλεις

213 796 310 846 ὑπὸ
349 801 447 855 τοῖς
486 794 637 861 λέγειν
676 792 1009 857 ἐπισταμένοις
1047 797 1205 841 ποιεῖν
1252 790 1332 840 καὶ
1379 799 1565 840 παῦσαι
1610 790 1724 850 τοὺς
1772 791 1892 855 βαρ-

211 870 396 934 βάρους
435 876 529 917 τῶν
569 868 732 917 ἐθνῶν
764 866 1080 932 κυβερνήτας,
1121 867 1168 914 οἱ
1197 866 1469 931 γράφοντες
1501 863 1590 929 μὲν
1622 864 1715 913 σὺν
1746 863 1895 929 τάχει,

215 951 337 992 νοῦν
392 940 441 990 δὲ
497 941 586 990 οὐκ
639 941 824 1006 ἔχοντες
877 938 1139 1004 ἀνέτρεπον
1193 938 1251 988 τὰ
1297 939 1478 1002 σκάφη.
1554 940 1746 987 Iniuria
1796 955 1892 987 vox

215 1016 483 1082 γράφοντες
536 1017 683 1063 Asmo
738 1017 963 1077 suspecta
1015 1017 1064 1061 et
1113 1014 1296 1077 Kingio
1346 1014 1398 1061 in
1448 1011 1736 1078 στρέφοντες
1788 1029 1894 1061 mu-

216 1091 367 1138 tanda
406 1090 510 1138 visa
551 1094 637 1137 est.
712 1089 862 1137 Haud
900 1089 1051 1137 semel
1081 1087 1317 1136 Libanius
1358 1088 1416 1135 de
1453 1090 1550 1135 isto
1583 1103 1759 1151 genero
1789 1102 1894 1134 ma-

218 1166 511 1227 gistratuum
552 1163 681 1224 quod
716 1163 839 1209 nihil
878 1162 973 1209 nisi
1004 1164 1333 1226 ταχυγραφεῖν
1373 1161 1614 1209 didicerat
1654 1160 1893 1223 queritur.

221 1236 290 1285 Cf.
323 1240 356 1284 t.
387 1237 463 1283 III
499 1238 614 1296 138,
644 1238 727 1298 103
775 1238 894 1296 319,
924 1237 1004 1285 14.

327 1327 371 1371 p.
406 1311 532 1366 313,
567 1313 594 1357 2
643 1313 707 1376 τῷ
755 1309 936 1373 σώματι
984 1307 1239 1373 δεχόμενος
1293 1306 1377 1357 τὸν
1418 1305 1618 1374 ὄμβρον.
1697 1308 1893 1357 Coniec-

219 1387 330 1430 tura
370 1383 537 1446 Kingii
576 1383 765 1446 πώματι
804 1383 927 1430 nihil
966 1384 1242 1444 perversius
1282 1384 1490 1446 cogitari
1530 1385 1707 1445 potest.

331 1473 374 1518 p.
412 1459 531 1518 317,
567 1460 593 1504 1
636 1456 762 1505 οὕτω
810 1453 861 1504 δὲ
913 1453 1253 1522 ἀκριβέστερον
1298 1463 1394 1504 τῶν
1442 1455 1774 1522 σμικροτάτων
1822 1455 1895 1504 δι-

220 1537 406 1578 καστῶν
445 1527 556 1597 ᾤετο
597 1529 699 1578 δεῖν
737 1533 837 1589 τοῖς
875 1528 1115 1593 κειμένοις
1154 1528 1232 1578 ἐπὶ
1270 1537 1366 1578 τῶν
1412 1530 1616 1594 κρίσεων
1657 1528 1895 1594 ἐμμένειν.

223 1603 401 1651 Vocem
442 1602 768 1666 σμικροτάτων
808 1607 1090 1665 corruptam
1129 1619 1232 1652 esse
1271 1606 1432 1665 patet,
1479 1607 1532 1652 at
1581 1620 1740 1666 noque
1787 1617 1897 1666 σμι-

224 1675 592 1740 κρολογωτάτων
631 1678 761 1738 quod
802 1675 964 1725 Gasda
1009 1679 1267 1739 proposuit
1311 1694 1469 1740 neque
1509 1675 1897 1742 ἀκριβολογωτά-

223 1768 317 1797 των
363 1750 492 1810 quod
539 1749 892 1799 Herwerdenus
943 1767 1099 1812 nequo
1147 1748 1421 1799 ὁσιωτάτων
1470 1752 1603 1813 quod
1641 1752 1896 1812 Polakius‚

223 1822 396 1883 placet.
472 1823 619 1870 Recte
672 1827 838 1872 tamen
891 1824 970 1871 hio
1022 1825 1248 1872 laudavit
1300 1826 1431 1887 quod
1484 1827 1608 1873 mihi
1655 1827 1712 1873 ut
1756 1825 1896 1873 facil-

224 1896 409 1953 limum,
450 1898 754 1957 aptissimum
786 1898 994 1959 usuique
1024 1898 1300 1946 Libaniano
1332 1900 1626 1947 conveniens
1658 1898 1898 1961 probatur

225 1966 500 2030 ἀκροτάτων
540 1968 742 2018 Gasdae.

336 2059 379 2103 p.
416 2044 534 2102 318,
561 2044 590 2090 8
640 2042 829 2102 ἐδέξατο
870 2043 931 2107 δὴ
970 2044 1021 2094 τὸ
1062 2045 1374 2110 δικαστήριον
1413 2045 1568 2095 ἐκεῖνο
1615 2044 1698 2094 καὶ
1735 2044 1898 2104 πόλεις

228 2111 346 2177 ὑπὲρ
392 2116 636 2178 πρωτείων
683 2115 1096 2181 ἀμφισβητούσας.
1174 2118 1314 2175 Quod
1359 2120 1717 2169 Herwerdenus
1767 2121 1899 2168 inter

228 2185 307 2235 καὶ
347 2192 395 2235 et
433 2187 595 2246 πόλεις
626 2190 933 2238 inserendum
965 2194 1154 2243 censuit
1186 2192 1276 2241 δύο
1308 2194 1399 2241 hoc
1430 2195 1538 2243 loco
1569 2194 1899 2242 necessarium

229 2277 323 2308 non
363 2264 449 2309 est

339 2350 383 2418 p.
418 2335 537 2394 319,
565 2336 592 2381 6
626 2331 757 2398 ’Ἀρτι
797 2336 883 2399 μὲν
923 2330 1013 2385 οὗν
1052 2346 1137 2402 τῆς
1176 2337 1228 2387 ἐν
1276 2343 1376 2398 τοῖς
1423 2340 1569 2404 ἱεροῖς
1614 2339 1899 2422 ἐμεμνήμην

230 2405 518 2469 κοινότητος.
594 2409 782 2456 Iniuria
827 2411 1182 2460 Herwerdenus
1229 2413 1563 2476 Polakiusque
1609 2415 1801 2462 nullam
1846 2415 1900 2462 in

230 2480 626 2527 antec-(dentibus
674 2485 967 2531 mentionem
1012 2486 1195 2532 Iuliani
1240 2487 1292 2533 in
1336 2504 1387 2535 19
1434 2503 1572 2535 sacra
1618 2487 1900 2550 κοινότητος

231 2553 410 2600 factam
451 2568 552 2601 esse
599 2556 964 2604 contenderunt.
1041 2558 1197 2606 Obliti
1235 2563 1350 2608 sunt
1387 2561 1606 2608 locorum
1644 2579 1691 2622 p.
1727 2562 1847 2622 287,
1865 2562 1898 2608 4

233 2622 327 2673 απὸ
367 2632 461 2673 τῶν
501 2630 632 2674 θεῶν
679 2635 773 2675 τῶν
820 2636 904 2692 τῆς
950 2630 1132 2689 πόλεως
1178 2639 1263 2695 τῆς
1309 2634 1573 2698 θεραπείας
1619 2633 1787 2698 ἤρχετο
1830 2661 1897 2667 —

233 2698 424 2746 πείθειν
463 2697 549 2761 μὲν
587 2698 852 2763 ἐπιχειρῶν,
891 2703 1143 2766 βιάζεσθαι
1182 2702 1233 2753 δὲ
1274 2704 1364 2754 οὐκ
1395 2705 1568 2767 ἀξιῶνς
1608 2725 1653 2770 p
1683 2710 1803 2768 290,
1832 2709 1897 2755 12

233 2768 284 2818 ἐν
334 2769 494 2860 μέσοις
543 2776 642 2830 τοῖς
691 2775 949 2836 βασιλείοις
998 2777 1128 2841 ἱερὸν
1179 2775 1266 2840 μὲν
1320 2779 1644 2843 οἰκοδομεῖται
1691 2785 1754 2847 τῷ
1810 2779 1900 2843 τὴν

233 2839 417 2907 ἡμέραν
456 2842 620 2909 άγοντι
659 2850 759 2912 θεῷ
793 2846 872 2895 καὶ
912 2851 1189 2915 μυστηρίων
1229 2850 1415 2916 μετέσχε
1460 2871 1505 2901 τε
1546 2852 1628 2901 καὶ
1668 2852 1900 2916 μετέδωκε

237 2917 445 2979 μυηθείς
484 2935 529 2965 τε
561 2917 612 2966 ἐν
652 2917 779 2982 μέρει
818 2919 898 2968 καὶ
937 2922 1127 2985 μυήσας
1159 2928 1255 2972 κτλ.
1295 2929 1344 2972 et
1375 2943 1419 2988 p.
1448 2929 1567 2987 312,
1596 2929 1661 2975 19
1697 2925 1722 2975 ὃ
1755 2925 1901 2985 αὐτὸς
