1992 3094
191 106 403 151 XXXXII
727 103 961 148 PRAEFA
968 102 1066 147 ΤΙΟ
1100 101 1337 146 CRITICA

194 247 325 310 apud
358 246 561 294 Suidam
602 260 637 292 s.
670 262 714 292 v.
749 237 1023 308 Ἀρχίλοχος
1055 244 1305 290 servatum
1337 239 1487 290 οἱονεὶ
1518 241 1695 304 κηλῖδα
1725 238 1879 306 ἀπορ-

193 320 365 386 ρύψαι.
443 318 539 367 Sed
577 316 728 377 θεοὺς
769 317 900 379 quod
941 318 1055 364 ante
1095 314 1210 375 τοὺς
1249 313 1393 374 ὄντας
1431 315 1745 364 inserendum
1777 330 1880 364 esse

196 396 427 457 opinatus
469 395 540 440 est
579 391 956 449 Herwerdenus,
996 390 1170 438 melius
1211 390 1362 438 abest.

304 485 349 530 p.
379 469 461 527 24,
491 469 554 514 18
596 463 760 529 λαβὼν
801 458 935 528 οἶμαι
975 463 1188 527 δύναμιν
1235 462 1414 528 μικράν
1461 481 1508 511 τε
1555 460 1636 511 καὶ
1683 465 1880 526 πολιορ-

194 545 387 590 κεῖσθαι
413 544 689 604 μαθοῦσαν.
765 539 861 586 Pro
894 532 1030 601 οἶμαι
1062 541 1231 599 aperte
1265 541 1496 600 corrupto
1539 538 1726 585 conieci
1757 535 1880 601 οἴχε-

195 634 269 662 ται
303 615 381 662 vel
414 609 505 681 ᾔει,
545 613 630 660 sed
660 615 760 660 iam
794 612 981 674 accipio
1015 609 1142 679 ὁρμᾷ
1183 612 1314 674 quod
1346 611 1705 659 Herwerdenus
1739 610 1879 658 dubi-

194 691 358 737 tanter
390 704 478 735 nec
511 690 615 734 tam
649 689 780 734 certo
806 702 956 748 quam
980 684 1118 751 ὥρμα
1142 686 1416 748 proposuit.
1486 685 1617 732 Nam
1648 700 1880 747 praesens

196 763 314 824 quin
360 762 645 823 imperfecto
692 760 1070 822 praeferendum
1111 761 1178 807 sit
1224 775 1336 807 cum
1383 759 1665 807 litterarum
1705 758 1881 807 ductus

193 839 299 884 tum
331 839 607 897 temporum
640 836 885 883 rationem
915 833 1290 895 respicientibus
1323 833 1542 881 dubitari
1573 849 1671 880 non
1698 834 1878 895 potest.

304 927 350 971 p.
380 911 461 970 26,
499 913 560 956 11
605 906 780 972 διαβὰς
806 901 978 972 Ῥῆνον
1017 906 1255 970 ποταμόν,
1295 906 1429 972 ὕδωρ
1469 904 1661 972 ἐλέγχον
1700 905 1753 955 ἐκ
1783 912 1881 954 τῶν

194 980 514 1049 γεννωμένων
545 980 743 1030 ἀδικίαν
775 979 1010 1047 μητέρων.
1071 982 1224 1030 Nolui
1264 997 1552 1029 coacervare
1591 981 1724 1028 locos
1757 995 1882 1043 quos

198 1058 375 1104 multos
416 1057 594 1120 collegi
633 1057 690 1103 de
730 1057 900 1103 Rheno
945 1055 1192 1103 castitatis
1230 1055 1407 1117 iudice,
1447 1055 1531 1103 sed
1571 1055 1692 1103 satis
1730 1054 1883 1102 habui

196 1131 479 1193 apposuisse
526 1132 866 1178 testimonium
914 1128 1215 1195 διηγήματος
1252 1131 1287 1177 t.
1321 1129 1392 1176 IV
1437 1131 1578 1177 1110
1602 1129 1660 1176 R.
1700 1129 1883 1176 Asmus

197 1205 316 1252 duos
355 1206 486 1252 locos
527 1204 710 1251 Iuliani
749 1221 815 1252 or.
849 1204 900 1251 II
938 1221 984 1265 p.
1015 1205 1134 1264 104,
1162 1205 1229 1250 23
1272 1206 1321 1251 et
1360 1219 1434 1265 ep.
1472 1206 1535 1251 16
1571 1220 1617 1264 p.
1654 1203 1777 1263 495,
1813 1205 1877 1250 21

196 1279 267 1326 ed.
309 1278 465 1325 Hertl.
506 1278 699 1338 attulit,
751 1280 803 1325 at
841 1281 1014 1325 neuter
1061 1278 1123 1325 ad
1169 1277 1475 1325 coniecturas
1515 1274 1756 1342 ἁμαρτίαν
1804 1277 1883 1324 vel

197 1350 459 1400 ἀκολασίαν
498 1352 578 1399 vel
616 1349 930 1417 ἀκαθαρσίαν
961 1351 1240 1413 probandas
1277 1350 1471 1399 sufficit.
1539 1351 1590 1398 Si
1623 1351 1742 1414 quid
1773 1367 1882 1398 mu-

195 1426 402 1473 tandum
434 1428 572 1487 esset,
614 1442 703 1489 ego
734 1442 863 1473 nunc
895 1425 1056 1474 αἰτίαν
1088 1425 1363 1486 scriberem,
1404 1425 1489 1473 sed
1527 1422 1725 1473 ἀδικίαν
1755 1425 1882 1473 tole—

196 1501 297 1547 rari
337 1515 434 1546 non
474 1514 616 1560 posse
654 1500 874 1547 nondum
912 1499 1034 1546 mihi
1072 1514 1364 1561 persuasum
1404 1502 1491 1547 est.

306 1590 352 1634 p.
389 1574 525 1635 28,1
578 1572 630 1622 τὸ
679 1570 731 1621 δὲ
777 1572 867 1637 τὴν
914 1571 1030 1637 πρὶν
1084 1565 1239 1621 οὖσαν
1289 1573 1526 1638 περιιδεῖν
1572 1570 1882 1639 ἐρριμμένην.

198 1644 400 1708 Optima
447 1647 540 1694 etsi
585 1663 683 1695 non
728 1663 930 1709 prorsus
975 1650 1108 1695 certa
1156 1649 1230 1696 est
1269 1647 1547 1695 emendatio
1588 1649 1728 1695 Asmi
1775 1645 1882 1713 ε’ρη-

197 1737 452 1785 ριμμενην.

915 1853 1002 1901 Or.
1035 1854 1170 1901 XIII.

309 1958 355 2003 p.
391 1942 475 2002 66,
513 1943 576 1988 13
618 1948 770 1989 κινῶν
809 1939 887 1990 ἐπὶ
933 1949 1076 1990 τοῦτο
1115 1940 1200 2000 τὰς
1238 1949 1336 1990 τῶν
1383 1939 1611 2007 ὁρώντων
1657 1941 1883 2006 γλώττας.

198 2014 406 2075 Propter
452 2030 645 2063 sensum
693 2031 791 2063 non
835 2015 1142 2064 admittenda
1189 2018 1263 2064 est
1307 2016 1454 2063 lectio
1503 2032 1654 2077 quam
1701 2016 1884 2064 Asmus

198 2090 454 2150 proposuit
493 2087 810 2154 συρρεόντων.
890 2089 943 2136 Si
983 2090 1102 2151 quid
1140 2089 1456 2150 mutandum,
1505 2088 1728 2154 ἐρώντων
1767 2090 1883 2138 scri-

199 2161 388 2221 berem,
443 2165 496 2210 at
549 2159 775 2227 ὁρώντων
828 2164 1122 2224 praesertim
1176 2179 1284 2211 cum
1341 2163 1503 2211 δοκῶν
1558 2160 1609 2211 δὲ
1665 2163 1884 2231 βασιλείᾳ

200 2234 509 2299 πανταχόθεν
549 2234 749 2300 πρέπειν
790 2238 1063 2297 antecedat,
1103 2237 1300 2284 defendi
1338 2253 1481 2299 posse
1523 2237 1749 2286 arbitror.

310 2325 356 2369 p.
386 2311 467 2369 70,
495 2310 523 2355 2
578 2307 649 2356 ὅτι
701 2308 761 2372 δὴ
810 2307 970 2374 γέμων
1025 2309 1077 2358 ἐκ
1131 2317 1217 2374 τῆς
1269 2305 1456 2370 Ἰωνίας
1509 2310 1681 2375 λόγων.
1757 2311 1884 2359 Mihi

202 2397 394 2443 quoque
434 2397 577 2442 nunc,
619 2386 675 2430 ut
712 2383 1056 2444 Herwerdeno,
1097 2400 1290 2432 necesse
1325 2385 1526 2433 videtur
1556 2391 1653 2432 τῶν
1685 2387 1799 2434 ante
1832 2383 1884 2433 ἐκ

200 2470 310 2502 cum
350 2454 512 2503 Gasda
551 2457 777 2503 inserere.
1730 2513 1733 2517 .

311 2545 355 2589 p.
401 2531 482 2589 73,
528 2531 594 2576 10
641 2529 726 2577 καί
772 2543 822 2578 σε
874 2528 1115 2590 διεδέξατο
1175 2530 1381 2595 τράπεζα
1432 2539 1528 2580 τῶν
1578 2534 1771 2579 πολλῶν
1822 2530 1882 2580 οὐ

201 2599 516 2665 διαφέρουσα.
593 2602 947 2651 Herwerdenus
995 2603 1236 2663 ἐξεδέξατο
1276 2606 1507 2667 requirit,
1555 2608 1607 2652 at
1655 2605 1884 2653 similiter

202 2672 511 2738 διαδέχεσθαι
547 2675 678 2737 apud
709 2676 972 2724 Libanium
1004 2679 1186 2742 legitur
1216 2681 1251 2725 t.
1271 2679 1321 2726 II
1346 2696 1391 2740 p.
1413 2681 1575 2740 305‚9
1612 2676 1881 2743 διεδέχοντο

200 2747 289 2811 τὴν
329 2747 664 2812 παραπομπὴν
703 2746 928 2813 ἄρχοντες
967 2750 1178 2816 ῥήτορες.

313 2838 357 2882 p.
386 2822 469 2881 80,
496 2823 524 2869 6
571 2820 644 2870 ὅτε
676 2829 774 2887 πῦρ
815 2820 903 2885 μὲν
942 2822 1020 2871 ἐπὶ
1052 2825 1234 2887 βωμῶν
1266 2824 1467 2889 αἴρεται,
1506 2829 1675 2892 καπνῷ
1703 2822 1755 2873 δὲ
1787 2822 1882 2891 ἀὴρ

202 2893 312 2961 ἱερῷ
353 2895 650 2960 καθαίρεται.
730 2895 908 2944 Facilis
959 2898 1159 2958 quidem
1209 2898 1489 2947 coniectura
1537 2898 1709 2947 Cobeti
1759 2899 1884 2945 Her-
