1992 3094
402 98 633 143 LIBANII
664 97 889 143 ORATIO
922 97 1002 141 DE
1035 97 1324 142 ANTIOCHI
1356 98 1561 143 UXORE
1756 100 1823 151 79

134 236 162 290 ὁ
219 237 322 306 γὰρ
378 234 720 303 ἀρνούμενος
773 234 846 302 μὴ
904 237 1094 302 λαβεῖν
1151 235 1297 303 παρὰ
1351 241 1450 287 τοῦ
1504 236 1823 304 τραπεζίτου

134 323 224 378 καὶ
265 324 453 392 λαβὼν
491 322 593 376 οὐκ
633 323 862 391 εἰλήφει.
939 321 1134 391 φέρειν
1181 324 1283 391 γὰρ
1338 323 1476 376 αὐτὰ
1524 323 1691 376 πάλιν
1738 323 1824 377 ἐπὶ

135 415 235 483 τὴν
288 413 557 481 τράπεζαν
612 412 739 464 ἔδει.
818 411 904 463 34.
957 411 1132 473 οὕτως
1178 409 1240 464 ἐν
1286 404 1369 474 οἷς
1414 410 1504 464 καὶ
1555 410 1825 478 ἔπραττον

135 503 226 556 καὶ
265 502 367 554 οὐκ
405 498 675 569 ἔπραττον
715 499 817 553 οὐκ
857 499 1131 568 ἐμαχόμην
1170 498 1395 572 ἐμαυτῷ.
1470 503 1600 563 τοὺς
1637 500 1825 567 μέντοι

133 588 520 661 μεμφομένους
558 608 651 658 μοι
685 589 963 656 δυναίμην
1001 587 1071 640 ἂν
1112 587 1283 651 δεῖξαι
1322 588 1665 658 μαχομένους
1701 588 1823 642 ἑαυ-
1871 610 1891 643 5

131 688 269 748 τοῖς,
324 681 381 731 οἳ
424 684 498 750 τῷ
538 696 596 730 τε
645 678 723 740 εἰς
769 678 955 746 κρίσιν
1000 679 1337 745 καταστῆσαί
1380 696 1446 746 με
1493 678 1553 729 τὸ
1602 685 1824 746 πρᾶγμα

131 777 306 830 κακῶς
359 765 583 834 λέγουσι
639 766 729 818 καὶ
784 772 858 838 τῷ
907 766 1053 818 πάνυ
1110 764 1422 819 σπουδάσαι
1471 764 1595 834 περὶ
1642 766 1703 818 τὸ
1750 768 1823 835 μὴ

131 858 328 910 δοῦναι
375 857 472 908 τὸν
524 856 863 923 στρατιώτην
903 855 1079 922 δίκην.
1156 855 1204 907 εἰ
1250 851 1353 923 μὲν
1399 855 1503 924 γὰρ
1551 854 1689 908 τάπὸ
1730 863 1824 923 τῆς

132 946 299 1014 ὀργῆς
338 945 638 1010 αἰτιῶνται,
678 945 745 996 τὰ
782 952 878 1012 τῆς
917 943 1206 1005 ἐπιεικείας
1242 942 1642 996 ἐπαινούντων·
1683 946 1730 996 εἰ
1763 941 1823 996 δὲ

133 1035 200 1086 τὰ
237 1040 333 1101 τῆς
372 1032 664 1095 ἐπιεικείας
704 1030 764 1085 ἐν
804 1033 951 1103 αἰτίᾳ
982 1039 1292 1095 ποιοῦνται,
1333 1033 1389 1085 τί
1417 1033 1488 1101 μὴ
1529 1033 1590 1084 τὸ
1623 1047 1822 1100 συνορ-
1848 1054 1891 1087 10

131 1127 395 1191 γισθῆναι
434 1129 498 1192 τῇ
541 1122 763 1190 γυναικὶ
803 1128 878 1194 τῷ
910 1124 1058 1193 καλῷ
1093 1119 1495 1190 προσνέμουσι;

241 1211 325 1264 35.
367 1210 477 1263 Καὶ
509 1212 619 1279 μὴν
651 1209 871 1263 κάκεῖνό
911 1229 973 1278 γε
1011 1218 1128 1272 τοῖς
1168 1209 1476 1279 εἰρημένοις
1513 1213 1823 1278 προσθείην

129 1301 215 1368 ἄν,
276 1300 361 1353 ὅτι
422 1300 512 1353 καὶ
576 1301 624 1352 εἰ
687 1301 908 1368 σφόδρα
968 1307 1062 1367 τῆς
1115 1301 1378 1367 τιμωρίας
1429 1297 1768 1367 ἐπεθύμουν,
1813 1330 1816 1354 ι

129 1397 292 1442 νικᾶν
330 1389 442 1442 ἔδει
481 1389 542 1441 τὸ
583 1390 791 1441 δοκοῦν
816 1387 1058 1459 Αὐγάρςο
1091 1393 1165 1460 τῷ
1198 1394 1298 1439 τοῦ
1332 1389 1668 1455 στρατιώτου
1701 1400 1743 1442 R
1765 1399 1908 1443 11341

128 1476 229 1547 μὲν
268 1477 510 1550 ἀδελφῷ,
562 1479 708 1548 φίλῳ
749 1477 811 1530 δὲ
849 1476 1090 1548 ἡμετέρῳ
1141 1476 1230 1528 καὶ
1271 1478 1508 1544 συνήθει
1554 1476 1725 1528 παῖδά
1763 1494 1821 1528 τε
1845 1496 1888 1530 15

129 1564 191 1620 ἐν
228 1575 344 1630 ταῖς
396 1565 679 1636 ἡμετέραις
726 1568 907 1636 ἔχοντι
959 1567 1267 1635 διατριβαῖς
1315 1565 1380 1618 οὐ
1427 1574 1539 1618 τῶν
1583 1568 1821 1634 πολλῶν,

130 1653 246 1708 ἀλλ’
278 1651 356 1708 ὧν
408 1657 478 1709 ἄν
527 1676 608 1718 τις
659 1655 747 1708 καὶ
802 1657 1100 1725 μακαρίσαι
1154 1656 1283 1716 τοὺς
1338 1663 1519 1722 γονεῖς
1568 1661 1663 1722 τῆς
1710 1663 1822 1707 τῶν

129 1743 294 1797 υἱέων
332 1745 467 1797 κατὰ
517 1744 618 1812 τὴν
658 1744 834 1812 φύσιν
879 1743 1059 1812 τύχης.
1137 1743 1363 1796 τούτοιν
1408 1744 1604 1794 τοίνυν
1651 1741 1680 1794 ὁ
1719 1739 1821 1811 μὲν

130 1829 248 1886 εἶπέ
283 1852 334 1885 τι
373 1831 498 1900 περὶ
539 1831 840 1901 τάδελφοῦ,
881 1831 910 1885 ὁ
952 1830 1001 1884 δ’
1033 1828 1186 1900 ἔλεγε
1224 1831 1324 1898 μὲν
1364 1830 1548 1896 οὐδέν,
1587 1839 1651 1901 τῇ
1693 1839 1820 1900 σιγῇ

129 1922 190 1975 δὲ
227 1922 432 1975 ταύτὸν
469 1919 749 1991 ἔπραττεν.
1842 1940 1885 1972 20

239 2011 324 2064 36.
382 2010 542 2062 Οὕτω
582 2011 759 2063 πολλὰ
798 2010 889 2063 καὶ
937 2010 1144 2079 μεγάλα
1193 2010 1291 2061 τὸν
1331 2008 1670 2078 στρατιώτην
1710 2005 1818 2060 διέ-

130 2102 275 2165 σωζε.
352 2101 658 2167 βουλοίμην
699 2097 746 2152 δ’
780 2098 850 2151 ἂν
887 2099 978 2151 καὶ
1026 2099 1166 2160 ὅλως
1204 2095 1368 2150 ταῦθ’
1400 2097 1643 2158 ἅπαντας
1683 2095 1820 2149 εἰδέ-

130 2208 220 2241 ναι
274 2186 400 2253 περὶ
455 2186 616 2257 ἐμοῦ,
672 2188 758 2241 ὅτι
804 2196 920 2250 τοῖς
966 2186 1221 2239 ἀδικοῦσι
1268 2185 1358 2237 καὶ
1406 2191 1818 2253 καταφρονοῦσι

131 2284 241 2329 τῶν
280 2277 465 2343 νόμων
504 2275 661 2345 μέχρι
699 2276 801 2345 μὲν
839 2283 938 2329 τοῦ
978 2281 1326 2341 κατενεγκεῖν
1363 2277 1598 2341 πολεμῶ,
1645 2272 1819 2342 κειμέ-

130 2384 264 2427 νους
303 2365 364 2418 δὲ
405 2365 541 2418 ι’δὼν
582 2363 902 2431 σπένδομαι.
1842 2378 1891 2415 25‘

255 2501 277 2539 1
313 2495 357 2553 ὁ]
384 2496 439 2540 οὐ
474 2496 536 2540 Μ
555 2495 689 2553 Bong
716 2497 721 2551 Ι
749 2465 804 2538 fv&
826 2496 869 2539 V
984 2500 1010 2537 4
1043 2493 1127 2550 μὲν
1158 2510 1201 2537 τι
1234 2494 1268 2536 Ι
1382 2497 1407 2535 6
1442 2508 1494 2548 με
1528 2505 1602 2535 om
1629 2491 1760 2546 Bong

132 2557 156 2596 '¹1
175 2553 421 2614 <πρᾶξαι>
438 2560 625 2604 κακῶςῗ
654 2557 659 2611 Ι
686 2561 768 2598 τοῦ
795 2555 906 2597 BM
915 2554 958 2597 V
975 2553 1108 2610 Bong
1229 2556 1255 2596 8
1279 2551 1336 2596 τὰ
1361 2551 1454 2595 ἀπὸ
1474 2552 1519 2595 Β
1642 2554 1695 2593 10
1722 2550 1818 2594 ἐπι-

131 2609 279 2664 εικίας
300 2613 370 2656 Re
514 2618 568 2656 13
602 2614 643 2659 εἰ
674 2615 754 2657 καὶ
781 2615 865 2657 Mo
1011 2615 1065 2654 18
1096 2611 1179 2667 τὴν
1213 2625 1287 2654 om
1313 2612 1426 2655 ΒΜ
1470 2613 1475 2664 Ι
1517 2616 1683 2669 τοῦτον
1724 2609 1766 2651 V

134 2676 186 2714 19
219 2668 347 2717 εἶπεν
370 2677 411 2716 Α
440 2676 446 2727 Ι
474 2689 518 2716 τι
548 2687 625 2716 om
650 2673 692 2715 V
747 2670 792 2715 τί
826 2673 959 2716 ΒΜο
987 2674 992 2726 Ι
1020 2677 1102 2714 τοῦ
1135 2671 1342 2726 ἀδελφοῦ
1371 2671 1504 2713 BMI
1533 2672 1538 2724 Ι
1568 2667 1590 2711 ο’
1624 2670 1669 2712 Ρ
1698 2668 1779 2711 sed
1807 2666 1818 2680 '

131 2729 214 2785 m³‚
246 2731 433 2775 BMV]
492 2730 516 2776 ὃ
543 2732 623 2776 CA
652 2733 658 2788 Ι
686 2730 738 2776 δὲ
762 2732 830 2774 Re
951 2735 1007 2773 23
1039 2737 1136 2780 τοῖς
1158 2730 1375 2773 ἀδικοῦσι
1399 2755 1456 2761 -
1481 2732 1536 2770 25
1562 2726 1817 2781 σπένδομαι

131 2788 250 2832 citat
292 2790 562 2846 praemissis
601 2791 753 2834 verbis
798 2796 881 2833 τοῦ
928 2789 1046 2832 κατὰ
1088 2796 1179 2832 τῶν
1222 2787 1620 2832 πλεονεκτούντων
1660 2785 1818 2828 Macar

131 2846 208 2891 fol.
236 2851 291 2891 90
412 2854 468 2892 25
501 2847 756 2906 σπένδομαι
790 2850 835 2891 P
864 2849 946 2891 sed
977 2865 1004 2891 v
1035 2847 1085 2890 in
1109 2861 1184 2890 ras
1209 2847 1278 2890 m⁴

250 2906 364 2962 ὑπὲρ
397 2907 565 2952 ἑαυτοῦ
598 2908 678 2951 διὰ
709 2907 794 2964 τὴν
825 2907 942 2962 πρὸς
974 2904 1190 2963 ἀντίοχον
1223 2902 1506 2961 συνηγορίαν
1540 2903 1700 2946 subscr
1726 2903 1768 2946 P
