<?xml version="1.0" encoding="UTF-8"?>
<!DOCTYPE html PUBLIC "-//W3C//DTD XHTML 1.0 Transitional//EN"
    "http://www.w3.org/TR/xhtml1/DTD/xhtml1-transitional.dtd">
<html xmlns="http://www.w3.org/1999/xhtml" xml:lang="en" lang="en">
 <head>
  <title>
</title>
<meta http-equiv="Content-Type" content="text/html;charset=utf-8" />
  <meta name='ocr-system' content='tesseract 3.04.00' />
  <meta name='ocr-capabilities' content='ocr_page ocr_carea ocr_par ocr_line ocrx_word'/>
</head>
<body>
  <div class='ocr_page' id='page_1' title='image "./operarecensuitri03libauoft_0017.png"; bbox 0 0 1992 3094; ppageno 0'>
   <div class='ocr_carea' id='block_1_1' title="bbox 30 0 1797 200">
    <p class='ocr_par' dir='ltr' id='par_1_1' title="bbox 30 0 1797 200">
     <span class='ocr_line' id='line_1_1' title="bbox 30 0 1797 200; baseline 0.011 -52"><span class='ocrx_word' id='word_1_1' title='bbox 30 0 88 200; x_wconf 57' lang='grc' dir='ltr'><em>ἶ</em></span> <span class='ocrx_word' id='word_1_2' title='bbox 648 113 992 160; x_wconf 85' lang='lat' dir='ltr'><strong>PRAEFATIO</strong></span> <span class='ocrx_word' id='word_1_3' title='bbox 1026 115 1261 162; x_wconf 88' lang='lat' dir='ltr'>CRITICA</span> <span class='ocrx_word' id='word_1_4' title='bbox 1694 123 1797 167; x_wconf 84' lang='lat' dir='ltr'>XIII</span> 
     </span>
    </p>
   </div>
   <div class='ocr_carea' id='block_1_2' title="bbox 0 242 1795 2318">
    <p class='ocr_par' dir='ltr' id='par_1_2' title="bbox 0 242 1795 2318">
     <span class='ocr_line' id='line_1_2' title="bbox 33 242 1793 331; baseline 0.002 -27"><span class='ocrx_word' id='word_1_5' title='bbox 33 242 49 331; x_wconf 66' lang='grc' dir='ltr'><em>ξ</em></span> <span class='ocrx_word' id='word_1_6' title='bbox 108 247 389 321; x_wconf 71' lang='lat' dir='ltr'>iungiturl)</span> <span class='ocrx_word' id='word_1_7' title='bbox 445 255 495 302; x_wconf 88' lang='lat' dir='ltr'>et</span> <span class='ocrx_word' id='word_1_8' title='bbox 549 255 786 316; x_wconf 86' lang='lat' dir='ltr'>quoniam</span> <span class='ocrx_word' id='word_1_9' title='bbox 840 270 1083 303; x_wconf 90' lang='lat' dir='ltr'>summum</span> <span class='ocrx_word' id='word_1_10' title='bbox 1139 259 1234 318; x_wconf 88' lang='lat' dir='ltr'>est,</span> <span class='ocrx_word' id='word_1_11' title='bbox 1289 257 1351 321; x_wconf 83' lang='grc' dir='ltr'>νὴ</span> <span class='ocrx_word' id='word_1_12' title='bbox 1406 260 1503 309; x_wconf 85' lang='grc' dir='ltr'>Δία</span> <span class='ocrx_word' id='word_1_13' title='bbox 1555 279 1606 326; x_wconf 80' lang='grc' dir='ltr'><em>γε</em></span> <span class='ocrx_word' id='word_1_14' title='bbox 1656 278 1793 324; x_wconf 82' lang='lat' dir='ltr'>prae-</span> 
     </span>
     <span class='ocr_line' id='line_1_3' title="bbox 34 400 1795 469; baseline 0.004 -19"><span class='ocrx_word' id='word_1_15' title='bbox 34 410 50 461; x_wconf 72' lang='grc'>,’</span> <span class='ocrx_word' id='word_1_16' title='bbox 218 403 392 464; x_wconf 82' lang='lat' dir='ltr'>Neque</span> <span class='ocrx_word' id='word_1_17' title='bbox 438 400 649 463; x_wconf 90' lang='lat' dir='ltr'>probare</span> <span class='ocrx_word' id='word_1_18' title='bbox 694 417 897 462; x_wconf 90' lang='lat' dir='ltr'>possum</span> <span class='ocrx_word' id='word_1_19' title='bbox 944 403 1075 464; x_wconf 90' lang='lat' dir='ltr'>quod</span> <span class='ocrx_word' id='word_1_20' title='bbox 1113 403 1470 456; x_wconf 89' lang='lat' dir='ltr'>Herwerdenus</span> <span class='ocrx_word' id='word_1_21' title='bbox 1517 412 1795 469; x_wconf 56' lang='lat' dir='ltr'>„receptam</span> 
     </span>
     <span class='ocr_line' id='line_1_4' title="bbox 34 467 1795 547; baseline 0.004 -23"><span class='ocrx_word' id='word_1_22' title='bbox 34 467 42 476; x_wconf 59' lang='grc'>’</span> <span class='ocrx_word' id='word_1_23' title='bbox 109 479 287 541; x_wconf 79' lang='lat' dir='ltr'>inquit,</span> <span class='ocrx_word' id='word_1_24' title='bbox 327 477 535 537; x_wconf 75' lang='lat' dir='ltr'>oportuit</span> <span class='ocrx_word' id='word_1_25' title='bbox 572 478 751 523; x_wconf 76' lang='lat' dir='ltr'>certam</span> <span class='ocrx_word' id='word_1_26' title='bbox 781 477 856 524; x_wconf 88' lang='lat' dir='ltr'>M.</span> <span class='ocrx_word' id='word_1_27' title='bbox 881 476 1131 525; x_wconf 52' lang='lat' dir='ltr'>Schmidt&amp;</span> <span class='ocrx_word' id='word_1_28' title='bbox 1163 482 1494 529; x_wconf 73' lang='lat' dir='ltr'><em>correctionem</em></span> <span class='ocrx_word' id='word_1_29' title='bbox 1529 478 1695 547; x_wconf 83' lang='grc' dir='ltr'><em>ὀρθῶς</em></span> <span class='ocrx_word' id='word_1_30' title='bbox 1733 480 1795 530; x_wconf 76' lang='grc' dir='ltr'>ἂν</span> 
     </span>
     <span class='ocr_line' id='line_1_5' title="bbox 108 546 1794 619; baseline 0.004 -20"><span class='ocrx_word' id='word_1_31' title='bbox 108 546 289 615; x_wconf 82' lang='grc' dir='ltr'><em>εἲη&lt;ν&gt;</em></span> <span class='ocrx_word' id='word_1_32' title='bbox 332 547 607 607; x_wconf 52' lang='grc' dir='ltr'><em>τεθεικώςιι.</em></span> <span class='ocrx_word' id='word_1_33' title='bbox 698 549 829 597; x_wconf 86' lang='lat' dir='ltr'>Nam</span> <span class='ocrx_word' id='word_1_34' title='bbox 884 551 1017 612; x_wconf 89' lang='lat' dir='ltr'>quod</span> <span class='ocrx_word' id='word_1_35' title='bbox 1068 553 1317 600; x_wconf 72' lang='lat' dir='ltr'>antecedit</span> <span class='ocrx_word' id='word_1_36' title='bbox 1365 551 1682 614; x_wconf 81' lang='grc' dir='ltr'><em>ἀντεξετάζων</em></span> <span class='ocrx_word' id='word_1_37' title='bbox 1733 556 1794 619; x_wconf 83' lang='grc' dir='ltr'><em>δή</em></span> 
     </span>
     <span class='ocr_line' id='line_1_6' title="bbox 108 621 1793 690; baseline 0.002 -15.832"><span class='ocrx_word' id='word_1_38' title='bbox 108 643 180 684; x_wconf 83' lang='grc' dir='ltr'><em>τις</em></span> <span class='ocrx_word' id='word_1_39' title='bbox 224 622 283 672; x_wconf 86' lang='grc' dir='ltr'>τὰ</span> <span class='ocrx_word' id='word_1_40' title='bbox 327 629 423 672; x_wconf 80' lang='grc' dir='ltr'>νῦν</span> <span class='ocrx_word' id='word_1_41' title='bbox 468 621 688 688; x_wconf 88' lang='grc' dir='ltr'><em>παρόντα</em></span> <span class='ocrx_word' id='word_1_42' title='bbox 733 621 937 682; x_wconf 80' lang='grc' dir='ltr'><em>ἐκείνοις</em></span> <span class='ocrx_word' id='word_1_43' title='bbox 966 651 1034 657; x_wconf 84' lang='grc'>-</span> <span class='ocrx_word' id='word_1_44' title='bbox 1064 623 1125 674; x_wconf 82' lang='grc' dir='ltr'>οὐ</span> <span class='ocrx_word' id='word_1_45' title='bbox 1171 628 1386 690; x_wconf 88' lang='grc' dir='ltr'><em>χαλεπῶς</em></span> <span class='ocrx_word' id='word_1_46' title='bbox 1431 625 1494 676; x_wconf 74' lang='grc' dir='ltr'>ἂν</span> <span class='ocrx_word' id='word_1_47' title='bbox 1540 627 1620 676; x_wconf 83' lang='grc' dir='ltr'>καὶ</span> <span class='ocrx_word' id='word_1_48' title='bbox 1666 629 1793 678; x_wconf 76' lang='grc' dir='ltr'><em>οὕτω</em></span> 
     </span>
     <span class='ocr_line' id='line_1_7' title="bbox 28 691 1794 766; baseline 0.002 -19"><span class='ocrx_word' id='word_1_49' title='bbox 28 691 44 742; x_wconf 72' lang='lat'>=⁴</span> <span class='ocrx_word' id='word_1_50' title='bbox 108 693 155 766; x_wconf 85' lang='grc' dir='ltr'>γ’</span> <span class='ocrx_word' id='word_1_51' title='bbox 189 695 387 763; x_wconf 82' lang='grc' dir='ltr'><strong><em>ἀνεύροι</em></strong></span> <span class='ocrx_word' id='word_1_52' title='bbox 438 697 636 760; x_wconf 87' lang='lat' dir='ltr'>flagitat</span> <span class='ocrx_word' id='word_1_53' title='bbox 690 698 892 746; x_wconf 89' lang='lat' dir='ltr'>eandem</span> <span class='ocrx_word' id='word_1_54' title='bbox 948 699 1151 747; x_wconf 80' lang='lat' dir='ltr'>tertiam</span> <span class='ocrx_word' id='word_1_55' title='bbox 1204 696 1463 762; x_wconf 76' lang='lat' dir='ltr'>personam</span> <span class='ocrx_word' id='word_1_56' title='bbox 1516 701 1614 766; x_wconf 87' lang='grc' dir='ltr'><em>εἴη,</em></span> <span class='ocrx_word' id='word_1_57' title='bbox 1668 720 1794 765; x_wconf 84' lang='lat' dir='ltr'>quae</span> 
     </span>
     <span class='ocr_line' id='line_1_8' title="bbox 27 771 1793 841; baseline 0.002 -20"><span class='ocrx_word' id='word_1_58' title='bbox 27 785 42 830; x_wconf 60' lang='lat'>1</span> <span class='ocrx_word' id='word_1_59' title='bbox 109 773 261 822; x_wconf 81' lang='lat' dir='ltr'>etiam</span> <span class='ocrx_word' id='word_1_60' title='bbox 296 774 350 820; x_wconf 89' lang='lat' dir='ltr'>in</span> <span class='ocrx_word' id='word_1_61' title='bbox 390 771 700 820; x_wconf 79' lang='lat' dir='ltr'>antecedenti</span> <span class='ocrx_word' id='word_1_62' title='bbox 738 787 941 820; x_wconf 89' lang='lat' dir='ltr'>numero</span> <span class='ocrx_word' id='word_1_63' title='bbox 980 772 1208 835; x_wconf 85' lang='lat' dir='ltr'>plurali</span> <span class='ocrx_word' id='word_1_64' title='bbox 1253 782 1351 823; x_wconf 86' lang='grc' dir='ltr'>ποῦ</span> <span class='ocrx_word' id='word_1_65' title='bbox 1398 774 1458 838; x_wconf 86' lang='grc' dir='ltr'><em>δὴ</em></span> <span class='ocrx_word' id='word_1_66' title='bbox 1506 774 1595 838; x_wconf 82' lang='grc' dir='ltr'>τὴν</span> <span class='ocrx_word' id='word_1_67' title='bbox 1642 773 1793 841; x_wconf 85' lang='grc' dir='ltr'><em>ὀρφα·</em></span> 
     </span>
     <span class='ocr_line' id='line_1_9' title="bbox 17 845 1212 914; baseline -0.001 -18"><span class='ocrx_word' id='word_1_68' title='bbox 17 858 37 914; x_wconf 63' lang='lat' dir='ltr'>J</span> <span class='ocrx_word' id='word_1_69' title='bbox 107 846 223 896; x_wconf 82' lang='grc' dir='ltr'><em>νίαν</em></span> <span class='ocrx_word' id='word_1_70' title='bbox 260 845 506 909; x_wconf 76' lang='grc' dir='ltr'><em>θήσομενς</em></span> <span class='ocrx_word' id='word_1_71' title='bbox 546 846 695 893; x_wconf 82' lang='lat' dir='ltr'>simul</span> <span class='ocrx_word' id='word_1_72' title='bbox 734 846 1086 908; x_wconf 86' lang='lat' dir='ltr'>comprehensa</span> <span class='ocrx_word' id='word_1_73' title='bbox 1125 850 1212 895; x_wconf 89' lang='lat' dir='ltr'>est.</span> 
     </span>
     <span class='ocr_line' id='line_1_10' title="bbox 24 917 1794 987; baseline 0.003 -20"><span class='ocrx_word' id='word_1_74' title='bbox 24 917 37 939; x_wconf 49' lang='lat' dir='ltr'>f</span> <span class='ocrx_word' id='word_1_75' title='bbox 219 937 267 983; x_wconf 90' lang='lat' dir='ltr'>p.</span> <span class='ocrx_word' id='word_1_76' title='bbox 294 921 461 980; x_wconf 84' lang='lat'>81‚10</span> <span class='ocrx_word' id='word_1_77' title='bbox 493 918 732 987; x_wconf 76' lang='grc' dir='ltr'><strong><em>ῥητορικῷ</em></strong></span> <span class='ocrx_word' id='word_1_78' title='bbox 759 918 897 983; x_wconf 82' lang='grc' dir='ltr'><em>μόλις</em></span> <span class='ocrx_word' id='word_1_79' title='bbox 929 919 1224 985; x_wconf 80' lang='grc' dir='ltr'><em>διαφυγόντι</em></span> <span class='ocrx_word' id='word_1_80' title='bbox 1255 921 1339 970; x_wconf 88' lang='grc' dir='ltr'>τὸν</span> <span class='ocrx_word' id='word_1_81' title='bbox 1372 921 1542 985; x_wconf 81' lang='grc' dir='ltr'><em>ὅμοιον</em></span> <span class='ocrx_word' id='word_1_82' title='bbox 1574 923 1794 972; x_wconf 76' lang='grc' dir='ltr'><em>θάνατοι·</em></span> 
     </span>
     <span class='ocr_line' id='line_1_11' title="bbox 18 990 1793 1063; baseline 0.001 -20"><span class='ocrx_word' id='word_1_83' title='bbox 18 1018 20 1022; x_wconf 50' lang='grc'><strong><em>&gt;</em></strong></span> <span class='ocrx_word' id='word_1_84' title='bbox 108 990 140 1058; x_wconf 77' lang='grc' dir='ltr'>ἡ</span> <span class='ocrx_word' id='word_1_85' title='bbox 178 991 372 1056; x_wconf 84' lang='grc' dir='ltr'><em>τελευτὴ</em></span> <span class='ocrx_word' id='word_1_86' title='bbox 411 991 595 1057; x_wconf 85' lang='grc' dir='ltr'><em>συνέβη</em></span> <span class='ocrx_word' id='word_1_87' title='bbox 642 992 773 1063; x_wconf 79' lang='grc' dir='ltr'><em>νόσῳ</em></span> <span class='ocrx_word' id='word_1_88' title='bbox 820 993 911 1042; x_wconf 85' lang='grc' dir='ltr'><em>δύο</em></span> <span class='ocrx_word' id='word_1_89' title='bbox 957 993 1227 1059; x_wconf 79' lang='grc' dir='ltr'><em>προμάχοις</em></span> <span class='ocrx_word' id='word_1_90' title='bbox 1272 995 1362 1059; x_wconf 88' lang='grc' dir='ltr'>τὴν</span> <span class='ocrx_word' id='word_1_91' title='bbox 1408 995 1596 1060; x_wconf 84' lang='grc' dir='ltr'><em>βουλὴν</em></span> <span class='ocrx_word' id='word_1_92' title='bbox 1638 1014 1793 1062; x_wconf 88' lang='grc' dir='ltr'><em>παρα-</em></span> 
     </span>
     <span class='ocr_line' id='line_1_12' title="bbox 0 1060 1793 1133; baseline 0.001 -15"><span class='ocrx_word' id='word_1_93' title='bbox 0 1063 1 1077; x_wconf 50' lang='lat'><em>*</em></span> <span class='ocrx_word' id='word_1_94' title='bbox 39 1060 48 1069; x_wconf 35' lang='lat'>¹*</span> <span class='ocrx_word' id='word_1_95' title='bbox 108 1067 258 1118; x_wconf 87' lang='grc' dir='ltr'><em>δόντι.</em></span> <span class='ocrx_word' id='word_1_96' title='bbox 332 1068 447 1115; x_wconf 85' lang='lat' dir='ltr'>Non</span> <span class='ocrx_word' id='word_1_97' title='bbox 496 1067 622 1115; x_wconf 90' lang='lat' dir='ltr'>mihi</span> <span class='ocrx_word' id='word_1_98' title='bbox 652 1068 945 1130; x_wconf 83' lang='lat' dir='ltr'>probantur</span> <span class='ocrx_word' id='word_1_99' title='bbox 995 1085 1118 1130; x_wconf 89' lang='lat' dir='ltr'>quae</span> <span class='ocrx_word' id='word_1_100' title='bbox 1169 1069 1526 1119; x_wconf 86' lang='lat' dir='ltr'>Herwerdenus</span> <span class='ocrx_word' id='word_1_101' title='bbox 1577 1072 1793 1133; x_wconf 87' lang='lat' dir='ltr'>scripsit:</span> 
     </span>
     <span class='ocr_line' id='line_1_13' title="bbox 37 1139 1792 1205; baseline 0.002 -15"><span class='ocrx_word' id='word_1_102' title='bbox 37 1142 50 1195; x_wconf 57' lang='lat' dir='ltr'>-J</span> <span class='ocrx_word' id='word_1_103' title='bbox 109 1143 268 1205; x_wconf 75' lang='lat' dir='ltr'>„Qwia</span> <span class='ocrx_word' id='word_1_104' title='bbox 297 1142 546 1190; x_wconf 78' lang='lat' dir='ltr'>Libanius</span> <span class='ocrx_word' id='word_1_105' title='bbox 575 1139 847 1190; x_wconf 75' lang='lat' dir='ltr'>Atticorum</span> <span class='ocrx_word' id='word_1_106' title='bbox 879 1143 1088 1202; x_wconf 76' lang='lat' dir='ltr'>exemplo</span> <span class='ocrx_word' id='word_1_107' title='bbox 1121 1143 1283 1191; x_wconf 77' lang='lat' dir='ltr'>dualis</span> <span class='ocrx_word' id='word_1_108' title='bbox 1316 1147 1383 1191; x_wconf 83' lang='lat' dir='ltr'>est</span> <span class='ocrx_word' id='word_1_109' title='bbox 1413 1147 1792 1199; x_wconf 78' lang='lat' dir='ltr'>amantissimus,</span> 
     </span>
     <span class='ocr_line' id='line_1_14' title="bbox 39 1211 1793 1276; baseline 0 -10"><span class='ocrx_word' id='word_1_110' title='bbox 39 1211 45 1266; x_wconf 76' lang='lat' dir='ltr'>J</span> <span class='ocrx_word' id='word_1_111' title='bbox 106 1230 206 1266; x_wconf 78' lang='lat' dir='ltr'>non</span> <span class='ocrx_word' id='word_1_112' title='bbox 242 1215 515 1276; x_wconf 72' lang='lat' dir='ltr'>spernenda</span> <span class='ocrx_word' id='word_1_113' title='bbox 553 1217 744 1265; x_wconf 76' lang='lat' dir='ltr'>videtur</span> <span class='ocrx_word' id='word_1_114' title='bbox 782 1216 957 1264; x_wconf 78' lang='lat' dir='ltr'>codic-is</span> <span class='ocrx_word' id='word_1_115' title='bbox 990 1217 1320 1265; x_wconf 74' lang='lat' dir='ltr'>Laurentiani</span> <span class='ocrx_word' id='word_1_116' title='bbox 1354 1218 1527 1266; x_wconf 88' lang='lat' dir='ltr'><strong><em>LVII</em></strong></span> <span class='ocrx_word' id='word_1_117' title='bbox 1551 1220 1622 1266; x_wconf 82' lang='lat'>20</span> <span class='ocrx_word' id='word_1_118' title='bbox 1661 1220 1793 1267; x_wconf 78' lang='lat' dir='ltr'>lectio</span> 
     </span>
     <span class='ocr_line' id='line_1_15' title="bbox 13 1288 1789 1356; baseline 0.001 -17"><span class='ocrx_word' id='word_1_119' title='bbox 13 1294 15 1297; x_wconf 84' lang='grc'><strong>’</strong></span> <span class='ocrx_word' id='word_1_120' title='bbox 108 1290 253 1339; x_wconf 81' lang='grc' dir='ltr'><em>δυοῖν</em></span> <span class='ocrx_word' id='word_1_121' title='bbox 309 1288 626 1356; x_wconf 49' lang='grc' dir='ltr'><em>προμάχοινιι.</em></span> <span class='ocrx_word' id='word_1_122' title='bbox 717 1290 849 1338; x_wconf 87' lang='lat' dir='ltr'>Nam</span> <span class='ocrx_word' id='word_1_123' title='bbox 903 1289 1047 1338; x_wconf 80' lang='grc' dir='ltr'><em>δυοῖν</em></span> <span class='ocrx_word' id='word_1_124' title='bbox 1100 1290 1374 1355; x_wconf 87' lang='grc' dir='ltr'><em>προμάχοιν</em></span> <span class='ocrx_word' id='word_1_125' title='bbox 1427 1306 1537 1340; x_wconf 89' lang='lat' dir='ltr'>cum</span> <span class='ocrx_word' id='word_1_126' title='bbox 1590 1308 1687 1340; x_wconf 93' lang='lat' dir='ltr'>non</span> <span class='ocrx_word' id='word_1_127' title='bbox 1740 1292 1789 1339; x_wconf 91' lang='lat' dir='ltr'>in</span> 
     </span>
     <span class='ocr_line' id='line_1_16' title="bbox 107 1363 1791 1428; baseline 0.001 -16"><span class='ocrx_word' id='word_1_128' title='bbox 107 1363 465 1424; x_wconf 77' lang='lat' dir='ltr'>Laurentiano,</span> <span class='ocrx_word' id='word_1_129' title='bbox 510 1364 596 1411; x_wconf 92' lang='lat' dir='ltr'>sed</span> <span class='ocrx_word' id='word_1_130' title='bbox 641 1365 695 1412; x_wconf 92' lang='lat' dir='ltr'>in</span> <span class='ocrx_word' id='word_1_131' title='bbox 742 1365 845 1412; x_wconf 90' lang='lat' dir='ltr'>solo</span> <span class='ocrx_word' id='word_1_132' title='bbox 884 1363 1254 1413; x_wconf 88' lang='lat' dir='ltr'>Vindobonensi</span> <span class='ocrx_word' id='word_1_133' title='bbox 1296 1367 1453 1414; x_wconf 81' lang='lat' dir='ltr'>exstet</span> <span class='ocrx_word' id='word_1_134' title='bbox 1489 1366 1656 1428; x_wconf 87' lang='lat' dir='ltr'>itaque</span> <span class='ocrx_word' id='word_1_135' title='bbox 1696 1383 1791 1414; x_wconf 92' lang='lat' dir='ltr'>non</span> 
     </span>
     <span class='ocr_line' id='line_1_17' title="bbox 37 1438 1793 1506; baseline 0.003 -24"><span class='ocrx_word' id='word_1_136' title='bbox 37 1459 49 1482; x_wconf 63' lang='grc' dir='ltr'>η</span> <span class='ocrx_word' id='word_1_137' title='bbox 109 1438 330 1487; x_wconf 88' lang='lat' dir='ltr'>codicum</span> <span class='ocrx_word' id='word_1_138' title='bbox 383 1438 589 1486; x_wconf 89' lang='lat' dir='ltr'>alterius</span> <span class='ocrx_word' id='word_1_139' title='bbox 642 1439 862 1486; x_wconf 87' lang='lat' dir='ltr'>familiae</span> <span class='ocrx_word' id='word_1_140' title='bbox 913 1453 1167 1486; x_wconf 85' lang='lat' dir='ltr'>commune</span> <span class='ocrx_word' id='word_1_141' title='bbox 1214 1439 1300 1499; x_wconf 88' lang='lat' dir='ltr'>sit,</span> <span class='ocrx_word' id='word_1_142' title='bbox 1353 1442 1591 1487; x_wconf 90' lang='lat' dir='ltr'>minorem</span> <span class='ocrx_word' id='word_1_143' title='bbox 1645 1440 1793 1506; x_wconf 83' lang='lat' dir='ltr'>habet</span> 
     </span>
     <span class='ocr_line' id='line_1_18' title="bbox 109 1511 1791 1577; baseline 0.001 -16.959"><span class='ocrx_word' id='word_1_144' title='bbox 109 1512 470 1573; x_wconf 75' lang='lat' dir='ltr'>auctoritatem,</span> <span class='ocrx_word' id='word_1_145' title='bbox 505 1515 555 1560; x_wconf 92' lang='lat' dir='ltr'>et</span> <span class='ocrx_word' id='word_1_146' title='bbox 587 1511 678 1560; x_wconf 87' lang='grc' dir='ltr'><em>δύο</em></span> <span class='ocrx_word' id='word_1_147' title='bbox 710 1511 979 1577; x_wconf 79' lang='grc' dir='ltr'><em>προμάχοις</em></span> <span class='ocrx_word' id='word_1_148' title='bbox 1012 1512 1142 1574; x_wconf 89' lang='lat' dir='ltr'>quod</span> <span class='ocrx_word' id='word_1_149' title='bbox 1174 1515 1223 1560; x_wconf 90' lang='lat' dir='ltr'>et</span> <span class='ocrx_word' id='word_1_150' title='bbox 1252 1515 1304 1560; x_wconf 93' lang='lat' dir='ltr'>in</span> <span class='ocrx_word' id='word_1_151' title='bbox 1337 1513 1583 1561; x_wconf 81' lang='lat' dir='ltr'>codicibus</span> <span class='ocrx_word' id='word_1_152' title='bbox 1615 1514 1791 1576; x_wconf 87' lang='lat' dir='ltr'>prioris</span> 
     </span>
     <span class='ocr_line' id='line_1_19' title="bbox 46 1586 1789 1650; baseline -0.001 -16"><span class='ocrx_word' id='word_1_153' title='bbox 46 1609 54 1616; x_wconf 27' lang='grc' dir='ltr'><em>κ</em></span> <span class='ocrx_word' id='word_1_154' title='bbox 109 1587 329 1635; x_wconf 79' lang='lat' dir='ltr'>familiae</span> <span class='ocrx_word' id='word_1_155' title='bbox 369 1589 418 1633; x_wconf 90' lang='lat' dir='ltr'>et</span> <span class='ocrx_word' id='word_1_156' title='bbox 455 1586 506 1633; x_wconf 91' lang='lat' dir='ltr'>in</span> <span class='ocrx_word' id='word_1_157' title='bbox 545 1586 880 1634; x_wconf 89' lang='lat' dir='ltr'>Laurentiano</span> <span class='ocrx_word' id='word_1_158' title='bbox 919 1587 1123 1650; x_wconf 84' lang='lat' dir='ltr'>legitur,</span> <span class='ocrx_word' id='word_1_159' title='bbox 1168 1587 1430 1648; x_wconf 84' lang='lat' dir='ltr'>respondet</span> <span class='ocrx_word' id='word_1_160' title='bbox 1467 1587 1642 1636; x_wconf 83' lang='lat' dir='ltr'>melius</span> <span class='ocrx_word' id='word_1_161' title='bbox 1680 1588 1789 1635; x_wconf 87' lang='lat' dir='ltr'>usui</span> 
     </span>
     <span class='ocr_line' id='line_1_20' title="bbox 106 1654 1790 1726; baseline 0 -18"><span class='ocrx_word' id='word_1_162' title='bbox 106 1659 306 1708; x_wconf 81' lang='lat' dir='ltr'>Libanii</span> <span class='ocrx_word' id='word_1_163' title='bbox 337 1662 426 1722; x_wconf 86' lang='lat' dir='ltr'>qui</span> <span class='ocrx_word' id='word_1_164' title='bbox 455 1660 507 1707; x_wconf 88' lang='lat' dir='ltr'>in</span> <span class='ocrx_word' id='word_1_165' title='bbox 547 1661 752 1708; x_wconf 83' lang='lat' dir='ltr'>dativo</span> <span class='ocrx_word' id='word_1_166' title='bbox 793 1659 884 1709; x_wconf 86' lang='grc' dir='ltr'><em>δύο</em></span> <span class='ocrx_word' id='word_1_167' title='bbox 916 1661 995 1708; x_wconf 85' lang='lat' dir='ltr'>vel</span> <span class='ocrx_word' id='word_1_168' title='bbox 1026 1659 1171 1708; x_wconf 81' lang='grc' dir='ltr'><em>δυοῖν</em></span> <span class='ocrx_word' id='word_1_169' title='bbox 1206 1676 1318 1708; x_wconf 87' lang='lat' dir='ltr'>oum</span> <span class='ocrx_word' id='word_1_170' title='bbox 1347 1661 1576 1722; x_wconf 87' lang='lat' dir='ltr'>plurali</span> <span class='ocrx_word' id='word_1_171' title='bbox 1614 1654 1790 1726; x_wconf 76' lang='lat' dir='ltr'>solet²)</span> 
     </span>
     <span class='ocr_line' id='line_1_21' title="bbox 108 1727 1791 1801; baseline 0 -19"><span class='ocrx_word' id='word_1_172' title='bbox 108 1737 386 1783; x_wconf 81' lang='lat' dir='ltr'>construere</span> <span class='ocrx_word' id='word_1_173' title='bbox 448 1727 534 1801; x_wconf 83' lang='lat' dir='ltr'>(of.</span> <span class='ocrx_word' id='word_1_174' title='bbox 573 1735 599 1782; x_wconf 91' lang='grc' dir='ltr'><strong>Ι</strong></span> <span class='ocrx_word' id='word_1_175' title='bbox 640 1735 845 1796; x_wconf 82' lang='grc'>275,11</span> <span class='ocrx_word' id='word_1_176' title='bbox 912 1733 1003 1782; x_wconf 83' lang='grc' dir='ltr'><em>δύο</em></span> <span class='ocrx_word' id='word_1_177' title='bbox 1071 1737 1173 1793; x_wconf 88' lang='grc' dir='ltr'><em>τοῖς</em></span> <span class='ocrx_word' id='word_1_178' title='bbox 1242 1734 1481 1799; x_wconf 85' lang='grc' dir='ltr'><em>μεγίστοις</em></span> <span class='ocrx_word' id='word_1_179' title='bbox 1548 1734 1791 1797; x_wconf 86' lang='grc' dir='ltr'><em>σημείοις;</em></span> 
     </span>
     <span class='ocr_line' id='line_1_22' title="bbox 35 1805 1789 1873; baseline 0 -18"><span class='ocrx_word' id='word_1_180' title='bbox 35 1852 37 1855; x_wconf 79' lang='grc'>,</span> <span class='ocrx_word' id='word_1_181' title='bbox 107 1807 391 1870; x_wconf 83' lang='grc' dir='ltr'><strong>Π401,12</strong></span> <span class='ocrx_word' id='word_1_182' title='bbox 433 1807 524 1856; x_wconf 84' lang='grc' dir='ltr'><em>δύο</em></span> <span class='ocrx_word' id='word_1_183' title='bbox 564 1805 776 1873; x_wconf 80' lang='grc' dir='ltr'><em>βέλεσιν;</em></span> <span class='ocrx_word' id='word_1_184' title='bbox 822 1808 900 1856; x_wconf 82' lang='grc' dir='ltr'>ΠΙ</span> <span class='ocrx_word' id='word_1_185' title='bbox 932 1809 1104 1869; x_wconf 85' lang='grc'>368,8</span> <span class='ocrx_word' id='word_1_186' title='bbox 1146 1807 1236 1856; x_wconf 83' lang='grc' dir='ltr'><em>δύο</em></span> <span class='ocrx_word' id='word_1_187' title='bbox 1277 1806 1393 1872; x_wconf 85' lang='grc' dir='ltr'><em>μησὶ</em></span> <span class='ocrx_word' id='word_1_188' title='bbox 1431 1805 1512 1856; x_wconf 79' lang='grc' dir='ltr'>καὶ</span> <span class='ocrx_word' id='word_1_189' title='bbox 1551 1808 1789 1865; x_wconf 85' lang='grc' dir='ltr'><em>πλείοσιν;</em></span> 
     </span>
     <span class='ocr_line' id='line_1_23' title="bbox 107 1875 1788 1950; baseline -0.002 -19"><span class='ocrx_word' id='word_1_190' title='bbox 107 1881 186 1930; x_wconf 83' lang='grc' dir='ltr'>ΠΙ</span> <span class='ocrx_word' id='word_1_191' title='bbox 201 1883 328 1943; x_wconf 89' lang='grc'>89,9</span> <span class='ocrx_word' id='word_1_192' title='bbox 355 1881 447 1931; x_wconf 86' lang='grc' dir='ltr'><em>δύο</em></span> <span class='ocrx_word' id='word_1_193' title='bbox 470 1881 688 1947; x_wconf 79' lang='grc' dir='ltr'><em>γνώμαις</em></span> <span class='ocrx_word' id='word_1_194' title='bbox 713 1876 958 1950; x_wconf 87' lang='grc' dir='ltr'><em>(γνώμαιν</em></span> <span class='ocrx_word' id='word_1_195' title='bbox 980 1898 1238 1944; x_wconf 89' lang='lat' dir='ltr'>perperam</span> <span class='ocrx_word' id='word_1_196' title='bbox 1261 1875 1536 1947; x_wconf 82' lang='lat' dir='ltr'>Reiskius)3</span> <span class='ocrx_word' id='word_1_197' title='bbox 1554 1882 1610 1929; x_wconf 88' lang='lat' dir='ltr'>H</span> <span class='ocrx_word' id='word_1_198' title='bbox 1630 1885 1654 1929; x_wconf 91' lang='lat'>1</span> <span class='ocrx_word' id='word_1_199' title='bbox 1669 1883 1788 1941; x_wconf 77' lang='lat'>1‚22</span> 
     </span>
     <span class='ocr_line' id='line_1_24' title="bbox 108 1953 1791 2022; baseline -0.001 -18"><span class='ocrx_word' id='word_1_200' title='bbox 108 1953 336 2015; x_wconf 76' lang='grc' dir='ltr'><em>ἐπετείοις</em></span> <span class='ocrx_word' id='word_1_201' title='bbox 382 1960 668 2022; x_wconf 78' lang='grc' dir='ltr'><em>στρατηγοῖς</em></span> <span class='ocrx_word' id='word_1_202' title='bbox 715 1956 880 2014; x_wconf 89' lang='grc' dir='ltr'><em>δυοῖν;</em></span> <span class='ocrx_word' id='word_1_203' title='bbox 940 1957 1107 2016; x_wconf 84' lang='grc'><strong>182,7</strong></span> <span class='ocrx_word' id='word_1_204' title='bbox 1165 1955 1309 2004; x_wconf 82' lang='grc' dir='ltr'><em>δυοῖν</em></span> <span class='ocrx_word' id='word_1_205' title='bbox 1356 1954 1569 2020; x_wconf 80' lang='grc' dir='ltr'><em>ῥήμασιν</em></span> <span class='ocrx_word' id='word_1_206' title='bbox 1621 1954 1791 2014; x_wconf 83' lang='grc' dir='ltr'><em>ἕστιξε;</em></span> 
     </span>
     <span class='ocr_line' id='line_1_25' title="bbox 111 2028 1790 2095; baseline -0.002 -18"><span class='ocrx_word' id='word_1_207' title='bbox 111 2031 274 2093; x_wconf 85' lang='lat'>439‚7</span> <span class='ocrx_word' id='word_1_208' title='bbox 316 2028 370 2079; x_wconf 78' lang='grc' dir='ltr'>ἐν</span> <span class='ocrx_word' id='word_1_209' title='bbox 401 2029 545 2078; x_wconf 87' lang='grc' dir='ltr'><em>δυοῖν</em></span> <span class='ocrx_word' id='word_1_210' title='bbox 576 2029 782 2095; x_wconf 82' lang='grc' dir='ltr'><em>ῥήμασι;</em></span> <span class='ocrx_word' id='word_1_211' title='bbox 821 2031 899 2077; x_wconf 92' lang='grc' dir='ltr'>ΠΙ</span> <span class='ocrx_word' id='word_1_212' title='bbox 934 2031 1131 2090; x_wconf 88' lang='grc'>134,19</span> <span class='ocrx_word' id='word_1_213' title='bbox 1167 2029 1310 2078; x_wconf 89' lang='grc' dir='ltr'><em>δυοῖν</em></span> <span class='ocrx_word' id='word_1_214' title='bbox 1340 2029 1486 2078; x_wconf 87' lang='grc' dir='ltr'><em>εἴδεσι</em></span> <span class='ocrx_word' id='word_1_215' title='bbox 1516 2028 1790 2092; x_wconf 79' lang='grc' dir='ltr'><em>λημμάτων.</em></span> 
     </span>
     <span class='ocr_line' id='line_1_26' title="bbox 29 2100 1789 2167; baseline -0.001 -16"><span class='ocrx_word' id='word_1_216' title='bbox 29 2158 33 2163; x_wconf 92' lang='lat'>.</span> <span class='ocrx_word' id='word_1_217' title='bbox 219 2121 266 2166; x_wconf 91' lang='lat' dir='ltr'>p.</span> <span class='ocrx_word' id='word_1_218' title='bbox 293 2105 420 2164; x_wconf 86' lang='lat'><strong>84‚3</strong></span> <span class='ocrx_word' id='word_1_219' title='bbox 462 2100 563 2152; x_wconf 84' lang='grc' dir='ltr'><em>ἀλλ’</em></span> <span class='ocrx_word' id='word_1_220' title='bbox 603 2101 747 2154; x_wconf 86' lang='grc' dir='ltr'><em>ὁπότε</em></span> <span class='ocrx_word' id='word_1_221' title='bbox 780 2100 867 2167; x_wconf 80' lang='grc' dir='ltr'>μὲν</span> <span class='ocrx_word' id='word_1_222' title='bbox 898 2101 1241 2167; x_wconf 82' lang='grc' dir='ltr'><em>ἀφωσιούμην.</em></span> <span class='ocrx_word' id='word_1_223' title='bbox 1310 2102 1470 2152; x_wconf 92' lang='lat' dir='ltr'>Probo</span> <span class='ocrx_word' id='word_1_224' title='bbox 1510 2102 1640 2165; x_wconf 87' lang='lat' dir='ltr'>quod</span> <span class='ocrx_word' id='word_1_225' title='bbox 1672 2102 1789 2150; x_wconf 90' lang='lat' dir='ltr'>Her-</span> 
     </span>
     <span class='ocr_line' id='line_1_27' title="bbox 30 2174 1014 2241; baseline 0.001 -17"><span class='ocrx_word' id='word_1_226' title='bbox 30 2174 33 2175; x_wconf 57' lang='grc'>’</span> <span class='ocrx_word' id='word_1_227' title='bbox 109 2177 363 2226; x_wconf 86' lang='lat' dir='ltr'>werdenus</span> <span class='ocrx_word' id='word_1_228' title='bbox 402 2180 661 2240; x_wconf 89' lang='lat' dir='ltr'>proposuit</span> <span class='ocrx_word' id='word_1_229' title='bbox 696 2176 1014 2241; x_wconf 83' lang='grc' dir='ltr'><em>άφοσιοίμην.</em></span> 
     </span>
     <span class='ocr_line' id='line_1_28' title="bbox 219 2247 1791 2318; baseline -0.002 -18"><span class='ocrx_word' id='word_1_230' title='bbox 219 2268 268 2313; x_wconf 88' lang='lat' dir='ltr'>p.</span> <span class='ocrx_word' id='word_1_231' title='bbox 302 2252 474 2312; x_wconf 88' lang='lat'>84‚16</span> <span class='ocrx_word' id='word_1_232' title='bbox 522 2249 605 2300; x_wconf 85' lang='grc' dir='ltr'>καὶ</span> <span class='ocrx_word' id='word_1_233' title='bbox 652 2251 780 2300; x_wconf 75' lang='grc' dir='ltr'><em>οὕτω</em></span> <span class='ocrx_word' id='word_1_234' title='bbox 827 2250 890 2314; x_wconf 85' lang='grc' dir='ltr'><em>δή</em></span> <span class='ocrx_word' id='word_1_235' title='bbox 938 2269 983 2299; x_wconf 89' lang='grc' dir='ltr'>τι</span> <span class='ocrx_word' id='word_1_236' title='bbox 1029 2249 1160 2318; x_wconf 80' lang='grc' dir='ltr'><em>αὐτῷ</em></span> <span class='ocrx_word' id='word_1_237' title='bbox 1201 2250 1525 2316; x_wconf 85' lang='grc' dir='ltr'><em>προσεκείμην</em></span> <span class='ocrx_word' id='word_1_238' title='bbox 1563 2247 1791 2314; x_wconf 84' lang='grc' dir='ltr'><em>ἀκριβῶς,</em></span> 
     </span>
    </p>
   </div>
   <div class='ocr_carea' id='block_1_3' title="bbox 38 2393 1792 2682">
    <p class='ocr_par' dir='ltr' id='par_1_3' title="bbox 38 2393 1792 2682">
     <span class='ocr_line' id='line_1_29' title="bbox 43 2393 1792 2465; baseline -0.003 -16"><span class='ocrx_word' id='word_1_239' title='bbox 43 2446 45 2449; x_wconf 85' lang='grc'><em>,</em></span> <span class='ocrx_word' id='word_1_240' title='bbox 110 2395 194 2446; x_wconf 78' lang='grc' dir='ltr'>καὶ</span> <span class='ocrx_word' id='word_1_241' title='bbox 238 2393 304 2447; x_wconf 84' lang='grc' dir='ltr'><em>δι’</em></span> <span class='ocrx_word' id='word_1_242' title='bbox 347 2396 552 2465; x_wconf 79' lang='grc' dir='ltr'><em>ἀγορᾶς,</em></span> <span class='ocrx_word' id='word_1_243' title='bbox 607 2397 660 2448; x_wconf 82' lang='grc' dir='ltr'>ἐν</span> <span class='ocrx_word' id='word_1_244' title='bbox 706 2402 865 2464; x_wconf 86' lang='grc' dir='ltr'><em>χεροῖν</em></span> <span class='ocrx_word' id='word_1_245' title='bbox 911 2416 959 2447; x_wconf 90' lang='grc' dir='ltr'><em>τε</em></span> <span class='ocrx_word' id='word_1_246' title='bbox 1005 2394 1035 2461; x_wconf 83' lang='grc' dir='ltr'>ἡ</span> <span class='ocrx_word' id='word_1_247' title='bbox 1084 2397 1265 2462; x_wconf 83' lang='grc' dir='ltr'><em>βίβλος.</em></span> <span class='ocrx_word' id='word_1_248' title='bbox 1352 2395 1433 2445; x_wconf 83' lang='grc' dir='ltr'>καὶ</span> <span class='ocrx_word' id='word_1_249' title='bbox 1479 2396 1573 2445; x_wconf 77' lang='grc' dir='ltr'><em>ἔδει</em></span> <span class='ocrx_word' id='word_1_250' title='bbox 1619 2414 1662 2443; x_wconf 90' lang='grc' dir='ltr'>τι</span> <span class='ocrx_word' id='word_1_251' title='bbox 1708 2394 1792 2443; x_wconf 92' lang='grc' dir='ltr'>τὸν</span> 
     </span>
     <span class='ocr_line' id='line_1_30' title="bbox 38 2466 1789 2538; baseline -0.002 -19"><span class='ocrx_word' id='word_1_252' title='bbox 38 2466 43 2473; x_wconf 71' lang='grc'><strong>’</strong></span> <span class='ocrx_word' id='word_1_253' title='bbox 110 2467 269 2538; x_wconf 67' lang='grc' dir='ltr'><em>ἄνδρα</em></span> <span class='ocrx_word' id='word_1_254' title='bbox 298 2470 380 2521; x_wconf 84' lang='grc' dir='ltr'>καὶ</span> <span class='ocrx_word' id='word_1_255' title='bbox 410 2471 533 2538; x_wconf 89' lang='grc' dir='ltr'><em>πρὸς</em></span> <span class='ocrx_word' id='word_1_256' title='bbox 563 2471 787 2538; x_wconf 80' lang='grc' dir='ltr'><em>ἀνάγκην</em></span> <span class='ocrx_word' id='word_1_257' title='bbox 818 2470 983 2538; x_wconf 84' lang='grc' dir='ltr'><em>λέγειν.</em></span> <span class='ocrx_word' id='word_1_258' title='bbox 1055 2471 1175 2519; x_wconf 89' lang='lat' dir='ltr'>Post</span> <span class='ocrx_word' id='word_1_259' title='bbox 1205 2469 1386 2537; x_wconf 84' lang='grc' dir='ltr'><em>ἀγορᾶς</em></span> <span class='ocrx_word' id='word_1_260' title='bbox 1418 2470 1617 2518; x_wconf 85' lang='lat' dir='ltr'>verbum</span> <span class='ocrx_word' id='word_1_261' title='bbox 1644 2469 1789 2531; x_wconf 87' lang='lat' dir='ltr'>quale</span> 
     </span>
     <span class='ocr_line' id='line_1_31' title="bbox 111 2539 1788 2612; baseline -0.002 -19"><span class='ocrx_word' id='word_1_262' title='bbox 111 2539 219 2612; x_wconf 79' lang='grc' dir='ltr'><em>ᾔειν</em></span> <span class='ocrx_word' id='word_1_263' title='bbox 257 2546 492 2595; x_wconf 80' lang='lat' dir='ltr'>excidisse</span> <span class='ocrx_word' id='word_1_264' title='bbox 533 2548 740 2607; x_wconf 86' lang='lat' dir='ltr'>conieci,</span> <span class='ocrx_word' id='word_1_265' title='bbox 785 2545 996 2610; x_wconf 83' lang='grc' dir='ltr'><em>εἱπόμην</em></span> <span class='ocrx_word' id='word_1_266' title='bbox 1042 2545 1410 2593; x_wconf 89' lang='lat' dir='ltr'>Herwerdenus.</span> <span class='ocrx_word' id='word_1_267' title='bbox 1487 2544 1631 2591; x_wconf 88' lang='lat' dir='ltr'>Nunc</span> <span class='ocrx_word' id='word_1_268' title='bbox 1678 2559 1788 2589; x_wconf 89' lang='lat' dir='ltr'>neu-</span> 
     </span>
     <span class='ocr_line' id='line_1_32' title="bbox 110 2615 1790 2682; baseline -0.003 -16"><span class='ocrx_word' id='word_1_269' title='bbox 110 2619 245 2666; x_wconf 87' lang='lat' dir='ltr'>trum</span> <span class='ocrx_word' id='word_1_270' title='bbox 292 2619 605 2682; x_wconf 85' lang='lat' dir='ltr'>probaverim</span> <span class='ocrx_word' id='word_1_271' title='bbox 655 2621 739 2669; x_wconf 89' lang='lat' dir='ltr'>sed</span> <span class='ocrx_word' id='word_1_272' title='bbox 789 2636 899 2668; x_wconf 88' lang='lat' dir='ltr'>cum</span> <span class='ocrx_word' id='word_1_273' title='bbox 952 2619 1137 2667; x_wconf 88' lang='lat' dir='ltr'>Fritzio</span> <span class='ocrx_word' id='word_1_274' title='bbox 1186 2621 1446 2677; x_wconf 83' lang='lat' dir='ltr'>commate,</span> <span class='ocrx_word' id='word_1_275' title='bbox 1500 2620 1556 2664; x_wconf 85' lang='lat' dir='ltr'>ut</span> <span class='ocrx_word' id='word_1_276' title='bbox 1600 2616 1651 2663; x_wconf 91' lang='lat' dir='ltr'>in</span> <span class='ocrx_word' id='word_1_277' title='bbox 1703 2615 1790 2662; x_wconf 74' lang='lat' dir='ltr'>VB</span> 
     </span>
    </p>
   </div>
   <div class='ocr_carea' id='block_1_4' title="bbox 112 2731 466 2741">
    <p class='ocr_par' dir='ltr' id='par_1_4' title="bbox 112 2731 466 2741">
     <span class='ocr_line' id='line_1_33' title="bbox 112 2731 466 2741; baseline 0 353"><span class='ocrx_word' id='word_1_278' title='bbox 112 2731 466 2741; x_wconf 95' lang='lat' dir='ltr'> </span> 
     </span>
    </p>
   </div>
   <div class='ocr_carea' id='block_1_5' title="bbox 30 2801 1790 2980">
    <p class='ocr_par' dir='ltr' id='par_1_5' title="bbox 30 2801 1790 2980">
     <span class='ocr_line' id='line_1_34' title="bbox 30 2801 1790 2861; baseline -0.003 -13"><span class='ocrx_word' id='word_1_279' title='bbox 30 2830 34 2831; x_wconf 28' lang='grc' dir='ltr'><em>ν</em></span> <span class='ocrx_word' id='word_1_280' title='bbox 232 2805 275 2860; x_wconf 91' lang='lat'>1)</span> <span class='ocrx_word' id='word_1_281' title='bbox 306 2802 374 2848; x_wconf 84' lang='lat' dir='ltr'>Cf.</span> <span class='ocrx_word' id='word_1_282' title='bbox 398 2806 432 2848; x_wconf 85' lang='lat' dir='ltr'>t.</span> <span class='ocrx_word' id='word_1_283' title='bbox 455 2805 521 2848; x_wconf 88' lang='lat' dir='ltr'>HI</span> <span class='ocrx_word' id='word_1_284' title='bbox 544 2810 686 2860; x_wconf 84' lang='lat'>434,3</span> <span class='ocrx_word' id='word_1_285' title='bbox 718 2803 1076 2861; x_wconf 85' lang='grc' dir='ltr'><em>διαπηὸήσαντα</em></span> <span class='ocrx_word' id='word_1_286' title='bbox 1114 2810 1335 2847; x_wconf 86' lang='grc' dir='ltr'><em>τοσοῦτον</em></span> <span class='ocrx_word' id='word_1_287' title='bbox 1374 2802 1468 2847; x_wconf 82' lang='grc' dir='ltr'>ἀπὸ</span> <span class='ocrx_word' id='word_1_288' title='bbox 1507 2806 1586 2856; x_wconf 87' lang='grc' dir='ltr'><em>τῆς</em></span> <span class='ocrx_word' id='word_1_289' title='bbox 1624 2801 1790 2858; x_wconf 77' lang='grc' dir='ltr'><em>βουλῆς</em></span> 
     </span>
     <span class='ocr_line' id='line_1_35' title="bbox 114 2858 526 2919; baseline 0.007 -15"><span class='ocrx_word' id='word_1_290' title='bbox 114 2858 192 2904; x_wconf 75' lang='grc' dir='ltr'>ἐπὶ</span> <span class='ocrx_word' id='word_1_291' title='bbox 219 2860 302 2906; x_wconf 79' lang='grc' dir='ltr'><em>τὸν</em></span> <span class='ocrx_word' id='word_1_292' title='bbox 332 2861 526 2919; x_wconf 75' lang='grc' dir='ltr'><em>θρόνον.</em></span> 
     </span>
     <span class='ocr_line' id='line_1_36' title="bbox 231 2918 1788 2980; baseline -0.003 -16"><span class='ocrx_word' id='word_1_293' title='bbox 231 2922 276 2978; x_wconf 78' lang='grc'>2)</span> <span class='ocrx_word' id='word_1_294' title='bbox 306 2920 470 2966; x_wconf 73' lang='lat' dir='ltr'>Dualis</span> <span class='ocrx_word' id='word_1_295' title='bbox 493 2923 757 2980; x_wconf 83' lang='lat' dir='ltr'>exemplum</span> <span class='ocrx_word' id='word_1_296' title='bbox 780 2922 925 2966; x_wconf 84' lang='lat' dir='ltr'>habes</span> <span class='ocrx_word' id='word_1_297' title='bbox 949 2924 981 2965; x_wconf 87' lang='lat' dir='ltr'>t.</span> <span class='ocrx_word' id='word_1_298' title='bbox 1007 2921 1028 2963; x_wconf 96' lang='lat' dir='ltr'>I</span> <span class='ocrx_word' id='word_1_299' title='bbox 1053 2925 1187 2974; x_wconf 78' lang='lat'><strong>134‚7</strong></span> <span class='ocrx_word' id='word_1_300' title='bbox 1213 2923 1349 2965; x_wconf 83' lang='grc' dir='ltr'><em>δυοῖν</em></span> <span class='ocrx_word' id='word_1_301' title='bbox 1381 2918 1581 2977; x_wconf 74' lang='grc' dir='ltr'><em>ἐβιάζετο</em></span> <span class='ocrx_word' id='word_1_302' title='bbox 1612 2924 1788 2961; x_wconf 79' lang='grc' dir='ltr'><em>κακοῖν.</em></span> 
     </span>
    </p>
   </div>
   <div class='ocr_carea' id='block_1_6' title="bbox 0 943 55 3094">
    <p class='ocr_par' dir='ltr' id='par_1_6' title="bbox 0 943 55 3094">
     <span class='ocr_line' id='line_1_37' title="bbox 0 943 55 3094; baseline 0 0"><span class='ocrx_word' id='word_1_303' title='bbox 0 943 55 3094; x_wconf 95' lang='lat' dir='ltr'> </span> 
     </span>
    </p>
   </div>
   <div class='ocr_carea' id='block_1_7' title="bbox 111 2317 1879 2389">
    <p class='ocr_par' dir='ltr' id='par_1_7' title="bbox 111 2317 1879 2389">
     <span class='ocr_line' id='line_1_38' title="bbox 119 2317 1782 2343; baseline -0.002 -3"><span class='ocrx_word' id='word_1_304' title='bbox 119 2322 146 2341; x_wconf 73' lang='grc' dir='ltr'><em>Η</em></span> <span class='ocrx_word' id='word_1_305' title='bbox 209 2317 222 2338; x_wconf 73' lang='grc'><strong>9</strong></span> <span class='ocrx_word' id='word_1_306' title='bbox 308 2323 321 2343; x_wconf 70' lang='grc'><strong><em>9</em></strong></span> <span class='ocrx_word' id='word_1_307' title='bbox 361 2319 374 2339; x_wconf 70' lang='lat'>2</span> <span class='ocrx_word' id='word_1_308' title='bbox 431 2322 444 2342; x_wconf 76' lang='grc'><strong>9</strong></span> <span class='ocrx_word' id='word_1_309' title='bbox 739 2323 751 2342; x_wconf 76' lang='grc' dir='ltr'><strong><em>Ι</em></strong></span> <span class='ocrx_word' id='word_1_310' title='bbox 936 2331 958 2341; x_wconf 58' lang='lat'>⁴,</span> <span class='ocrx_word' id='word_1_311' title='bbox 1240 2322 1251 2340; x_wconf 75' lang='lat'><em>9</em></span> <span class='ocrx_word' id='word_1_312' title='bbox 1483 2323 1494 2337; x_wconf 76' lang='lat' dir='ltr'><em>t</em></span> <span class='ocrx_word' id='word_1_313' title='bbox 1687 2320 1699 2337; x_wconf 74' lang='grc'>9</span> <span class='ocrx_word' id='word_1_314' title='bbox 1772 2320 1782 2336; x_wconf 60' lang='lat' dir='ltr'>t</span> 
     </span>
     <span class='ocr_line' id='line_1_39' title="bbox 111 2322 1879 2389; baseline -0.001 -17"><span class='ocrx_word' id='word_1_315' title='bbox 111 2337 207 2372; x_wconf 86' lang='grc' dir='ltr'>ωστ</span> <span class='ocrx_word' id='word_1_316' title='bbox 266 2325 359 2374; x_wconf 89' lang='grc' dir='ltr'><em>ουδ</em></span> <span class='ocrx_word' id='word_1_317' title='bbox 417 2327 844 2389; x_wconf 87' lang='grc' dir='ltr'><em>απαλλαττομενου</em></span> <span class='ocrx_word' id='word_1_318' title='bbox 900 2343 998 2373; x_wconf 87' lang='grc' dir='ltr'>των</span> <span class='ocrx_word' id='word_1_319' title='bbox 1049 2322 1174 2373; x_wconf 83' lang='grc' dir='ltr'><em>νέων</em></span> <span class='ocrx_word' id='word_1_320' title='bbox 1226 2326 1620 2387; x_wconf 84' lang='grc' dir='ltr'><em>απηλλαττομην,</em></span> <span class='ocrx_word' id='word_1_321' title='bbox 1673 2325 1791 2370; x_wconf 86' lang='grc' dir='ltr'><em>αλλα</em></span> <span class='ocrx_word' id='word_1_322' title='bbox 1863 2365 1879 2371; x_wconf 12' lang='grc'>,7</span> 
     </span>
    </p>
   </div>
  </div>
 </body>
</html>
