1992 3094
354 129 582 173 LIBANII
613 127 837 173 ORATIO
871 128 1116 174 CONTRA
1145 129 1402 174 ICARIUM
1432 130 1475 173 H
1706 129 1776 182 49

85 263 254 336 ἧττον
292 266 325 336 ἢ
363 267 461 335 νηῒ
493 267 701 334 τρόπις,
740 266 828 318 καὶ
869 266 1004 318 οἴων
1041 266 1190 334 παρὰ
1220 274 1316 335 τῆς
1353 268 1610 335 μεγίστης
1647 268 1779 333 βου-

90 362 203 426 λῆς,
238 355 378 424 λέγω
410 362 506 423 τῆς
530 354 825 423 Ῥωμαίων,
864 353 1086 423 ἠξίωται
1116 353 1207 407 καὶ
1240 355 1313 418 ὡς
1343 363 1514 409 ταῦτα
1544 354 1777 425 ἐκινήθη

87 451 165 517 τῷ
203 445 384 515 χρόνῳ
430 444 521 496 καὶ
562 444 635 505 ὡς
672 444 850 515 τούτῳ
892 444 1296 513 διεφθάρησαν,
1345 446 1520 511 νόμον
1558 447 1779 513 ἔθηκας,

89 531 133 588 ὦ
171 536 426 601 βασιλεῦ,
472 533 544 601 μὴ
593 530 793 596 ἐξεῖναι
839 533 1147 586 τύπτεσθαι
1193 534 1341 602 παρὰ
1386 543 1498 586 τῶν
1545 532 1630 586 ἐπὶ
1670 543 1781 586 τῶν

89 623 275 692 ἀρχῶν
312 623 443 684 τοὺς
481 621 542 674 ἐν
579 622 750 691 ταύτῃ
781 629 846 691 τῇ
878 619 1026 684 τάξει
1056 620 1148 674 καὶ
1179 626 1538 692 προσηγορίᾳ.
1601 621 1650 674 5.
1689 621 1779 675 καὶ
1828 638 1847 671 5

87 712 194 765 οὐκ
235 709 383 764 ἔστιν
422 711 615 778 εἰπεῖν,
656 710 739 763 ὅτι
777 709 924 764 τοῦτ’
955 708 1201 780 ἔγραψας
1231 710 1350 779 μέν,
1390 711 1492 764 οὐκ
1524 709 1781 780 ἐβεβαίω-

87 814 188 863 σας
242 797 303 853 δὲ
347 808 463 862 τοῖς
515 796 723 869 ἔργοις,
778 799 918 852 ἀλλὰ
961 807 1127 853 τοῦτο
1182 796 1284 867 μὲν
1328 801 1428 852 τὸν
1474 809 1568 869 τῆς
1607 798 1783 864 Ἀσίας

88 889 330 960 ἄρχοντα
386 889 708 957 Φλαβιανὸν
760 889 1017 942 τοιοῦτόν
1069 908 1122 942 τι
1175 891 1637 959 πλημμελήσαντα
1690 891 1783 942 κά-

86 979 281 1031 κιστόν
317 996 375 1030 τε
414 978 600 1046 ἡγήσω
651 976 742 1030 καὶ
792 986 887 1047 τῆς
933 977 1102 1048 ἀρχῆς
1148 980 1412 1047 ἔπαυσας,
1467 978 1495 1032 ὁ
1544 978 1606 1032 δὲ
1652 981 1784 1047 βου-

90 1066 395 1135 λευομένου
451 1080 554 1120 σου
600 1067 726 1136 περὶ
771 1075 867 1136 τῆς
915 1070 1179 1135 τιμωρίας
1232 1066 1400 1135 ἐμβὰς
1453 1073 1531 1131 εἰς
1582 1071 1784 1121 πλοῖον
1807 1082 1850 1115 10

87 1155 336 1225 ἀποδρὰς
389 1154 577 1228 ᾤχετο,
634 1163 799 1210 τοῦτο
854 1153 916 1209 δὲ
969 1157 1069 1210 τὸν
1121 1165 1217 1226 τῆς
1270 1158 1560 1225 Αἰγύπτου
1614 1158 1785 1210 τᾶλλα

91 1244 651 1314 σεσυκοφαντημένον
701 1244 793 1298 καὶ
840 1246 1017 1309 πάσας
1062 1247 1207 1315 πλὴν
1251 1254 1379 1315 μιᾶς
1423 1247 1622 1315 ταύτης
1668 1247 1786 1299 δια-

0 1366 1 1372 1
94 1334 338 1388 λύσαντα
382 1335 479 1397 τὰς
518 1336 694 1397 αἰτίας
732 1335 932 1404 ἕδησάς
975 1355 1033 1388 τε
1071 1334 1273 1406 ἡμέρας
1321 1336 1423 1388 οὐκ
1468 1335 1656 1404 ὀλίγας
1694 1334 1783 1389 καὶ

88 1425 388 1494 φροντίσαι
433 1422 560 1491 περὶ
606 1431 703 1492 τῆς
748 1426 1018 1493 σωτηρίας
1064 1422 1323 1492 ἐποίησας
1375 1427 1535 1493 μείζω
1584 1433 1787 1495 μοῖραν

90 1513 269 1584 τούτῳ
316 1514 505 1582 νείμας
550 1511 583 1581 ἢ
629 1521 746 1575 τοῖς
799 1515 986 1576 ἄλλοις
1032 1514 1217 1566 ἅπασι.
1294 1517 1483 1582 ληρεῖν
1537 1514 1641 1583 γάρ
1697 1529 1786 1567 σοι
1811 1526 1852 1559 15

88 1609 159 1671 τῇ
218 1611 330 1654 τῶν
393 1603 575 1654 ἄλλων
637 1601 817 1655 ἐδόκει
877 1604 1059 1672 μνήμῃ
1123 1603 1216 1655 διὰ
1277 1604 1378 1671 τὴν
1431 1603 1568 1655 κατὰ
1621 1610 1786 1656 τοῦτο

91 1688 380 1760 ἁμαρτίαν.
457 1689 505 1742 6.
560 1689 652 1743 καὶ
692 1693 763 1744 σὺ
802 1688 904 1760 μὲν
941 1691 1086 1744 οὕτω
1126 1690 1406 1760 πρέποντα
1444 1694 1660 1759 βασιλεῖ
1697 1693 1787 1744 καὶ

95 1779 328 1848 γράφων
381 1780 473 1832 καὶ
524 1788 720 1848 ποιῶν,
783 1780 860 1849 [ὁ]
898 1778 1127 1850 Ἰκάριος
1189 1777 1251 1833 δὲ
1309 1790 1451 1845 πῶς;
1515 1782 1561 1833 εἰ
1623 1782 1788 1850 τιμὴν

94 1865 358 1937 ἐτύγχανε
395 1867 657 1932 καταθεὶς
694 1878 806 1922 τῶν
844 1872 1180 1938 βουλευτῶν,
1229 1869 1331 1923 οὐκ
1370 1869 1440 1923 ἂν
1479 1870 1655 1932 οὕτως
1693 1869 1789 1922 αὐ-

95 1957 229 2019 τοὺς
266 1955 508 2028 ᾐκίσατο.
569 1967 680 2010 τῶν
719 1957 770 2026 γ’
802 1955 906 2011 οὖν
945 1960 1173 2011 οἰκετῶν
1210 1958 1427 2029 ὁρῶμεν
1466 1958 1638 2012 αὐτὸν
1668 1977 1787 2027 φει-
1811 1970 1854 2002 20

95 2044 335 2112 ὃόμενον
380 2044 471 2098 καὶ
526 2054 591 2116 τῇ
646 2065 709 2115 γε
762 2047 900 2114 πρὸς
953 2047 1156 2110 αὐτοὺς
1209 2047 1501 2117 ἡμερότητι
1554 2047 1790 2115 μάλιστα

92 2135 581 2203 φιλοτιμούμενον,
644 2134 762 2188 ἀλλ’
808 2136 875 2189 οὐ
935 2137 1074 2205 πρὸς
1130 2137 1228 2188 τὸν
1282 2137 1486 2188 ἄθλιον
1533 2133 1789 2205 Ἑρμείαν

218 2292 244 2331 6
276 2287 334 2332 cf.
362 2289 423 2332 ad
446 2303 491 2345 p.
511 2292 582 2343 29,
601 2293 653 2332 11
666 2302 733 2346 sq.
767 2287 875 2333 Cod.
895 2288 1068 2333 Theod.
1088 2288 1173 2331 XII
1199 2294 1238 2343 1,
1255 2293 1312 2332 85
1434 2292 1460 2332 8
1487 2287 1595 2332 Cod.
1614 2287 1786 2333 Theod.

96 2343 183 2389 XII
207 2350 247 2399 6,
266 2351 321 2390 18
504 2354 555 2391 11
602 2347 828 2405 Optatum
861 2348 917 2392 cf.
944 2347 1036 2392 t.11
1061 2352 1161 2402 395,
1181 2352 1234 2390 19
1250 2362 1316 2403 sq.
1331 2347 1383 2392 R.
1441 2346 1650 2392 Gothofr.
1679 2347 1786 2392 Cod.

93 2403 271 2449 Theod.
297 2405 470 2463 t.V1‚p.
491 2411 577 2450 310
591 2421 657 2462 sq.
781 2412 836 2450 22
869 2407 926 2451 cf.
961 2408 1020 2450 ad
1051 2422 1096 2463 p.
1117 2411 1188 2462 29,
1207 2411 1230 2450 7

220 2550 274 2589 19
307 2545 409 2601 ἤτοι
440 2548 553 2599 δοὺς
583 2547 778 2593 οἴκοθεν
811 2546 1002 2603 ἐπρίατο
1038 2547 1104 2591 V²

219 2698 245 2737 8
291 2694 642 2752 πλημελήσαντα
681 2697 727 2739 Ρ
770 2696 850 2739 sed
896 2712 928 2752 μ
974 2695 1173 2739 alterum
1221 2709 1437 2752 suprascr
1475 2694 1557 2747 111²,
1604 2695 1737 2739 IBN

77 2754 132 2794 ’9
163 2753 497 2811 βουλευομένου
528 2755 584 2798 Ν
617 2756 699 2798 sed.
731 2757 864 2799 ουλευ
896 2755 945 2796 in
969 2767 1044 2797 ras
1069 2755 1153 2808 m³‚
1191 2755 1389 2798 fortasse
1430 2767 1485 2797 ex
1517 2755 1597 2797 αλλ
1629 2767 1731 2797 corr

108 2814 163 2854 10
195 2819 278 2856 σοῦ
301 2812 371 2857 Re
491 2818 546 2857 13
577 2815 707 2870 τῆςΙ
824 2817 878 2856 18
911 2812 935 2856 ὃ
960 2826 1063 2856 eras
1091 2813 1173 2858 GP
1230 2813 1484 2856 cancellavi
1516 2827 1626 2856 usus
1651 2812 1788 2856 Liba-

82 2868 236 2913 =niani
258 2872 440 2916 ratione
462 2872 629 2916 habifia
751 2877 804 2916 19
830 2872 971 2922 αὐτὸς
994 2873 1026 2915 Ι
1142 2876 1198 2915 20
1230 2879 1344 2929 γοῦν
1361 2873 1435 2916 ΙΒ
1448 2873 1492 2916 V
1605 2875 1660 2914 22
1685 2869 1786 2916 ἀλλ’

101 2928 163 2971 οὐ
195 2929 240 2973 V
262 2931 346 2973 sed.
370 2928 447 2975 ὀὐ
478 2945 535 2976 ex
565 2931 596 2975 ὰ
628 2946 730 2975 corr
751 2930 823 2975 m²
849 2940 854 2985 Ι
883 2930 1054 2974 ἄθλιον
1085 2932 1132 2975 Ρ
1161 2932 1243 2974 sed
1273 2932 1301 2974 ὑ
1335 2944 1474 2987 supra
1505 2947 1535 2973 α
1568 2930 1639 2973 m²

190 3009 386 3046 Lamnus
409 3013 467 3046 ed.
491 3013 728 3046 Foerster.
766 3014 839 3046 HL
1497 3010 1523 3046 4
