1992 3094
235 81 463 125 LIBANI'I
494 79 722 127 ORATIO
753 81 836 126 AD
869 81 1266 127 THEODOSIUM
1296 82 1415 127 PRO
1449 81 1642 127 CURHS
1704 83 1811 136 451

232 223 278 270 3.
330 221 665 270 Vaticanus
706 222 1026 270 Palatinus
1065 240 1143 286 gr.
1177 224 1280 271 282
1317 215 1412 288 (=
1437 216 1503 288 P)
1544 238 1667 271 saec.
1695 223 1816 271 XIV

116 297 201 344 fol.
232 297 376 357 1507,
409 296 546 344 cuius
577 297 630 343 in
661 296 884 360 margine
919 296 1134 345 Allatius
1166 297 1402 345 lectiones
1433 297 1598 345 varias
1632 297 1816 346 codicis

116 369 378 418 Barberim'
410 370 682 418 adnotavit.
754 369 1012 419 Correctus
1046 373 1122 419 est
1151 387 1302 418 manu
1334 371 1546 419 secunda
1586 387 1611 419 e
1647 372 1813 420 codice

118 460 143 492 e
192 460 289 506 quo
336 444 637 492 Barberinus
676 445 844 506 fiuxit3
891 445 950 493 cf.
982 461 1029 507 p.
1065 446 1272 506 459,11
1317 447 1367 493 et
1404 462 1450 508 p.
1488 447 1608 493 120.
1685 445 1815 494 Vide

116 521 151 566 t.
183 518 208 565 I
239 535 287 580 p.
316 520 385 566 20
402 532 472 580 sq.
553 517 767 567 Contuli.

229 594 275 640 4.
331 592 704 641 Marcianus
761 593 1024 655 append.
1079 591 1192 640 XCI
1233 594 1262 640 2
1307 586 1401 659 (=
1433 585 1482 659 Ι)
1539 608 1663 641 saec.
1695 592 1813 640 XIV

115 666 201 715 fol.
221 667 326 714 319
353 666 674 730 neglegenter
705 667 972 715 admodum
1004 669 1247 715 exaratus.
1302 666 1430 733 Vide
1454 668 1490 716 t.
1508 666 1533 713 I
1555 684 1602 729 p.
1624 668 1813 729 217sq.

116 738 329 789 Contuli.

230 817 275 862 5.
330 814 614 862 Urbinas
654 832 736 878 gr.
775 816 875 862 125
921 831 1046 863 saec.
1078 815 1197 862 XIV
1242 815 1326 863 fol.
1363 816 1483 863 128.
1561 814 1687 862 Vide
1726 814 1812 862 t.I

13 949 24 955 θ
114 906 161 951 p.
188 889 295 936 214
313 903 383 950 sq.

229 964 274 1011 6.
323 962 693 1011 Barberinus
725 963 777 1011 II
802 965 868 1011 41
906 957 1001 1030 (=
1026 957 1092 1030 B)
1127 978 1251 1011 saec.
1269 962 1363 1010 XV
1386 963 1637 1023 f01.186v,
1670 964 1811 1010 cuius

113 1038 167 1084 in
213 1038 437 1101 margine
476 1037 697 1085 Allatius
744 1038 982 1086 lectiones
1026 1039 1190 1086 varias
1238 1038 1420 1086 codicis
1458 1036 1682 1084 Palatini
1728 1037 1812 1085 ad-

114 1110 322 1160 notavit.
400 1110 527 1159 Vide
566 1114 600 1160 t.
634 1112 659 1158 I
697 1129 744 1174 p.
780 1113 847 1159 24
866 1128 937 1174 sq.
972 1114 1022 1159 et
1062 1113 1184 1160 236.
1261 1109 1475 1159 Contuli.

228 1188 273 1235 7.
328 1185 699 1234 Marcianus
750 1203 829 1250 gr.
864 1188 969 1234 437
1012 1179 1108 1251 (=
1140 1179 1216 1252 M)
1256 1201 1380 1233 saec.
1414 1185 1506 1231 XV
1545 1185 1630 1233 fol.
1667 1186 1810 1232 164*.

114 1259 242 1307 Vide
280 1261 316 1307 t.
348 1259 375 1306 I
412 1277 459 1321 p.
495 1261 599 1307 213
619 1276 690 1322 sq.
725 1262 775 1308 et
816 1261 935 1308 236.
1015 1258 1230 1308 Contuli.

227 1332 323 1389 Qui
361 1349 530 1382 omnes
571 1336 689 1382 sunt
728 1334 950 1382 familiae
989 1334 1185 1396 prioris.

226 1407 618 1456 Necessitudinis
642 1424 759 1456 vero
784 1409 1037 1456 vinculum
1063 1424 1159 1470 quo
1185 1409 1436 1456 coniuncti
1459 1408 1577 1455 sunt
1600 1410 1811 1456 stemma

115 1497 264 1544 supra
303 1498 351 1544 p.
384 1483 490 1530 402
532 1484 842 1544 propositum
873 1482 967 1530 tibi
999 1482 1229 1530 ostendit.
1298 1481 1441 1529 Unde
1481 1482 1631 1530 simul
1663 1481 1809 1530 discis

115 1556 268 1604 etiam
316 1557 370 1603 in
420 1556 514 1604 hac
565 1557 788 1605 oratione
838 1557 1075 1605 lectiones
1130 1555 1311 1604 codicis
1360 1555 1618 1604 Urbinatis
1673 1556 1810 1604 nullo

115 1629 411 1678 detrimento
452 1631 513 1678 ab
554 1632 800 1693 apparatu
839 1631 1010 1679 critico
1050 1630 1218 1678 abesse
1257 1645 1413 1692 posse.

227 1702 473 1760 Quattuor
510 1704 645 1753 locos
684 1705 975 1752 Maximus
1014 1696 1367 1770 Planudesl)
1409 1704 1664 1765 excerpsit.

226 1777 398 1826 Oratio
428 1780 647 1840 primum
681 1795 705 1826 e
739 1779 904 1827 codice
932 1780 1049 1827 Ma
1071 1778 1530 1841 Bongiovannio
1549 1771 1628 1844 (=
1642 1770 1808 1844 Bong)

113 1851 336 1900 Venetiis
384 1867 514 1900 anno
562 1853 703 1901 1754
751 1871 798 1915 p.
835 1854 1065 1901 70—87
1113 1854 1166 1900 in
1212 1853 1373 1900 lucem
1418 1854 1674 1913 protracta
1721 1854 1809 1900 est.

112 1925 364 1975 Vitiorum
410 1926 588 1989 quibus
635 1927 787 1974 editio
840 1929 998 1975 scatet
1044 1927 1260 1988 plurima
1303 1925 1572 1974 divinando
1613 1927 1811 1974 sanavit

114 1999 398 2048 Reiskius
422 2000 924 2049 Animadversionum
948 2001 1201 2048 volumine
1234 2001 1408 2062 quinto
1440 2015 1486 2061 p.
1515 2000 1809 2060 516—524,

113 2075 355 2122 nonnulla
408 2090 500 2136 ope
556 2075 736 2123 codicis
792 2074 1073 2138 Augustani
1126 2076 1178 2121 in
1230 2074 1444 2122 editione
1492 2089 1640 2135 quam
1687 2089 1811 2122 uxor

114 2148 265 2210 prelis
320 2149 568 2197 commisit
605 2151 640 2195 t.
680 2148 732 2196 II
770 2165 818 2210 p.
853 2149 1175 2196 570—587.
1263 2148 1319 2195 In
1376 2148 1506 2201 hanc
1552 2142 1808 2195 ‘Animad-

114 2217 383 2271 versiones'
419 2225 647 2284 receptae
695 2225 810 2270 sunt
854 2224 929 2270 ita
975 2225 1032 2269 ut
1077 2222 1211 2269 haud
1251 2222 1402 2270 semel
1413 2215 1455 2288 Β)
1496 2236 1607 2269 cum
1645 2224 1806 2284 poste-

113 2295 327 2344 rioribus
366 2296 715 2358 discreparent.

236 2453 278 2507 1)
312 2451 377 2495 Cf.
402 2453 436 2496 t.
460 2451 482 2494 I
504 2467 550 2508 p.
570 2455 624 2495 73
635 2466 703 2508 sq.
854 2454 898 2509 2)
932 2450 998 2496 cf.
1023 2452 1159 2495 notas
1190 2455 1262 2508 49,
1288 2457 1358 2506 51,
1384 2456 1438 2496 52
1470 2451 1674 2508 paginae
1707 2454 1806 2495 578.

783 2692 1137 2700 —ss—

1449 2968 1537 3011 29*
