1992 3094
189 105 299 156 400
706 102 929 146 LIBANII
962 102 1185 147 ORATIO
1219 101 1363 145 XLVI

188 246 287 292 τοῦ
326 238 650 307 Λυσιμάχου
698 245 898 290 τοῦτον
943 236 1014 290 ὀὲν
1060 235 1326 306 ἐδεξάμην
1364 238 1464 290 τὸν
1511 239 1681 305 λόγον
1721 233 1882 302 οὗτός

189 347 246 380 τε
285 328 386 396 τὴν
425 326 526 379 οὐκ
566 322 740 379 οὖσαν
779 325 1027 395 ἀνάγκην
1065 327 1317 379 αἰτιᾶται.
1395 325 1528 379 οὐδὲ
1566 327 1671 396 γὰρ
1711 325 1881 397 ἀκοὴν

190 416 453 483 τοιαύτην
508 413 715 476 ἐκεῖνος
768 415 1000 482 ἤνεγκεν
1056 415 1138 466 ἄν.
1215 410 1248 482 ἧ
1301 432 1412 466 που
1466 433 1530 482 γε
1582 410 1737 467 εἶπεν
1791 417 1880 469 ἄν·

192 502 343 556 ἀλλ’
382 503 414 556 ἃ
469 504 870 555 διανοεῖται
925 503 1099 573 δρᾶν
1151 503 1272 555 τὸν
1326 505 1682 570 φιλοῦντα
1739 505 1880 557 δει-

147 593 539 645 5κνύουσιν
589 591 654 643 αἱ
709 592 936 655 στοαί;
992 589 1108 644 ἀλλ’
1157 590 1290 644 οὐδὲ
1345 591 1402 643 αἱ
1455 593 1717 661 πρότεραι
1770 601 1882 645 τῶν

193 681 511 750 φιλούντων
548 674 690 747 ἦσαν
727 680 828 748 τὴν
865 681 1047 747 πόλιν,
1092 677 1208 732 ἀλλ’
1242 677 1470 742 ἑαυτοὺς
1509 688 1683 749 πηγῆς
1722 689 1881 744 στοᾶς

194 767 417 837 ἑκάστης
463 775 673 837 χρυσοῦ
721 767 1149 836 καθισταμένης,
1198 775 1294 836 τῆς
1342 765 1390 820 δ’
1439 767 1606 836 αὐτῆς
1650 767 1742 822 καὶ
1789 770 1883 823 δα·
1955 771 1971 805 ss*

191 858 389 925 κρύων.
466 857 532 909 τὰ
578 858 682 925 γὰρ
732 857 798 924 δὴ
854 866 1042 925 πρῶτα
1087 865 1199 909 τῶν
1246 866 1426 909 στοῶν
1479 857 1671 910 οἰκιῶν
1722 878 1882 912 κατα-

193 943 399 1014 σκαφαὶ
453 946 659 1007 πολλὰς
712 946 902 1012 γενεὰς
956 944 1290 1014 δεξαμένων,
1346 943 1472 998 ὥστ’
1519 945 1707 1009 αὐτοῖς
1760 946 1882 1001 ἀντὶ
1962 942 1972 994 'f

127 1055 169 1087 10
194 1035 454 1102 οἰκήσεως
499 1033 763 1101 γενέσθαι
809 1035 876 1086 τὰ
920 1042 1032 1086 τῶν
1079 1035 1259 1087 λίθων
1304 1035 1564 1103 χρήματα.
1647 1036 1768 1102 ἄγει
1815 1036 1881 1105 δὴ
1959 1047 1973 1109 {3

192 1121 282 1176 καὶ
327 1130 530 1176 τοῦτον
576 1122 604 1176 ὁ
653 1123 818 1185 αὐτὸς
865 1123 1128 1191 λογισμὸς
1175 1120 1263 1175 ἐπὶ
1315 1129 1498 1175 ταῦτα.
1582 1122 1672 1176 καὶ
1720 1126 1884 1193 λόγος

193 1210 494 1282 εὐρυτέραν
539 1211 712 1264 αὐτὸν
757 1212 858 1280 τὴν
904 1210 1038 1264 ὁδὸν
1085 1212 1177 1264 διὰ
1223 1219 1387 1274 στοᾶς
1431 1213 1709 1281 ποιήσειν,
1765 1207 1884 1266 εἶθ’
1952 1218 1971 1284 ,¹

192 1298 263 1352 ἵν’
303 1299 570 1369 εὐρυτέρα
616 1303 883 1370 παλαιστῇ
930 1299 1178 1369 γένηται,
1224 1300 1400 1369 τάφος
1439 1299 1580 1363 ἅπας
1620 1299 1883 1355 ἀποκεκά-
1951 1344 1981 1365 -,

104 1401 146 1445 R
167 1400 310 1444 11493
343 1393 541 1442 λυπται
582 1389 672 1442 καὶ
710 1391 856 1458 θήκη
893 1390 899 1455 Ι
934 1397 1082 1441 πᾶσα
1118 1389 1491 1457 καθύβρισται
1520 1389 1611 1442 καὶ
1642 1399 1754 1443 τῶν
1784 1392 1883 1459 τὴν

129 1499 170 1531 15
193 1479 357 1530 πόλιν
396 1478 738 1546 οἰκησάντων
768 1478 835 1530 τὰ
875 1477 1009 1531 ὀστᾶ
1050 1477 1377 1548 διέρριπται,
1418 1478 1586 1541 αἰδὼς
1626 1475 1687 1531 δὲ
1726 1478 1882 1532 οὐδε-

194 1567 290 1632 μία
327 1574 543 1635 νεκροῖς
582 1565 802 1635 ἀνδρῶν
841 1565 1086 1634 ἀγαθῶν.
1951 1555 1955 1562 ’

304 1653 390 1706 45.
455 1653 610 1707 Ἀλλὰ
649 1654 1040 1724 ἀντίκρουσον,
1088 1652 1128 1708 ὦ
1169 1657 1424 1724 βασιλεῦ,
1471 1653 1563 1708 καὶ
1607 1657 1738 1719 τοὺς
1774 1675 1882 1709 κει-

195 1741 395 1808 μένους
447 1741 674 1812 ἐλέησον
736 1742 826 1796 καὶ
887 1746 1127 1814 τήρησον
1189 1742 1398 1816 ἑκάστῳ
1460 1745 1526 1797 τὰ
1585 1749 1883 1798 τελευταῖα.

197 1831 328 1884 οὐδὲ
365 1832 469 1902 γὰρ
511 1831 665 1895 ἀδεὲς
706 1838 836 1895 ἴσως
873 1834 1140 1896 τοσαύτας
1179 1834 1357 1902 ψυχὰς
1399 1831 1773 1899 ἐκπολεμῶσαι
1817 1840 1881 1904 τῇ

131 1943 174 1975 20
197 1921 353 1972 πόλει
397 1918 489 1973 καὶ
533 1929 758 1989 ποιῆσαι
805 1922 1094 1990 δυσμενεῖς
1140 1930 1253 1984 τοῖς
1307 1919 1408 1990 μὲν
1463 1920 1536 1984 ὡς
1582 1921 1882 1990 ἠδικηκόσι,

195 2016 310 2070 τοῖς
349 2009 410 2061 δὲ
449 2009 522 2071 ὡς
558 2009 903 2078 ἠμεληκόσιν.

316 2159 341 2198 3
371 2149 400 2210 ἦ
432 2170 524 2199 που
554 2155 742 2212 reposui
772 2169 796 2198 e
827 2155 961 2198 libris
1033 2154 1156 2210 ἤπου
1188 2155 1255 2199 Re
1288 2155 1370 2210 qui
1402 2155 1626 2199 nonnulla
1659 2153 1881 2199 excidisse

199 2213 302 2256 coni
433 2219 460 2257 4
492 2211 590 2257 ἀλλ’
619 2213 649 2258 ἃ
675 2214 838 2271 scripsi
871 2228 976 2258 cum
1000 2215 1045 2258 B
1107 2214 1221 2258 ἀλλὰ
1243 2214 1415 2270 reliqui
1436 2213 1547 2258 libri
1571 2215 1639 2258 Re
1667 2214 1674 2272 Ι
1701 2212 1882 2259 δεικνύ-

198 2286 329 2316 ουσιν
353 2273 517 2329 scripsi
579 2270 815 2318 δείκνυσιν
838 2273 948 2317 libri
971 2273 1040 2318 Re
1147 2278 1171 2316 6
1197 2276 1374 2331 πληγῆς
1400 2274 1444 2317 V
1551 2278 1574 2316 7
1600 2272 1794 2318 ἑκάστου
1818 2273 1854 2317 I
1871 2271 1877 2331 Ι

198 2331 369 2388 χρυσὸν
402 2332 444 2375 V
584 2337 607 2375 9
650 2332 812 2388 γενεὰς
850 2332 1015 2388 scripsi
1106 2340 1276 2389 γενεῶν
1315 2332 1423 2376 libri
1461 2331 1530 2376 Re
1570 2332 1651 2375 sed
1691 2331 1880 2387 „malim

199 2389 394 2446 γενεάς“
426 2390 668 2435 adnotavit
805 2397 858 2434 13
891 2390 958 2435 ἵν’
984 2393 1031 2436 Ρ
1059 2392 1140 2435 sed
1161 2389 1184 2406 '⁵'
1215 2391 1264 2434 in
1295 2405 1370 2435 ras
1400 2391 1471 2434 m²
1613 2395 1667 2435 14
1697 2389 1813 2449 θίβη
1843 2388 1884 2432 V

261 2483 313 2521 15
347 2452 621 2523 olupoozvvmv
653 2481 698 2524 A
782 2467 1072 2537 οἰκῆσάντων
1103 2481 1138 2523 Ι
1197 2479 1484 2535 οἰκησάντων
1514 2479 1683 2535 reliqui
1714 2477 1824 2522 libri

201 2536 474 2582 οἰκισάντων
506 2538 573 2581 Re
601 2541 606 2594 Ι
635 2538 746 2583 οὐδὲ
777 2537 860 2595 μία
891 2541 936 2583 Α
1059 2543 1109 2581 21
1146 2538 1393 2595 ἠμεληκόσι
1428 2538 1586 2583 ΟΑΡΙ
1611 2538 1680 2582 Re
1714 2541 1720 2595 Ι
1758 2535 1883 2587 τέλος

198 2603 279 2639 τοῦ
312 2596 430 2640 κατὰ
462 2595 744 2653 φλωρεντίου
777 2598 938 2641 subscr
968 2599 1026 2652 A,
1059 2598 1179 2641 κατὰ
1211 2596 1495 2652 φλωρεντίου
1526 2598 1573 2641 Ρ
