1992 3094
170 72 276 125 388
685 71 913 114 LIBANII
944 70 1168 116 ORATIO
1201 71 1344 115 XLVI

283 207 365 260 19.
432 205 586 259 Ἀλλὰ
624 212 795 259 ταῦτα
829 203 931 274 μὲν
969 204 1074 259 κᾶν
1104 205 1402 277 ἀρνήσαιτό
1441 227 1540 275 τις,
1580 205 1757 260 ἐκεῖνο
1799 207 1860 261 δὲ

77 309 186 354 RH
204 314 289 352 474
323 296 424 348 οὐκ
473 298 584 347 ἔστι
631 304 743 347 τῶν
787 295 1123 363 πραγμάτων
1176 296 1451 362 βοώντων.
1502 294 1508 367 Ι
1559 295 1859 366 ἀπεδείχθη

171 385 456 452 καταγωγὴ
495 391 609 446 τοῖς
650 383 834 435 ἰοῦσιν
874 382 960 452 ἐφ’
999 384 1184 436 ἵππων
1226 383 1361 436 ὁδὸν
1397 383 1429 452 ἢ
1469 386 1680 454 πολλὴν
1718 385 1751 454 ἢ
1792 384 1858 438 οὐ

172 475 397 540 πολλήν.
484 480 547 541 τῇ
597 470 670 539 δ’,
726 464 901 540 οἶμαι,
956 479 1243 542 καταγωγῇ
1294 473 1463 543 ταύτῃ
1518 474 1603 526 δεῖ
1654 477 1861 527 κλινῶν

125 583 146 615 5
171 561 548 630 ἐστρωμένων,
602 563 903 629 τραπεζῶν,
958 570 1071 613 τῶν
1116 558 1205 613 ἐπὶ
1251 562 1464 614 τούτων
1510 559 1860 631 ἐκπωμάτων,

171 651 477 718 ὀψοποιῶν,
524 658 637 702 τῶν
675 649 1095 717 ὑπολυσόντων,
1142 658 1254 702 τῶν
1294 649 1708 719 ἆπονιψόντων,
1751 660 1862 704 τῶν

169 742 377 808 πόρνας
416 737 686 806 ἀξόντων,
733 747 844 790 τῶν
885 738 1130 807 ἰατρούς,
1179 738 1227 791 εἰ
1274 739 1500 806 δεήσειε.
1575 740 1754 793 πάντα
1794 740 1861 808 δὴ

170 834 340 880 ταῦτα
393 827 481 879 καὶ
536 823 612 878 ἔτι
667 828 836 879 πλείω
885 827 1030 889 τίνες
1085 827 1136 879 οἱ
1193 826 1543 897 παρέχοντες;
1600 823 1754 880 οὗτοι
1808 829 1866 882 οἵ

172 916 613 984 μαστιγούμενοι.
691 913 795 968 κᾶν
843 918 1116 986 συντρίψῃ
1156 916 1370 969 τούτων
1407 915 1440 985 ἢ
1482 919 1576 969 καί
1609 936 1691 980 τις
1728 916 1863 986 ὑφέ-

104 1027 148 1059 10
175 1007 334 1072 ληταί
368 1024 438 1072 τι,
475 1006 605 1066 τοὺς
645 1003 845 1066 αὐτοὺς
881 998 1022 1056 εἶναι
1062 1005 1147 1057 δεῖ
1184 1006 1470 1074 χορηγούς.
1538 1006 1628 1058 καὶ
1667 1006 1862 1059 πολλοὶ

172 1102 283 1146 τῶν
329 1093 602 1145 διακόνων
650 1092 786 1162 ὀργῇ
835 1102 945 1145 τῶν
992 1093 1165 1145 αὐτοῦ
1215 1094 1643 1147 καταλυσάντων
1689 1093 1860 1166 ἀδίκῳ

171 1183 554 1250 περιπεσόντες
586 1181 887 1249 ἀπέθανον,
927 1182 1017 1234 καὶ
1050 1183 1140 1234 δεῖ
1166 1185 1403 1250 χρήμασι
1437 1184 1702 1235 πείσαντα
1732 1185 1862 1245 τοὺς

171 1271 384 1323 τούτων
422 1279 606 1337 γονεῖς
645 1274 938 1322 σεσῶσθαι.
1015 1269 1151 1338 αὕτη
1190 1270 1223 1339 ἡ
1264 1271 1576 1339 καταγωγή,
1615 1273 1860 1340 βασιλεῦ,

173 1360 306 1411 κατὰ
359 1368 471 1411 τῶν
524 1361 783 1426 καπήλων
837 1357 1063 1427 ἐκτίσθη
1125 1357 1219 1429 καὶ
1272 1359 1301 1411 ὅ
1363 1379 1415 1412 τι
1478 1358 1547 1412 ἂν
1601 1358 1793 1430 ἐνέγκῃ
1852 1357 1857 1432 Ι

83 1460 126 1504 R
148 1460 291 1503 11475
324 1447 384 1499 τὸ
416 1450 731 1515 καπηλεῖον,
766 1447 969 1499 τούτου
999 1448 1060 1499 τὸ
1096 1446 1268 1500 πλέον
1307 1446 1479 1501 ἐκεῖσε
1516 1449 1862 1519 πεπόρευται.

108 1558 150 1590 16
175 1536 311 1604 πρὸς
347 1536 451 1605 γὰρ
493 1531 562 1587 αὗ
602 1544 718 1598 τοῖς
750 1536 937 1597 ἄλλοις
969 1539 1312 1603 σεσυλῆσθαι
1352 1537 1656 1605 φάσκοντες
1695 1537 1863 1592 οὐδὲν

174 1631 391 1678 τοιοῦτο
423 1626 767 1686 πεπονθότες
800 1625 892 1676 διὰ
921 1633 1033 1677 τῶν
1064 1630 1365 1693 μισθωτῶν
1403 1623 1492 1677 ἐπὶ
1530 1628 1662 1688 τοὺς
1692 1629 1862 1695 καπή-

176 1717 304 1775 λους
346 1714 520 1775 ἰόντες
559 1714 784 1765 σείουσι.

286 1802 371 1853 20.
421 1802 625 1870 Καιρὸς
663 1802 730 1869 δὴ
771 1810 880 1854 τῶν
918 1800 1263 1871 γιγνομένων
1302 1799 1363 1854 ἐν
1401 1810 1520 1865 ταῖς
1549 1812 1661 1856 τῶν
1701 1819 1862 1875 στρα-

107 1913 153 1944 20
177 1899 359 1958 τηγῶν
392 1890 674 1958 διαδοχαῖς
702 1889 949 1943 ἐνταῦθα
980 1895 1316 1959 μνησθῆναι,
1349 1893 1592 1959 βασιλεῦ.
1653 1894 1735 1955 τίς
1759 1889 1864 1946 οὖν

175 1979 207 2046 ἡ
241 1981 419 2046 ζημία;
458 1977 611 2031 κεναὶ
652 1979 922 2048 τράπεζαι,
961 1978 1182 2047 <κενοὶ>
1213 1980 1388 2032 πίθοι.
1457 1980 1524 2032 τὰ
1562 1977 1663 2048 μὲν
1693 1984 1864 2036 πωλεῖ

176 2065 277 2136 μὲν
309 2067 336 2119 ὁ
369 2067 715 2135 πεπαυμένος
747 2067 908 2137 ὁμοίᾳ
940 2065 1031 2119 καὶ
1068 2067 1233 2130 αὐτὸς
1265 2067 1479 2138 ἁρπαγῇ
1510 2070 1862 2139 κτησάμενος,

175 2164 363 2208 κτᾶται
411 2154 460 2207 δ’
507 2156 535 2209 ὁ
583 2157 683 2224 τὴν
730 2155 904 2225 ἀρχὴν
950 2154 1328 2225 ἐκδεξάμενος,
1384 2157 1461 2219 εἰς
1508 2159 1610 2226 τὴν
1655 2158 1863 2229 ἡμέραν

174 2244 394 2311 βλέπων
432 2242 493 2296 ἐν
531 2238 564 2312 ᾗ
603 2243 693 2296 καὶ
739 2244 903 2307 αὐτὸς
942 2252 1112 2297 ταῦτα
1151 2244 1508 2299 ἀποδώσεται.

296 2467 320 2504 2
355 2462 420 2514 ἔξι
451 2461 553 2506 Mor
585 2461 666 2506 sed
697 2479 751 2519 γρ
785 2462 928 2515 ἔξεστι
958 2463 1007 2506 in
1039 2476 1173 2520 marg
1374 2469 1399 2506 3
1432 2464 1677 2522 καταγωγὴ
1709 2466 1757 2509 in
1788 2466 1862 2510 lac

179 2526 308 2564 3—-4
340 2521 419 2564 litt
451 2535 525 2564 om
557 2521 600 2563 V
715 2527 742 2565 4
773 2528 826 2579 τῇ
861 2522 910 2566 δὲ
943 2522 1011 2566 Re
1071 2524 1180 2579 τῇδε
1211 2522 1312 2566 Mor
1339 2525 1344 2579 Ι
1373 2525 1553 2576 κλινῶν,
1587 2530 1861 2581 στρωμνῶνῗ

238 2586 262 2623 5
295 2580 474 2631 τούτοις
506 2582 550 2624 Β
683 2584 708 2623 9
741 2582 821 2624 καὶ
852 2580 953 2624 Mor
981 2583 986 2636 Ι
1015 2578 1245 2639 συντρίψῃ
1278 2581 1442 2637 scripsi
1504 2585 1722 2641 συντριβῇ
1753 2584 1862 2628 libri

178 2639 267 2682 edd
405 2644 456 2682 12
489 2637 713 2682 πείσαντα
745 2639 847 2683 Mor
878 2640 958 2684 sed
991 2657 1045 2697 γρ
1078 2638 1328 2691 πείσαντας
1357 2640 1406 2683 in
1437 2654 1571 2698 marg
1707 2647 1760 2685 14
1795 2640 1862 2687 ὅτι

179 2699 252 2742 IB
285 2700 332 2741 eb
361 2715 415 2754 γρ
448 2697 497 2740 in
528 2711 662 2755 marg
691 2697 793 2741 Mor
934 2704 986 2742 15
1019 2699 1265 2754 πορεύεται
1307 2700 1350 2743 V
1404 2700 1731 2754 περπερεύεται
1761 2701 1862 2746 Mor

241 2761 291 2799 17
324 2763 536 2800 τοιοῦτον
568 2757 613 2799 Β
764 2761 817 2800 21
851 2757 979 2802 κενοὶ
1010 2757 1186 2801 inserui
1235 2760 1240 2814 Ι
1290 2774 1347 2801 τα
1377 2759 1412 2800 Ι
1566 2763 1621 2802 23
1653 2759 1706 2804 δὲ
1736 2761 1803 2804 Re

178 2811 243 2857 δι’
273 2815 374 2858 Mor
415 2817 420 2870 Ι
472 2813 495 2859 ὃ
528 2815 629 2859 Mor
677 2818 682 2872 Ι
734 2815 758 2859 ὁ
791 2816 856 2867 εἰς
886 2817 988 2860 Mor
1141 2821 1196 2859 24
1227 2817 1519 2861 ἀποδώσεται
1550 2819 1595 2861 A
1627 2819 1708 2862 sed
1740 2837 1774 2863 ω
1807 2832 1862 2862 ex

179 2889 204 2916 ο
238 2887 338 2916 corr
368 2873 437 2916 m²
