1992 3094
177 106 261 149 XII
717 103 1058 148 PRAEFATIO
1093 101 1330 147 CRITICA

179 244 344 309 μάτων
383 244 435 294 τὸ
477 242 700 310 μέγιστον
747 243 876 312 αὐτῷ
918 241 1260 308 προσθέντων,
1312 239 1398 289 τὸν
1444 239 1535 306 γὰρ
1581 247 1668 304 τῆς
1716 239 1872 304 αὐλῆς

179 318 388 383 ἔπαρχον
436 317 569 384 μέχρι
615 318 944 410 προσηγορίας
992 316 1114 381 ἔχειν
1163 313 1410 379 ἐκέλευον,
1466 313 1556 363 οὐκ
1607 311 1870 373 ἀπεδέξατο

178 391 342 455 φήσας
389 391 472 441 τὸν
520 390 760 455 σοφιστὴν
811 394 935 439 εἰναι
984 391 1192 454 μείζονα.
1275 387 1358 437 καὶ
1407 387 1549 437 τοῦτό
1601 386 1730 436 ἐστιν
1777 385 1870 436 οὐκ

179 462 339 531 ὀλίγος
379 465 602 529 ἔπαινος,
650 464 722 514 ὅτι
770 465 916 528 δόξης
955 463 1162 513 ἐλάττων
1202 461 1328 528 ἀνὴρ
1371 462 1527 526 μόνης
1567 461 1742 525 η’ττητο
1782 468 1871 526 τῆς

178 538 286 605 περὶ
326 539 440 598 τοὺς
478 539 669 604 λόγους,
710 538 799 602 τὴν
839 536 891 587 δὲ
928 535 1079 601 ἀλλην
1113 536 1318 600 δημώδη
1351 534 1433 584 καὶ
1465 535 1718 600 βάναυσον
1749 534 1867 584 ὑπε-

178 613 436 677 λάμβανεν.
533 613 716 661 Probat
768 613 1126 660 Herwerdenus
1181 611 1313 673 quod
1372 610 1547 672 scripsi
1605 607 1869 667 ἀπεδέξατο

177 703 266 749 pro
307 686 575 745 ἐπεδείξατο
618 690 667 734 et
707 688 958 749 amplexus
999 686 1131 747 quod
1179 684 1360 732 conieci
1405 683 1458 733 τὸ
1498 699 1587 745 pro
1627 683 1712 733 τὸν
1751 685 1868 732 scri-

176 761 390 808 bendum
437 762 617 809 conicit
663 758 897 826 έπάρχου,
946 760 1078 822 quod
1124 774 1214 822 ego
1260 758 1589 820 probaverim.
1666 757 1736 804 At
1775 756 1867 806 οὐκ

177 837 290 882 ante
322 833 528 883 ἐλάττων
559 835 775 883 inserens
804 835 884 882 vel
914 835 1006 882 1100
1039 850 1148 882 cum
1179 831 1407 898 κρείττων
1437 834 1638 880 mutans
1671 847 1869 880 sensum

176 908 401 969 invertit,
446 925 562 956 nam
611 907 774 970 φήσας
816 906 900 956 τὸν
945 906 1185 971 σοφιστὴν
1225 900 1351 955 εἶναι
1390 905 1587 969 μείζονα
1624 905 1867 954 Libanius

176 984 282 1030 erat
321 981 467 1044 δόξης
506 980 728 1046 ἐλάττων,
769 984 821 1029 at
861 981 1016 1045 μόνης
1047 980 1223 1045 ἥττητο
1263 986 1350 1044 τῆς
1388 977 1497 1044 περὶ
1536 978 1650 1037 τοὺς
1690 978 1870 1044 λόγους

176 1071 238 1103 sc.
273 1054 432 1118 δόξης.

931 1217 1022 1266 Or.
1062 1218 1100 1266 Ι.

284 1366 329 1410 p.
357 1350 442 1411 80,
463 1352 529 1398 10
577 1348 628 1398 ἐν
675 1350 736 1414 δὴ
787 1351 981 1417 μεγίστῃ
1031 1350 1283 1416 μεγίστους
1322 1344 1449 1398 εἶναι
1495 1346 1680 1414 συνέβη
1719 1346 1865 1414 γένος

173 1421 356 1486 τούμὸν
394 1423 588 1491 παιδεία
623 1442 669 1472 τε
708 1422 789 1472 καὶ
829 1423 1021 1493 πλούτῳ
1061 1422 1143 1472 καὶ
1181 1424 1433 1489 χορηγίαις
1463 1421 1546 1471 καὶ
1585 1421 1739 1488 ἀγῶσι
1780 1421 1866 1471 καὶ

173 1495 332 1560 λόγοις
373 1495 478 1545 ὅσοι
517 1501 696 1563 φοραῖς
734 1496 982 1564 ἀρχόντων
1022 1496 1315 1546 ἀπαντῶσιν.
1389 1497 1486 1546 Pro
1527 1501 1706 1561 φοραῖς
1746 1497 1866 1544 scri-

172 1569 385 1617 bendum
417 1572 624 1620 coniecit
656 1571 859 1636 θρόνοις
883 1573 1075 1620 Asmus.
1137 1573 1206 1620 Et
1236 1587 1352 1620 sane
1384 1572 1437 1618 in
1468 1569 1675 1636 θρόνοις
1699 1568 1864 1635 ἀρχῶν

173 1643 389 1691 dicendis
428 1645 614 1693 multus
654 1649 728 1694 est
764 1646 1002 1694 Libanius
1036 1640 1120 1713 (ef.
1145 1648 1179 1694 t.
1204 1646 1282 1693 ΠΙ
1307 1647 1429 1707 290,
1449 1647 1502 1705 2;
1536 1646 1660 1706 433,
1680 1646 1746 1692 22
1766 1661 1860 1706 sq.·
1849 1682 1866 1707 ,

174 1718 295 1776 467,
316 1710 393 1782 7),
441 1721 493 1765 at
539 1719 590 1765 in
636 1719 764 1766 hunc
810 1721 972 1768 locum
1010 1736 1108 1768 non
1147 1720 1407 1781 quadrant.
1485 1719 1624 1766 Nihil
1663 1721 1862 1766 mutan-

173 1790 301 1837 dum.
364 1790 498 1855 λόγοι
531 1791 635 1840 ὅσοι
667 1797 846 1855 φοραῖς
874 1791 1122 1859 ἀρχόντων
1146 1791 1429 1841 ἀπαντῶσιν
1462 1795 1576 1841 sunt
1610 1794 1863 1841 orationes

173 1879 299 1924 quae
338 1864 566 1913 libidines
605 1868 990 1929 magistratuum
1027 1869 1325 1931 impugnant
1365 1860 1448 1934 (cf.
1482 1870 1517 1914 t.
1549 1867 1627 1914 HI
1652 1860 1858 1933 448‚5).

174 1936 414 1985 Similiter
459 1939 584 1987 dixit
629 1939 865 1989 Libanius
912 1944 946 1988 t.
986 1942 1063 1989 ΠΙ
1102 1943 1225 2002 461,
1245 1943 1310 1988 22
1362 1939 1632 2005 στρατηγὸν
1681 1940 1864 1989 δοῦλον

175 2007 322 2075 ὀργῆς
361 2009 442 2059 καὶ
482 2012 653 2074 μεστὸν
693 2022 864 2078 φορᾶς.

286 2083 408 2131 Cum
446 2086 537 2133 1100
577 2087 819 2149 coniungo
859 2105 905 2150 p
934 2090 1017 2149 83,
1033 2092 1059 2137 7
1101 2085 1419 2146 ἀντεξετάζων
1459 2087 1521 2151 δη
1561 2106 1632 2146 τις
1670 2086 1727 2135 τὰ
1765 2094 1865 2136 νῦν

175 2152 277 2221 [τὰ]
318 2158 535 2222 παρόντα
573 2158 798 2224 ἐκείνοις,
845 2162 1030 2225 βουλῆς
1076 2159 1195 2227 λέγω
1244 2161 1501 2225 φροντίσιν
1548 2158 1580 2225 ὴ
1628 2161 1788 2220 δίκαις
1826 2157 1862 2224 ὴ

173 2228 254 2277 καὶ
303 2250 361 2293 νη
404 2231 499 2279 Δία
545 2251 597 2297 γε
645 2234 849 2298 θρόνοις
895 2233 1082 2300 ἀρχῶν,
1129 2235 1189 2284 οὐ
1235 2238 1452 2298 χαλεπῶς
1499 2255 1560 2283 αν
1606 2233 1688 2283 καὶ
1731 2234 1862 2284 ου’τω

172 2298 218 2367 γ’
254 2301 476 2368 ἀνεύροι,
523 2304 760 2372 ποτέρωσε
806 2315 947 2356 τοῦτο
994 2307 1150 2367 τιθεὶς
1193 2305 1358 2374 ὀρθῶς
1397 2305 1458 2356 ἀν
1496 2308 1570 2372 εἴη
1612 2308 1862 2371 τεθεικώς,

172 2377 255 2424 ubi
294 2377 498 2441 θρόνοις
547 2396 576 2427 a
620 2397 697 2428 me
741 2396 851 2428 cum
893 2381 1075 2430 Cobeto
1115 2383 1385 2445 repositum
1425 2383 1637 2431 Fritzius
1677 2400 1722 2445 p.
1751 2383 1858 2430 259

173 2450 420 2511 improbat
457 2453 535 2500 vel
583 2453 757 2517 φόροις
795 2456 873 2502 vel
913 2460 1092 2522 φοραῖς
1129 2471 1420 2518 proponens.
1498 2456 1568 2504 At
1606 2456 1757 2504 verba
1795 2456 1859 2503 ab

173 2524 392 2572 oratione
439 2527 651 2573 secunda
698 2526 729 2588 ἓ
764 2530 831 2575 33
852 2544 920 2590 sq.
956 2523 1025 2594 (p.
1061 2532 1182 2590 249,
1203 2532 1266 2577 11
1288 2523 1383 2596 sq.)
1430 2530 1589 2577 lucem
1636 2531 1859 2592 accipere

172 2612 389 2645 asserens
431 2614 460 2646 a
499 2615 642 2647 sensu
682 2617 850 2648 eorum
891 2603 1151 2651 aberravit.
1222 2607 1401 2666 φοραῖς
1439 2604 1584 2665 plane
1622 2604 1854 2651 intolera-

170 2668 267 2717 bile
315 2673 402 2718 est.
478 2672 550 2720 Ac
597 2690 656 2721 ne
704 2674 762 2722 de
810 2675 983 2738 φόροις
1031 2677 1230 2738 quidem
1276 2674 1436 2741 ἀρχῶν
1484 2680 1597 2738 apte
1645 2676 1856 2740 cogitari

171 2742 311 2791 docet
357 2745 491 2792 locus
535 2748 569 2792 t.
608 2747 684 2793 ΙΠ
724 2749 927 2808 407,15
949 2765 1018 2810 sq
1067 2750 1126 2798 οἵ
1167 2750 1556 2813 κομιούμενοι
1602 2749 1702 2799 τὸν
1750 2747 1853 2812 φό-

167 2833 272 2880 ρον
317 2844 377 2849 -
431 2815 700 2881 ηπείλησαν
747 2820 894 2879 τοὺς
941 2819 1266 2887 ἄρχοντας.
1346 2822 1469 2871 Cum
1514 2824 1699 2887 βουλης
1737 2839 1855 2871 vero

174 2890 430 2954 φροντίσιν
470 2895 519 2938 et
559 2892 717 2950 δίκαις
755 2895 879 2941 nihil
920 2897 1083 2956 aptius
1132 2913 1279 2958 quam
1319 2896 1495 2962 θρόνοι
1542 2895 1703 2962 ἀρχῶν
1742 2912 1852 2944 con-
