1992 3094
215 145 318 197 132
719 143 946 187 LIBANII
978 141 1203 187 ORATIO
1235 141 1384 185 XXXI

209 289 343 342 νοῦς
358 279 448 333 καὶ
466 280 682 348 φαύλης
699 277 888 342 ἔδοξεν
904 274 1051 331 εἷναί
1063 297 1156 346 μοι
1175 278 1442 345 διανοίας,
1469 277 1590 330 δεῖν
1608 277 1668 330 δὲ
1683 278 1902 340 τούτοις

123 381 163 424 R
183 381 323 424 11211
366 367 503 431 ἅπαξ
543 374 715 421 κακοῦ
756 365 1079 435 ἐπικουρίαν
1119 364 1362 435 ἐξευρεῖν
1418 367 1425 430 Ι
1482 373 1547 435 τῇ
1585 367 1761 435 βουλῇ
1800 365 1902 434 μὲν
1985 387 1989 390 ·

212 459 442 524 ἄλυπον,
502 464 618 518 τοῖς
679 453 740 508 δὲ
794 455 1059 525 ῥήτορσιν
1119 453 1465 523 ἀποχρῶσαν.
1559 452 1641 507 15.
1704 456 1896 508 πολλαὶ

211 545 311 614 μὲν
366 540 470 597 οὖν
522 544 859 613 ἠγορεύοντο
914 552 1152 611 γνῶμαι,
1215 543 1511 611 καλλίστην
1561 542 1624 596 δὲ
1677 542 1894 596 ἀπασῶν

171 657 188 688 5
214 632 303 686 καὶ
351 634 562 685 δυνατὰ
608 636 878 701 ζητοῦσαν
914 631 1204 700 ἡγησάμην
1242 631 1313 699 ἣν
1351 638 1459 684 νῦν
1508 630 1903 700 ἀποφανοῦμαι

214 719 436 790 δεηθεὶς
481 721 637 788 ὑμῶν
685 723 818 774 ἄνευ
866 722 1125 790 θορύβου
1170 729 1282 773 τῶν
1328 723 1611 789 λογισμῶν
1657 720 1904 773 ἀκοῦσαι.

213 810 343 863 νυνὶ
381 811 485 879 γὰρ
526 810 666 876 ὑμᾶς
704 810 806 862 οὐκ
839 809 1110 879 ἀργύριον
1149 806 1429 875 ἀξιώσαιμ’
1463 807 1534 861 ἂν
1573 810 1906 877 εἰσενεγκεῖν

215 899 348 952 οὐδὲ
385 901 600 967 πυροὺς
639 898 772 951 οὐδὲ
811 894 970 951 οἶνον
1009 898 1067 951 ἐκ
1098 907 1211 950 τῶν
1242 896 1522 967 ὑμετέρων
1560 897 1747 950 αὐτῶν
1783 917 1907 965 κτη-

214 989 417 1056 μάτων,
470 987 537 1040 οὐ
572 988 676 1056 γὰρ
719 986 902 1055 ἀγνοῶ
949 987 1046 1049 τὰς
1084 985 1417 1055 γιγνομένας
1453 985 1589 1055 ὑμῖν
1626 985 1754 1040 καθ’
1788 984 1907 1040 ἑκά-

150 1100 192 1132 1ο
216 1091 352 1145 στην
390 1074 599 1146 ἡμέραν
643 1072 783 1143 ὑπὲρ
830 1082 930 1128 τοῦ
977 1082 1170 1128 κοινοῦ
1220 1075 1480 1138 δαπάνας.
1557 1074 1696 1128 ἀλλὰ
1740 1076 1798 1128 τί
1841 1075 1908 1144 δὴ

214 1172 504 1227 ποιοῦντες
545 1165 744 1216 σώσετε
784 1166 915 1226 τοὺς
956 1163 1293 1234 ἀνθρώπους
1330 1171 1395 1234 τῇ
1435 1165 1619 1233 πόλει;

330 1253 413 1306 16.
477 1256 776 1322 Γεωργεῖτε
836 1255 967 1315 τοὺς
1029 1252 1235 1322 ἀγροὺς
1295 1260 1390 1322 τῆς
1447 1254 1656 1315 πόλεως
1711 1253 1910 1322 σχεδὸν

217 1342 528 1410 (ἅπαντας)
568 1341 626 1394 οἱ
660 1342 1024 1408 βουλεύοντες
1062 1341 1240 1409 ὑμεῖς,
1289 1341 1318 1395 ὃ
1359 1349 1424 1411 τῇ
1463 1338 1566 1410 μὲν
1604 1355 1910 1410 παρασκευ-
1943 1348 1955 1359 '

219 1432 328 1495 (ἕξει
383 1438 584 1499 φοιτᾶν
639 1429 826 1498 ἐντελῆ
882 1431 983 1499 τὴν
1028 1422 1327 1500 πρόσοδον,
1382 1431 1515 1483 ἄνευ
1571 1430 1633 1483 δὲ
1679 1429 1910 1499 κέρδους

154 1542 195 1574 15
221 1519 350 1572 οὐδὲ
388 1521 519 1581 τοὺς
557 1526 870 1581 πονοῦντας
916 1518 1128 1588 ἀφίησι.
1204 1519 1419 1571 τούτων
1469 1519 1536 1588 δὴ
1575 1528 1688 1572 τῶν
1726 1518 1911 1587 ἀγρῶν

219 1610 349 1670 τοὺς
401 1604 504 1676 μὲν
550 1603 693 1661 εἶναι
740 1609 1031 1676 συμβαίνει
1078 1608 1379 1677 μεγάλους,
1431 1609 1561 1670 τοὺς
1607 1604 1668 1660 δὲ
1712 1608 1908 1675 κομιδῆ

219 1696 475 1765 μικρούς,
523 1696 612 1747 καὶ
658 1697 788 1758 τοὺς
833 1692 934 1764 μὲν
981 1696 1060 1758 εἰς
1103 1697 1233 1758 τοὺς
1279 1697 1651 1763 βουλεύοντας
1695 1698 1912 1766 μεμερί-

223 1789 357 1836 σθαι
396 1785 530 1836 κατὰ
568 1785 668 1837 τὸν
706 1783 893 1854 ὀρθῶς
931 1782 1022 1837 καὶ
1062 1785 1287 1846 δικαίως
1326 1786 1520 1854 ἔχοντα
1551 1786 1744 1853 νόμον,
1785 1787 1913 1848 τοὺς

223 1871 272 1924 δ’
304 1873 383 1934 εἰς
422 1871 644 1942 ἑτέρους
680 1874 836 1935 τινὰς
874 1871 974 1936 ἔξω
1014 1881 1112 1926 τοῦ
1153 1877 1496 1942 λειτουργεῖν
1536 1872 1792 1941 ἑστῶτας,
1832 1865 1916 1935 οἷς

342 2037 368 2074 4
415 2032 716 2090 ἠγορεύοντο]
758 2031 967 2089 ἐλέγοντο
1007 2033 1068 2083 ὡς
1108 2032 1158 2076 ἐν
1199 2031 1500 2087 συναθροίσει
1517 2049 1524 2056 ·
1575 2036 1793 2078 διατοῦτο
1834 2033 1912 2077 καὶ

224 2091 275 2135 τὸ
308 2091 658 2148 ἠγορεύοντο
692 2091 761 2135 V²

347 2245 367 2282 1
402 2239 584 2290 τούτοις
608 2239 653 2282 Ρ
682 2239 763 2282 sed
787 2253 813 2283 e
836 2246 933 2289 τοῖς
963 2239 1047 2296 μὲν
1079 2253 1181 2283 corr
1203 2238 1286 2294 m²‚
1313 2241 1377 2295 (et
1401 2240 1514 2296 Par)
1575 2240 1758 2290 τούτοις
1780 2239 1864 2296 μὲν
1886 2238 1918 2282 Ι

227 2299 308 2342 sed
333 2298 460 2348 ύτοις
483 2298 531 2340 in
547 2311 623 2341 ras
640 2298 722 2351 m³,
750 2299 795 2342 B
841 2299 964 2366 ποὺς
986 2298 1070 2354 μὲν
1089 2299 1127 2343 Ο
1147 2298 1269 2342 sed
1252 2316 1279 2341 v
1304 2298 1354 2341 in
1379 2305 1398 2341 ῑ
1421 2312 1523 2342 corr
1538 2314 1577 2353 s
1600 2300 1642 2342 A
1669 2299 1751 2342 sed
1776 2305 1796 2342 ῖ
1816 2298 1865 2340 in
1885 2314 1913 2340 ν

227 2370 328 2400 corr
416 2364 513 2407 τοῖς
551 2356 633 2412 μὲν
667 2332 804 2430 MoV
836 2357 886 2400 in
918 2371 1009 2412 quo
1041 2357 1110 2400 m²
1153 2357 1362 2401 scholion
1405 2358 1656 2414 adscripsit
1697 2357 1824 2402 ἐνδεῖ
1861 2355 1913 2400 τὸ

229 2414 386 2470 ἕτερον
419 2418 566 2459 κῶλον
597 2415 715 2470 πρὸς
745 2416 796 2459 τὸ
828 2423 1013 2470 πρῶτον
1164 2421 1188 2460 2
1222 2416 1346 2468 ἅπαξ
1379 2417 1544 2473 scripsi
1605 2417 1734 2460 απαν
1769 2417 1808 2461 C
1835 2414 1946 2473 sed‘

226 2491 305 2525 τος
336 2474 430 2518 add
461 2488 502 2528 s,
540 2475 633 2518 ΑΡ
661 2475 743 2518 sed
782 2475 830 2518 in
863 2475 949 2519 hoe
982 2492 1010 2519 ν
1047 2475 1097 2518 in
1137 2489 1224 2519 σαν
1265 2489 1366 2519 corr
1387 2475 1457 2518 111²
1548 2475 1736 2519 ἅπασαν
1768 2476 1803 2519 Ι
1834 2473 1945 2518 sed-

229 2548 315 2577 σαν
346 2533 394 2576 in
419 2547 495 2577 ras
519 2534 600 2588 m³‚
634 2535 679 2577 Β
708 2534 799 2577 edd
860 2534 977 2589 πρὸς
1007 2534 1135 2578 ἅπαν
1162 2535 1206 2578 V
1259 2534 1468 2585 ἅπαντος
1493 2536 1577 2579 Mo
1698 2540 1723 2578 5
1757 2538 1914 2590 ζητοῦ-

230 2607 317 2636 σαν
351 2592 539 2648 reposui
571 2606 595 2635 e
626 2591 759 2635 libris
850 2596 1076 2661 ζηλοῦσαν
1108 2593 1199 2637 edd
1238 2594 1321 2636 sed
1359 2610 1413 2649 γρ
1438 2597 1666 2650 ζητοῦσαν
1704 2593 1753 2636 in
1784 2604 1916 2647 marg

229 2651 331 2695 Mor
459 2656 484 2693 6
517 2650 729 2709 θορύβου
761 2653 796 2695 Ι
820 2652 901 2696 sed
934 2668 989 2695 ov
1021 2652 1071 2695 in
1092 2665 1168 2696 ras
1192 2652 1262 2694 m8
1396 2655 1422 2694 8
1455 2651 1686 2708 ὑμετέρων
1715 2653 1751 2695 Ι
1775 2651 1858 2695 sed
1886 2666 1915 2694 v

230 2710 278 2753 in
301 2723 378 2754 ras
401 2710 472 2752 m⁸
498 2711 504 2766 Ι
533 2711 657 2754 αὐτῶ
683 2711 728 2752 Β
789 2724 864 2753 0111
898 2711 941 2754 V
1056 2716 1081 2753 9
1113 2709 1362 2767 γινομένας
1385 2712 1486 2755 BV
1601 2715 1656 2754 10
1687 2725 1800 2753 1111111
1832 2712 1915 2755 δα-

230 2769 398 2822 πάνας,
430 2766 532 2811 ἀλλ’
562 2784 586 2812 ο
617 2785 662 2812 τι
694 2795 749 2800 -
785 2774 835 2811 11
870 2769 1012 2813 πόλει.
1025 2774 1045 2812 ‘?
1073 2770 1079 2827 Ι
1107 2771 1182 2814 δεῖ
1208 2771 1243 2813 Ι
1412 2774 1464 2812 13
1497 2769 1710 2819 ἅπαντας
1741 2766 1915 2812 inserui

232 2830 420 2872 auctore
451 2827 519 2871 Re
551 2830 594 2883 (,,
597 2829 670 2872 hie
700 2828 844 2872 deesse
873 2829 1054 2873 videtur
1083 2835 1167 2873 aut
1196 2827 1377 2878 πάντας
1407 2834 1490 2872 aut
1520 2826 1669 2885 μόνοιι
1675 2830 1702 2883 ‘)
1753 2831 1758 2884 Ι
1809 2827 1937 2876 ἴσως.

231 2893 289 2943 γῇ
319 2887 369 2929 in
392 2899 526 2942 marg
549 2862 670 2930 P'ar2
702 2889 749 2929 et
771 2887 874 2930 Mor
1002 2891 1056 2931 14
1089 2888 1244 2942 εὐτελῆ
1279 2888 1324 2931 V
1451 2892 1503 2930 15
1535 2887 1645 2938 τοὺς
1675 2889 1720 2931 Ρ
1749 2887 1830 2930 sed
1861 2899 1917 2928 ου

233 2945 281 2988 111
305 2959 380 2988 ras
403 2944 473 2987 m²
595 2949 649 2988 18
682 2946 789 2995 τούς
820 2946 982 2989 ΙΒΜο
1106 2951 1157 2990 19
1191 2945 1243 2990 δὲ
1275 2946 1366 2990 edd
