1992 3094
328 151 555 195 LIBANII
588 150 1050 196 CONSOLATORIA
1080 153 1163 196 AD
1195 152 1560 198 ANTIOCHUM
1691 153 1800 205 275

110 288 274 340 τοῦτό
320 285 471 340 ἐστιν
518 285 578 339 ἐν
625 287 727 340 οὐκ
774 287 984 356 ὀλίγοις
1031 288 1178 361 αὐτῷ
1218 291 1453 358 χαλινός.
1531 289 1580 342 εἰ
1619 285 1679 341 δὲ
1730 288 1803 356 μὴ

110 376 326 437 τούτοις
364 376 664 444 κατείχετο,
715 385 830 439 πῶς
867 395 950 438 τις
990 375 1060 430 ἂν
1098 378 1293 445 ἤνεγκε
1331 378 1432 446 τὴν
1469 379 1694 446 τόλμαν,
1740 377 1802 428 τὸ

113 465 342 534 θράσος,
389 463 489 531 τὴν
530 461 834 531 ἀσέλγειαν,
874 464 975 531 τὴν
1013 463 1427 534 ὑπερηφανίαν;
1475 471 1584 517 νῦν
1622 460 1685 516 δὲ
1722 484 1803 516 κι-

109 561 281 606 νεῖται
320 551 421 619 μὲν
458 551 723 614 πολλάκις
760 559 825 622 τῇ
866 553 1034 620 φύσει
1081 553 1220 621 πρὸς
1258 554 1573 622 παροινίαν,
1622 551 1802 620 ἀνείρ-

110 661 259 710 γεται
307 641 367 693 δὲ
413 635 494 693 ὧν
541 640 831 693 ἀκούσεται
878 647 953 713 τῷ
997 643 1178 714 φόβῳ,
1227 642 1317 694 καὶ
1365 647 1493 712 σιγᾷ
1539 641 1802 703 πολλάκις
1850 662 1869 694 5

108 726 246 799 ὑπὲρ
285 737 381 798 τῆς
427 727 628 798 ἑτέρων
667 738 837 798 σιγῆς.
915 730 1002 782 21.
1053 730 1082 784 6
1124 727 1185 783 δὲ
1225 729 1314 783 καὶ
1361 730 1508 800 τρισὶ
1549 728 1803 798 γυναιξὶν

110 819 139 872 6
179 826 431 887 γενναῖος
471 827 734 887 συνοικεῖ,
774 811 809 889 ᾗ
848 838 905 871 τε
937 816 1100 887 ἔλαβε
1139 819 1275 872 κατὰ
1305 820 1435 881 τοὺς
1474 820 1678 887 νόμους
1717 810 1807 879 αἷς

109 926 165 960 τε
218 915 339 961 τοῖν
391 906 572 960 υἱέοιν
627 909 896 976 εἰσήγαγε.
973 909 1063 961 καὶ
1126 909 1227 976 τὴν
1279 908 1403 977 περὶ
1464 908 1526 960 τὸ
1580 914 1806 975 πρᾶγμα

109 996 398 1067 ῥᾳστώνην
445 996 474 1049 ὁ
523 997 788 1066 κηδεστὴς
835 1006 1006 1064 ποιεῖ,
1061 998 1235 1065 πολλὴ
1291 998 1396 1066 γὰρ
1447 994 1669 1059 ἐξουσία
1712 995 1802 1048 καὶ

109 1094 360 1139 συνεῖναι
406 1084 495 1138 καὶ
536 1089 724 1139 λαλεῖν
769 1086 860 1138 καὶ
908 1087 1204 1154 ἅπτεσθαι,
1255 1085 1359 1139 κάν
1404 1092 1479 1158 τῷ
1520 1090 1800 1154 συγκαθῆ-
1827 1106 1876 1138 ιο

111 1178 244 1226 σθαι
282 1174 430 1243 παρὰ
469 1183 580 1227 τῶν
610 1175 803 1228 ποδῶν
835 1175 939 1228 οὐκ
971 1175 1144 1243 ὀλίγα.
1209 1175 1237 1228 6
1269 1171 1371 1243 μὲν
1403 1169 1508 1227 οὗν
1539 1175 1803 1244 νεώτερος

114 1259 120 1333 Ι
160 1261 337 1331 ἥδιστ’
368 1261 437 1315 ἂν
476 1262 739 1316 ἀπελθών
777 1281 871 1316 ποι
911 1266 1194 1334 πρόφασιν
1234 1263 1336 1316 οὐκ
1374 1260 1516 1332 ἔχων
1553 1262 1644 1332 μέ-
1682 1275 1903 1319 ΒΠ362,

102 1370 217 1419 νει,
256 1358 330 1424 τῷ
373 1352 727 1424 πρεσβυτέρῳ
767 1352 829 1406 δὲ
867 1353 900 1421 ἡ
941 1354 1147 1422 μεγάλη
1188 1355 1348 1415 πόλις
1387 1353 1592 1405 ἔδωκεν
1631 1351 1800 1422 ἀφορ-

111 1440 219 1508 μὴν
259 1441 336 1503 εἰς
376 1443 579 1510 φυγήν.
641 1449 706 1512 τῇ
739 1439 902 1511 μητρὶ
937 1441 999 1495 δὲ
1031 1442 1224 1494 αὐτοῖν
1254 1442 1432 1494 πολλὰ
1463 1440 1803 1510 ἀποφράττει

114 1529 175 1582 τὸ
215 1531 398 1599 στόμα.
1829 1552 1885 1584 15-

221 1617 307 1670 22.
331 1616 521 1682 ’Ἄξιον
553 1619 621 1686 δή
654 1633 743 1672 σοι
782 1618 997 1672 στένειν
1029 1619 1131 1672 οὐκ
1163 1616 1346 1688 ἔχοντι
1384 1619 1485 1687 τὴν
1515 1618 1664 1687 παρὰ
1702 1624 1801 1670 τοῦ

110 1707 330 1760 τοιοῦδε
370 1706 564 1776 ῥοπήν,
613 1707 673 1771 ὃς
711 1715 939 1761 τοιαῦτα
990 1709 1124 1762 ὄντα
1165 1706 1198 1760 ἃ
1238 1709 1476 1775 διῆλθον
1523 1704 1804 1775 ἀπέκρυψε

110 1800 184 1867 τῷ
225 1795 589 1868 ῥηθησομένῳ
637 1804 810 1870 καινῷ
853 1817 911 1850 τε
957 1799 1078 1851 ὄντι
1125 1795 1214 1850 καὶ
1262 1796 1364 1849 οὐκ
1402 1793 1585 1865 ἔχοντι
1632 1794 1813 1863 παρά-ν

112 1883 319 1951 δειγμα.
394 1886 462 1937 τὰ
513 1886 616 1952 μὲν
661 1887 764 1957 γὰρ
813 1887 951 1940 ἄλλα
999 1891 1130 1949 ἴσως
1182 1883 1295 1954 μετ’
1329 1886 1530 1947 ἄλλους
1579 1883 1803 1952 ἠδίκηκε

111 1970 209 2024 καὶ·
255 1972 655 2043 ἠκολούθησεν,
718 1975 821 2028 οὐκ
874 1970 1055 2043 ἦρξεν,
1118 1975 1300 2043 ὥσπερ
1364 1973 1424 2026 ἐν
1477 1971 1670 2045 ἐκείνῳ
1730 1978 1806 2044 τῷ
1826 1995 1881 2028 20·

117 2061 405 2129 Φρύνωνι,
458 2063 661 2116 τούτου
718 2064 779 2117 δὲ
832 2064 999 2126 αὐτὸς
1051 2064 1286 2132 ἡγεμών,
1340 2067 1492 2131 εἴπερ
1541 2062 1646 2131 ἄρα
1696 2059 1802 2124 ἕξει

114 2148 214 2201 τὸν
244 2148 535 2219 ἑψόμενον,
569 2151 643 2214 ὡς
673 2150 843 2220 ἔγωγε
871 2153 973 2205 οὐκ
1002 2146 1168 2220 οἶμαι.
1232 2151 1260 2204 ὃ
1294 2151 1398 2220 γὰρ
1430 2146 1501 2203 αὖ
1530 2151 1803 2212 Φίλιππος

112 2231 183 2304 ἦν
227 2244 301 2310 τῷ
347 2240 502 2293 παιδὶ
549 2248 648 2293 τοῦ
700 2241 1028 2311 Φρύνωνος,
1082 2247 1246 2293 τοῦτο
1294 2234 1456 2301 οὗτος
1500 2244 1577 2309 τῷ
1630 2237 1802 2291 αὑτοῦ

114 2323 203 2378 καὶ
256 2335 427 2381 ταῦτα
479 2336 579 2382 τοῦ
626 2337 721 2397 τῆς
774 2330 1037 2397 γυναικὸς
1087 2328 1333 2396 ἀδελφοῦ
1387 2330 1655 2395 βοῶντος,
1710 2335 1802 2396 τῆς

235 2506 288 2545 -21
322 2502 379 2545 ef.
404 2518 449 2559 p.
477 2507 577 2558 274,
594 2507 619 2546 9

234 2668 261 2706 4
292 2671 346 2722 τῇ
378 2665 516 2720 φύσει
546 2665 768 2716 πολλάκις
799 2668 873 2711 Ρα
1024 2670 1049 2709 6
1083 2663 1294 2723 γυναίοις
1327 2665 1369 2708 V
1531 2670 1580 2708 11
1617 2662 1802 2708 παίδων

118 2721 223 2765 coni
246 2722 379 2780 Bong
502 2729 556 2768 12
587 2740 681 2768 που
705 2727 740 2769 Ι
766 2725 847 2769 sed
877 2742 907 2769 v
939 2738 994 2768 ex
1026 2741 1043 2768 ι
1074 2738 1189 2777 corr,
1218 2725 1350 2781 Bong
1473 2728 1527 2766 14
1558 2722 1802 2778 ἀποφράτ-

118 2795 185 2824 vsu.
222 2782 386 2838 scripsi
425 2782 528 2827 coll.
562 2799 605 2840 p.
634 2788 734 2838 288,
752 2789 829 2839 23;
871 2782 1059 2840 Cephal.
1094 2783 1210 2828 decl.
1244 2783 1398 2826 Herm.
1430 2782 1494 2825 IX
1525 2788 1595 2834 55,
1614 2786 1691 2835 243
1724 2782 1803 2825 t.1

119 2842 261 2894 259,6
323 2841 613 2896 ἀπορράπτει
642 2842 753 2886 libri
784 2843 875 2887 edd
999 2847 1052 2886 16
1085 2842 1145 2897 δή
1176 2841 1341 2898 scripsi
1372 2855 1395 2884 e
1431 2843 1474 2886 V
1554 2838 1639 2885 οὖν
1670 2842 1743 2884 Ρα

121 2895 171 2941 δὲ
199 2897 369 2955 reliqui
398 2899 508 2944 libri
540 2901 630 2945 edd
754 2906 806 2944 19
839 2901 1022 2959 ἄλλους]
1054 2900 1202 2945 ἄλλων
1233 2901 1301 2944 Re
1418 2906 1473 2944 20
1507 2900 1556 2944 ἐν
1587 2900 1712 2943 inser
1734 2900 1803 2944 Re

179 2969 254 3000 om
284 2957 394 3001 libri
418 2958 550 3017 Bong
671 2965 726 3004 22
760 2957 819 3004 αὖ
853 2960 928 3003 del
961 2962 1008 3003 et
1039 2959 1068 3003 1.
1096 2964 1150 3003 23
1183 2963 1290 3017 post
1321 2956 1457 3011 οὗτος
1486 2960 1611 3002 inser
1634 2958 1702 3003 Re

1451 3033 1535 3077 18*
