1992 3094
657 113 1001 159 PRAEFATIO
1034 115 1267 161 GRITICA
1719 121 1802 165 XV

121 250 225 305 ἀλλ’
268 247 339 304 ὧν
384 249 452 318 (ἡ
500 252 585 318 βία
631 246 723 318 μ’>
761 251 987 318 ἐβιάσατο
1037 258 1332 304 sententiam
1381 258 1576 320 quidem
1623 263 1806 323 aptam,

121 329 207 380 sod
243 329 436 378 ratione
467 327 760 376 violentiora
802 345 952 390 quam
987 345 1109 390 quae
1148 330 1346 392 probari
1385 334 1542 394 possit
1580 333 1804 381 efficiens.

121 404 228 468 Ego
266 418 419 464 nuno,
466 401 508 451 si
548 401 668 464 quid
705 402 1023 464 mutandum,
1062 404 1375 453 scribendum
1413 406 1536 454 duco
1579 405 1807 471 γενέσθαι

33 494 43 499 ·
121 474 173 527 δὲ
214 470 300 544 (sc.
333 474 584 540 μαθητὴν,
623 478 682 524 ut
718 493 765 538 p.
802 470 954 543 92,5)
996 476 1085 542 οὐχ
1125 471 1274 541 οὗπερ
1314 477 1574 542 ἔσπευδον,
1613 475 1716 528 ἀλλ’
1753 476 1807 539 ὃς

120 550 383 616 ἐβεβίαστο.

229 649 276 696 p.
305 632 430 691 92‚5
478 627 698 697 φέρουσα
737 628 788 680 δὲ
835 629 999 696 ἑτέρου
1039 636 1191 698 ποιεῖ,
1238 628 1354 700 παρ’
1392 632 1573 701 ὅτῳπερ
1612 633 1807 697 ἔμελλον

124 706 307 772 μόνους
356 705 578 754 εἴσεσθαι
627 703 743 764 τοὺς
788 703 911 770 ὑπὲρ
961 713 1059 754 τῶν
1109 706 1267 772 λόγων
1317 707 1549 772 μόχθους.
1636 707 1806 757 Sensui

122 796 275 844 aeque
307 782 456 842 atque
486 781 600 828 usui
630 779 908 828 Libaniano
947 780 1122 828 melius
1161 779 1376 829 εἴσεσθαι
1416 782 1657 829 traditum
1696 798 1805 830 eon-

21 879 46 911 ,·
119 854 255 904 venit
294 870 443 916 quam
483 853 614 915 quod
652 857 904 916 receptum
944 856 1181 918 oportuit,
1224 856 1267 903 si
1306 855 1684 903 Herwerdenum
1723 871 1806 902 au-

31 965 34 967 -
121 929 295 990 dimus,
334 927 573 976 οἴσεσθαι.
1117 939 1120 942 “

230 1026 277 1072 p.
312 1011 484 1070 92‚12
533 1001 598 1073 ἦν
645 1002 738 1058 οὖν
784 1007 954 1074 ἀτελὴς
994 1008 1175 1068 ἐξόδων
1214 1028 1262 1059 τε
1301 1008 1382 1058 καὶ
1428 1017 1686 1075 στρατειῶν
1724 1009 1805 1058 καὶ

121 1081 326 1150 ἀγώνων
370 1078 451 1146 ἐφ’
496 1077 571 1142 οἷς
621 1082 804 1148 ἔρχεται
841 1078 993 1148 ’Ἀρης
1042 1081 1124 1131 καὶ
1172 1083 1502 1150 παρατάξεων.
1586 1084 1681 1131 Pro
1732 1077 1806 1142 οἷς

121 1157 429 1207 scribendum
482 1157 667 1206 conieci
721 1155 809 1217 οὓς
865 1158 996 1220 quod
1049 1160 1300 1220 receptum
1363 1159 1583 1219 oportuit
1640 1157 1807 1205 eodem

34 1250 38 1251 ⁷
121 1231 450 1281 Herwerdeno
489 1231 666 1293 iudice,
705 1234 850 1293 recto,
889 1234 947 1279 ut
984 1248 1114 1280 nunc
1151 1232 1274 1279 mhi
1312 1232 1519 1281 videtur.

230 1330 277 1376 p.
305 1314 430 1374 93,7
472 1312 708 1363 τοσοῦτόν
739 1309 858 1378 <τε>
891 1311 1190 1377 ἀποσχόντος
1219 1311 1388 1375 κώμου
1427 1329 1474 1360 τε
1512 1309 1594 1359 καὶ
1632 1328 1804 1359 κοινω-

26 1403 36 1442 f
120 1387 230 1447 νίας
274 1394 372 1436 τῶν
418 1385 472 1436 ἐν
525 1385 669 1446 νυξὶν
716 1385 796 1437 ἐπὶ
841 1386 926 1445 τὰς
972 1394 1069 1435 τῶν
1114 1383 1411 1451 πενεστέρων
1463 1382 1807 1450 πορευομένων

16 1463 34 1513 1³
121 1461 291 1521 οἰκίας.
343 1461 494 1510 Recte
519 1460 837 1510 Schenkelius
869 1458 1164 1526 πενεστέρων
1197 1476 1226 1507 a
1258 1461 1547 1508 coniecturis
1576 1458 1804 1508 defendit.

20 1591 34 1621 ἱ
229 1568 278 1614 p.
305 1551 431 1612 95‚8
472 1547 604 1614 ἡμᾶς
643 1547 695 1599 δὲ
734 1547 764 1613 ἡ
805 1556 892 1599 τοῦ
931 1567 976 1598 τι
1014 1549 1118 1598 δεῖν
1157 1548 1412 1597 πείσεσθαι
1451 1555 1547 1595 τῶν
1585 1543 1805 1609 ἀηδεστέ-

38 1623 39 1626 '
122 1644 223 1691 ρων
264 1623 409 1684 ἐλπίς.
487 1625 763 1673 Delendum
818 1625 1004 1673 conieci
1057 1623 1182 1683 δεῖν,
1235 1623 1288 1670 id
1342 1622 1472 1684 quod
1525 1621 1703 1669 Asmus
1758 1623 1807 1668 et

122 1699 477 1748 Herwerdenus
517 1700 865 1762 probaverunt.

231 1799 279 1844 p.
321 1782 405 1843 96,
426 1785 451 1829 1
512 1781 616 1830 δεῖν
671 1773 763 1830 οὖν
813 1778 880 1829 ἔτι
934 1778 1251 1844 ἐπιζητοῦντα
1302 1774 1590 1841 μανθάνειν.
1667 1774 1805 1830 Quod

123 1855 303 1904 Asmus
334 1854 402 1905 ἔτι
433 1862 676 1921 τηροῦντα
709 1854 1016 1903 scribendum
1049 1851 1296 1916 proponit,
1329 1867 1358 1899 a.
1389 1865 1531 1899 sensu
1562 1849 1806 1897 abhorret.

21 1936 23 1938 ’
122 1927 439 1994 ἐπιζητοῦντα
478 1945 654 1978 sanum
693 1931 780 1977 est.

231 2035 280 2081 p.
314 2019 399 2080 96,
419 2021 484 2067 22
534 2017 587 2068 ἐν
633 2017 853 2075 πολίταις
897 2014 989 2082 γὰρ
1036 2007 1099 2064 αὖ
1139 2014 1314 2073 δεξιοῖς
1351 2010 1432 2061 καὶ
1470 2009 1578 2075 περὶ
1625 2008 1805 2071 σοφίαν

125 2091 427 2158 διατρίβουσι
467 2090 652 2157 μέλλων
692 2091 866 2150 δείξειν
904 2088 962 2138 τὰ
999 2087 1282 2152 Ἀθήνηθεν
1319 2084 1641 2152 ἀγωνίσματα.
1710 2083 1803 2130 Ne—

126 2182 220 2229 que
256 2166 348 2215 hoc
386 2167 492 2215 loco
531 2182 690 2229 neque
720 2183 769 2228 p.
797 2166 998 2225 11:3‚21
1041 2161 1127 2211 τὸν
1164 2159 1255 2227 γὰρ
1295 2153 1358 2208 αὖ
1397 2158 1552 2222 νόμον
1591 2156 1682 2206 οὐκ
1720 2154 1805 2204 ε’ἄν

125 2243 288 2299 κεναῖς
326 2239 502 2299 αἰτίαις
540 2238 757 2305 ὑβρίζειν
794 2255 951 2300 neque
989 2254 1037 2300 p.
1074 2237 1194 2296 146,
1216 2238 1243 2284 7
1286 2233 1358 2283 ὅτι
1396 2225 1460 2281 αὖ
1498 2230 1639 2280 τοῦτό
1677 2229 1805 2279 ἐστιν

124 2312 311 2362 εἰκάσαι
347 2314 594 2376 particula
633 2306 696 2362 αὖ
736 2312 1048 2361 attrecssanda,
1091 2312 1187 2370 est,
1229 2309 1411 2370 quippe
1451 2322 1575 2368 quae
1622 2302 1803 2366 signifi·
1862 2368 1869 2373 ι

127 2387 317 2436 catione
356 2388 717 2450 quodammodo
758 2387 1072 2436 adversativa
1114 2384 1260 2446 plane
1307 2398 1363 2430 ex
1401 2396 1493 2429 usu
1531 2378 1804 2426 Libaniano

127 2459 353 2510 adhibita*
393 2463 481 2523 sit,
527 2462 579 2509 id
626 2461 756 2524 quod
803 2463 974 2509 eontra
1020 2456 1400 2506 Herwerdenum
1446 2454 1551 2502 eius
1597 2452 1702 2499 loco
1742 2448 1803 2511 δὴ

124 2537 479 2597 proponentem
517 2536 639 2584 dico,

235 2639 283 2685 p.
318 2625 451 2685 97‚8
502 2621 585 2672 καὶ
633 2623 735 2688 ἅμα
784 2621 1038 2683 ἐνενόουν,
1090 2617 1154 2678 ὡς
1203 2617 1255 2667 εἴ
1294 2634 1380 2665 του
1431 2613 1703 2677 φαινοίμην
1752 2608 1805 2658 ἐν

127 2696 410 2756 συνουσίαις
447 2695 667 2762 ἐπιδεής,
713 2695 767 2746 ἐκ
813 2703 898 2760 τῆς
944 2687 1097 2752 αὖθις
1139 2689 1217 2742 ἐπὶ
1263 2696 1412 2739 ταῦτα
1449 2686 1646 2751 πορείας
1683 2682 1803 2731 ἀπο-

127 2768 405 2834 λογήσομαι.
481 2771 674 2820 Im'uria,
721 2770 1043 2833 participium
1094 2765 1224 2828 quod
1274 2767 1348 2812 est
1396 2763 1447 2810 in
1497 2760 1636 2808 libris
1683 2755 1802 2804 ἀπο-

127 2842 451 2907 λογησόμενος
503 2860 616 2893 cum
667 2842 937 2892 indicativo
995 2840 1197 2888 mutavi.
1289 2838 1436 2885 Recte
1491 2830 1803 2881 Schenkelius

126 2913 225 2963 loci
259 2915 494 2967 Aristidis
533 2934 602 2967 or.
634 2917 800 2966 XXIII
835 2920 870 2964 t.
903 2916 928 2963 I
965 2932 1011 2977 p.
1038 2913 1237 2973 452,15
1279 2907 1434 2967 εὐθὺς
1479 2901 1607 2970 εἶχον
1644 2903 1696 2953 ἕν
1735 2906 1803 2968 νῷ
