1992 3094
209 93 241 144 2
246 93 316 145 38
697 91 923 135 LIBANII
955 90 1179 136 ORATIO
1211 92 1425 136 XXXVII

207 233 363 295 posui.
442 233 607 280 Etiam
649 248 823 280 causae
869 234 1073 295 propter
1111 239 1233 294 quas
1263 232 1507 280 ‘lectiones
1539 232 1778 280 'codicum‘
1815 233 1896 282 Za
1976 227 1978 229 ’

209 310 258 355 et
295 307 370 354 Pa
417 307 478 354 ab
527 309 775 368 apparatu
822 308 992 354 critico
1040 307 1143 354 fere
1192 307 1377 354 exclusi
1416 309 1466 353 et
1503 307 1556 353 in
1591 307 1683 354 ·Mo
1730 307 1895 356 codice
1974 363 1978 374 ἶ

208 381 283 428 his
325 383 534 444 cognato
574 381 823 442 acquievi,
874 380 1073 429 eaedem
1112 382 1228 428 sunt
1276 395 1400 441 quae
1439 381 1492 427 in
1529 380 1620 428 illa
1659 383 1892 429 oratione.
1967 399 1982 442 4ςᾳ

320 455 624 503 Testimonia
663 470 863 516 prorsus
903 454 1094 502 desunt.

320 526 492 576 Oratio
517 529 732 590 primum
756 528 979 576 Venetiis
1005 543 1133 575 anno
1166 529 1304 575 1754
1332 544 1362 575 a
1384 522 1891 596 Bongiovannio¹)
1972 535 1976 537 ’

207 620 251 664 p.
283 606 307 649 1
320 606 454 650 16—
469 604 568 649 127
615 596 708 668 (=
734 595 916 668 Bong),
954 605 1012 649 ut
1048 603 1154 664 ipse
1193 619 1239 663 p.
1269 603 1371 649 116
1411 602 1556 662 dicit,
1603 617 1627 649 e
1669 602 1833 650 codice
1859 603 1901 650 -I
1970 598 1973 602 ⁴

208 677 341 724 edita
366 679 468 724 est.
545 676 603 722 In
643 677 774 724 calce
808 676 1038 724 editionis
1078 693 1124 738 p.
1154 677 1442 724 253—256
1476 691 1638 738 pauca
1670 692 1694 722 e
1725 676 1893 729 lectio·
1967 688 1971 730 ζ

206 751 349 798 nibus
405 766 433 797 a
487 750 695 798 Nicolao
751 750 921 798 Rubeo
984 750 1196 812 acceptis
1252 750 1474 798 codicum
1523 750 1747 798 Vaticani
1808 753 1893 812 qui
1951 740 1972 796 -ss

206 824 419 872 Urbinas
431 818 472 890 ²)
505 824 582 872 vel
616 822 979 872 Ottobonianus
1010 825 1122 886 fuit,
1163 827 1212 872 et
1242 824 1460 872 Palatini
1498 826 1721 872 correxit.
1801 823 1894 872 Sed

207 899 286 946 vel
339 900 408 946 sic
456 898 606 946 editio
657 898 846 946 mendis
897 900 1076 959 scatet,
1131 913 1339 959 quorum
1393 898 1670 946 emendatio
1724 899 1893 946 multis
1963 957 1966 961 ¹

206 972 324 1020 locis
358 972 545 1020 Reiskii
585 973 802 1020 acumini
842 974 988 1021 cessit
1026 973 1079 1019 in
1109 968 1616 1020 Animadversionum'
1644 972 1891 1020 volumine

207 1047 379 1107 quinto
418 1064 463 1108 p.
492 1048 806 1107 542—544,
847 1047 996 1094 etiam
1034 1046 1259 1108 pluribus
1299 1047 1419 1094 locis
1458 1061 1550 1108 ope
1590 1046 1812 1094 codicum
1842 1043 1892 1094 A
1953 1039 1960 1086 ᾗ

206 1123 255 1167 et
286 1122 374 1167 Mo
413 1121 466 1167 in
502 1120 717 1168 editione
755 1123 790 1168 t.
816 1120 866 1167 Π
897 1138 944 1182 p.
969 1121 1257 1168 316—327
1302 1119 1362 1167 ab
1401 1135 1550 1168 uxore
1580 1121 1732 1182 prelis
1766 1135 1891 1168 com·
1956 1150 1959 1186 i

205 1196 370 1242 missa.
447 1194 505 1240 In
544 1195 671 1242 hanc
720 1194 871 1242 etiam
915 1209 1098 1257 magna
1142 1209 1258 1256 pars
1301 1196 1531 1241 notarum
1570 1194 1892 1242 Animadver-

206 1268 398 1315 sionum
435 1270 650 1316 transiit.
1935 1330 1942 1336 “

316 1342 525 1389 Textum
571 1342 896 1390 Reiskianum
943 1341 1114 1390 addita
1167 1343 1390 1390 versione
1446 1342 1627 1405 gallica
1678 1342 1893 1406 eleganti
1951 1379 1959 1401 ς

207 1416 425 1477 quidem,
473 1416 557 1464 sed
603 1417 753 1479 paulo
800 1416 1029 1464 liberiore
1076 1417 1177 1463 fere
1210 1416 1451 1478 *repetivit
1495 1409 1888 1483 Monneriusss)

205 1507 250 1552 p.
279 1491 584 1550 236—255,
624 1491 721 1538 nisi
753 1490 884 1552 quod
921 1506 1011 1552 pro
1040 1483 1272 1558 Ἐλπιὸίῳ
1313 1488 1595 1538 constanter
1623 1489 1892 1556 Νεβρίδιον

204 1565 386 1626 posuit,
437 1564 487 1611 id
536 1565 667 1625 quod
711 1563 1091 1626 improbandum
1131 1578 1233 1611 esse
1281 1579 1432 1626 supra
1477 1565 1660 1611 monui.
1741 1562 1890 1612 Cuius

204 1639 301 1685 nisi
341 1654 370 1684 a
408 1638 607 1686 Reiskio
647 1638 845 1699 recedit,
882 1639 1184 1686 mentionem
1223 1654 1322 1685 non
1360 1639 1466 1685 feci.

316 1711 480 1760 Pauca
519 1714 732 1760 correxit
773 1711 887 1759 Cob
899 1715 1042 1760 etus.

323 1871 366 2042 ἐξ
399 1866 631 2029 {{.{i1{e111)i
653 1872 886 2029 {rgtionis
917 1926 1107 1970 XXXIX
1138 1942 1183 1983 p.
1211 1931 1296 1970 249
1329 1927 1399 1971 ed.
1424 1927 1570 1984 Bong.
1596 1928 1690 1970 not.
1718 1940 1757 1970 a.

458 2021 465 2028 .
516 2021 524 2029 .
586 2001 629 2042 p.
712 2021 719 2029 .
