1992 3094
143 613 160 645 5

186 105 219 156 2
224 105 293 156 96
716 101 943 145 LIBANH
976 99 1200 145 ORATIO
1233 101 1335 143 XLI

297 241 344 291 2.
395 237 796 307 Ἀνέστραπται,
834 233 874 289 ὦ
916 238 1264 306 Τιμόκρατες,
1297 237 1356 288 τὸ
1389 243 1614 305 πρᾶγμα
1644 233 1733 288 καὶ
1766 246 1880 289 τῶν

186 327 506 397 ἀρχομένων
545 326 689 388 τινες
727 335 839 378 τῶν
879 325 1161 395 ἀρχόντων
1207 324 1459 388 ἀξιοῦσιν
1506 324 1709 394 ἄρχειν.
1786 322 1878 377 καὶ

185 424 346 469 τοῦτο
393 414 766 483 βουληθέντες
818 413 1175 483 ἐδυνήθησαν
1229 411 1574 481 ἐπιθυμητὰς
1620 410 1720 481 μὲν
1765 422 1880 466 τῶν

184 503 308 572 παρ’
357 504 540 557 αὑτῶν
590 504 877 572 εὐφημιῶν
927 505 1055 565 τοὺς
1107 504 1377 572 ἄρχοντας
1429 505 1880 570 καταστήσαντες,

186 591 342 646 αὐτοὶ
384 593 444 645 δὲ
483 600 646 645 τοῦτο
679 592 800 645 τοτὲ
831 588 932 658 μὲν
971 593 1237 658 διδόντες,
1277 587 1400 643 τοτὲ
1442 589 1488 642 δ’
1522 591 1605 643 οὔ.
1674 589 1765 643 καὶ
1805 591 1878 660 μὴ

186 682 375 743 δόντες
429 682 665 749 ἠνίασαν
719 681 807 733 καὶ
864 681 1164 742 δεδωκότες
1215 680 1517 749 εὔφραναν.
1600 680 1690 732 καὶ
1745 697 1879 749 προ-

183 773 394 838 ήγαγον
434 770 501 838 δὴ
542 771 635 831 τὰς
674 770 807 837 βοὰς
850 770 928 830 εἰς
966 769 1175 835 μισθὸν
1215 767 1338 821 ἀντὶ
1378 778 1489 821 τῶν
1527 772 1677 837 βοῶν
1717 767 1878 836 ἐπαγ-

185 858 470 925 γέλλοντες
517 859 545 910 ὅ
585 878 636 910 τι
677 857 746 910 ἂν
787 857 977 920 αὐτοῖς
1017 858 1177 927 δοκῇ,
1224 864 1298 930 τῷ
1341 853 1402 909 δὲ
1449 856 1720 929 ἐφιεμένῳ
1768 866 1881 910 τῶν

182 949 334 1014 βοῶν
374 947 473 999 οὐκ
513 945 595 999 ἔνι
642 947 714 1015 μὴ
762 946 940 999 πάντα
987 945 1258 1015 παρέχειν.
1337 945 1480 999 οὕτω
1520 950 1730 999 πολλοῦ
1770 964 1880 999 πω-

122 1055 162 1087 ιο
187 1039 380 1088 λοῦσιν
428 1036 480 1087 οἱ
527 1035 894 1087 κατάπτυστοι
945 1035 1040 1097 τὰς
1086 1036 1234 1102 βοάς.
1311 1035 1360 1087 3.
1414 1035 1552 1103 πρὸς
1599 1030 1703 1087 οὖν
1749 1037 1882 1097 τοὺς

121 1498 161 1530 15

185 1125 306 1191 ἄρτι
353 1125 654 1191 παριόντας
700 1122 786 1176 ἐπὶ
838 1125 933 1186 τὰς
980 1123 1147 1193 ἀρχὰς
1194 1122 1372 1177 ἐκεῖνο
1419 1130 1659 1176 ποιοῦσι.
1742 1141 1880 1192 παρ-

185 1211 552 1280 αγγέλλουσιν
585 1212 841 1281 ἀλλήλοις
873 1212 1177 1280 ἀναβάντες
1210 1213 1412 1276 αὐτούς
1443 1232 1501 1265 τε
1534 1219 1750 1266 σιωπᾶν
1788 1210 1881 1265 καὶ

183 1301 244 1354 τὸ
301 1302 496 1353 λοιπὸν
550 1311 661 1353 τῶν
715 1307 935 1354 θεατῶν
988 1312 1105 1364 ταῖς
1157 1301 1404 1364 ἀπειλαῖς
1457 1310 1575 1364 ταῖς
1626 1302 1718 1354 διὰ
1768 1310 1882 1354 τῶν

185 1391 470 1457 νευμάτων
516 1389 776 1458 κατέχειν.
862 1385 973 1443 εἷθ’
1009 1390 1042 1458 ἡ
1089 1390 1409 1460 μὲν-ἡμέρα
1455 1399 1644 1459 χωρεῖ,
1692 1386 1771 1443 ὧν
1819 1389 1884 1443 δέ

187 1477 338 1533 ἐστιν
370 1479 401 1546 ἡ
435 1482 624 1547 σκηνή,
663 1480 730 1531 τὰ
762 1479 944 1531 αὑτῶν
978 1478 1252 1542 δείξαντες
1288 1479 1545 1548 ἀπῆλθον
1576 1478 1882 1548 γρύξαντος

186 1563 400 1636 [οὐδὲν]
456 1567 709 1635 οὐδενός,
763 1573 837 1639 τῷ
887 1566 936 1619 δ’
976 1569 1201 1637 ἄρχοντι
1257 1570 1446 1621 δεινόν
1499 1567 1560 1621 τέ
1609 1587 1660 1620 τι
1714 1574 1880 1620 τοῦτο

185 1657 436 1724 φαίνεται
482 1656 572 1708 καὶ
623 1654 760 1724 μέγα
815 1657 1112 1725 δυστυχίας
1164 1655 1343 1727 μέρος.
1420 1655 1510 1710 καὶ
1565 1659 1882 1725 καθήμενος

184 1752 291 1796 νῦν
335 1741 435 1811 μὲν
483 1744 745 1815 ἐρυθριᾷ,
799 1753 907 1798 νῦν
963 1746 1023 1798 δὲ
1071 1746 1243 1816 ὠχριᾷ
1290 1745 1380 1799 καὶ
1429 1747 1495 1798 τὰ
1549 1746 1651 1815 μὲν
1704 1746 1882 1798 πολλὰ

187 1839 337 1902 σιγᾷ,
382 1836 564 1886 λαλῶν
603 1832 668 1886 δέ
703 1853 755 1886 τι
794 1835 929 1903 πρὸς
969 1837 1099 1897 τοὺς
1136 1837 1375 1903 πλησίον
1423 1834 1525 1887 οὐκ
1566 1831 1720 1887 οἶδεν
1759 1834 1788 1886 ὅ
1827 1853 1880 1886 τι

120 1941 137 1971 ‘3
186 1924 352 1973 λαλεῖ.
429 1916 544 1974 εἶτα
583 1921 728 1990 λέγει
767 1943 818 1975 τι
858 1924 950 1975 διὰ
997 1931 1096 1976 τοῦ
1144 1925 1383 1993 κήρυκος
1423 1924 1561 1992 πρὸς
1602 1923 1803 1984 αὐτοὺς
1842 1914 1886 1993 ᾧ

185 2010 427 2062 πιστεύει
467 2014 716 2078 κινήσειν
755 2012 814 2064 τὸ
855 2010 1146 2081 ἡσυχάζον,
1186 2013 1238 2066 οἱ
1281 2012 1326 2065 δ’
1363 2013 1505 2065 εἰσὶν
1545 2011 1882 2073 ἀκούσαντες
1949 2047 1956 2051 -

187 2091 293 2150 οἷοι
339 2098 429 2150 καὶ
475 2097 608 2168 πρὶν
656 2099 901 2152 ἀκοῦσαι.
979 2103 1034 2153 τί
1072 2097 1176 2153 οὗν
1215 2100 1303 2154 ἐπὶ
1343 2101 1559 2164 τούτοις
1600 2101 1628 2154 ὁ
1671 2101 1880 2169 ἄρχων;

186 2188 314 2248 τοὺς
372 2187 640 2254 ἡγεμόνας
695 2188 878 2242 αὐτῶν
934 2188 1269 2258 ἀναζητήσας
1323 2188 1527 2258 ἐδεήθη
1582 2190 1655 2258 μὴ
1709 2195 1880 2241 ταῦτα

188 2283 330 2343 σφᾶς
376 2283 570 2327 ποιεῖν.
657 2277 709 2328 οὶ
758 2276 822 2329 δέ
866 2297 1011 2340 τινες
1058 2279 1146 2330 καὶ
1198 2278 1547 2348 προσέθεσαν
1594 2277 1878 2348 ἀργύριον.

311 2455 322 2490 1
365 2448 421 2492 ef.
447 2451 479 2492 t.
506 2449 526 2491 I
555 2454 717 2504 113,12
842 2456 867 2494 2
901 2451 957 2496 cf.
985 2467 1028 2508 p.
1058 2457 1193 2506 304‚2
1213 2467 1278 2509 sq.

310 2618 327 2651 1
365 2609 703 2666 ἀντέστραπται
730 2613 773 2656 V
930 2619 956 2657 4
990 2615 1143 2659 αὐτῶν
1179 2615 1216 2658 C
1225 2616 1267 2659 V
1283 2615 1350 2659 Re
1521 2619 1546 2658 5
1580 2613 1630 2659 δὲ
1663 2615 1717 2658 οὐ
1750 2613 1818 2657 Re

192 2672 214 2710 7
247 2668 609 2726 ἀπαγγέλλοντες
641 2671 773 2728 Bong
893 2677 919 2715 8
953 2670 1024 2716 ὅτι
1054 2674 1089 2716 Ι
1214 2678 1239 2715 9
1273 2676 1506 2718 πωλοῦσιν
1538 2675 1571 2717 Ι
1598 2672 1680 2716 sed
1712 2679 1796 2716 οῦσ
1827 2672 1876 2715 in

189 2739 261 2768 ras
294 2728 363 2769 m⁸
492 2733 543 2770 12
578 2730 762 2783 „malim
793 2729 963 2774 αὐτοί“
995 2732 1064 2775 Re
1206 2737 1259 2775 15
1293 2733 1445 2776 αὐτῶν
1477 2733 1512 2775 Ι
1650 2735 1703 2774 16
1738 2731 1892 2775 οὐδὲν,

190 2784 312 2827 inser
342 2787 409 2829 Re
501 2788 756 2831 cancellavi
806 2791 811 2844 Ι
860 2797 996 2834 τοῦτο
1030 2804 1053 2834 e
1085 2790 1230 2834 τούτω
1265 2805 1366 2835 corr
1390 2791 1458 2834 V²
1602 2796 1655 2834 19
1690 2787 1759 2834 ὅτι
1788 2790 1824 2833 Ι

192 2848 245 2885 20
277 2842 320 2887 τί
347 2846 429 2888 IV
535 2851 587 2888 21
624 2846 676 2889 οἷ’
693 2848 863 2891 APIV
882 2849 1015 2906 Bong
1058 2850 1062 2906 Ι
1107 2849 1158 2894 δὲ
1186 2850 1252 2893 Re
1367 2854 1422 2892 24
1457 2848 1579 2905 σφὰς
1610 2851 1643 2893 Ι
1670 2849 1751 2893 sed
1777 2847 1786 2862 ¹
1826 2847 1876 2890 in

196 2903 219 2914 ⁴
258 2916 357 2945 corr
387 2903 468 2958 m⁸,
502 2904 632 2962 Bong
1614 2951 1617 2953 .
1872 2918 1885 2951 .’
