1992 3094
468 99 697 144 LIBANII
729 98 953 143 ORATIO
986 98 1068 142 AD
1101 99 1357 143 ICARIUM
1722 101 1787 151 19

97 239 218 291 τότε
257 234 630 305 ὑβριζομένων
682 236 774 288 διὰ
812 235 874 287 τὸ
914 236 987 303 μὴ
1027 236 1308 287 δύνασθαι
1347 236 1413 287 τὰ
1454 236 1573 288 τότε
1619 253 1786 305 πρατ-

96 327 298 394 τόμενα
337 323 583 377 ἐπαινεῖν
620 322 682 376 ἐν
721 330 795 395 τῷ
829 329 1094 390 τιμᾶσθαι
1141 324 1308 376 πάλιν
1355 322 1547 377 ἔστων.
1624 324 1786 393 ἀγχό-

95 434 192 482 νης
243 413 346 483 γὰρ
396 413 463 481 δὴ
513 413 574 465 τὸ
621 420 843 482 πρᾶγμα
897 411 1070 480 ἄξιον,
1125 413 1172 464 εἰ
1223 411 1284 464 ἐν
1334 406 1376 485 ᾧ
1425 419 1598 484 καιρῷ
1646 421 1785 482 χρῆν

93 503 296 564 αὐτοὺς
341 501 602 569 γενέσθαι
649 502 965 567 ταπεινούς,
1020 508 1286 570 μενοῦσιν
1333 501 1419 553 ἐπὶ
1468 509 1567 554 τοῦ
1608 511 1786 564 κακῶς

93 591 278 653 αὐτοῖς
315 589 722 660 πεπορισμένου
764 592 1128 659 φρονήματος.

203 679 288 732 36.
338 682 469 731 Νῦν
506 679 608 747 μὲν
647 677 709 731 ἐν
746 678 980 746 τούτοις,
1021 675 1062 731 ὦ
1115 677 1321 747 Ἰκάριε,
1362 678 1656 747 δείκνυμέν
1695 694 1784 732 σοι

91 770 189 821 τὸν
235 770 419 837 φίλον,
472 772 603 830 ἴσως
650 766 716 820 δέ
757 787 840 829 τις
887 769 1035 820 ἔσται
1076 769 1237 835 λόγος
1285 767 1374 819 καὶ
1413 770 1545 836 μετὰ
1584 775 1785 821 τοῦτον

93 858 192 910 τὸν
231 859 398 925 λόγον
429 857 715 909 δεικνύναι
755 857 853 908 τὸν
893 858 1061 926 φίλον
1099 857 1190 908 καὶ
1228 855 1391 918 αὐτὸς
1431 858 1783 924 βουλόμενος·

209 1022 235 1060 2
265 1017 405 1061 Arisb.
431 1018 544 1061 Ach.
566 1022 650 1061 125
775 1021 798 1059 7
833 1030 895 1061 or,
921 1015 1092 1059 XXVII
1123 1032 1166 1072 p.
1194 1021 1251 1060 20
1266 1030 1331 1072 sq.

209 1169 233 1208 2
282 1163 492 1238 ἀγχόνης
515 1192 567 1197 -
603 1171 628 1208 5
663 1164 961 1222 φρονήματος
998 1164 1047 1207 in
1078 1164 1202 1208 hunc
1244 1165 1435 1208 modum
1475 1164 1591 1208 citat
1622 1165 1783 1210 Macar

91 1223 170 1268 fol.
197 1228 252 1268 89
286 1225 347 1268 Εἰ
377 1225 428 1270 ἐν
461 1217 497 1285 ᾧ
526 1228 677 1300 καιρῷ
700 1230 817 1282 χρῆν
848 1223 979 1274 τινὰς
1009 1222 1234 1280 γενέσθαι
1263 1225 1528 1278 ταπεινούς,
1562 1223 1780 1280 μένουσιν

94 1283 172 1327 ἐπὶ
198 1290 280 1327 τοῦ
306 1291 459 1334 κακῶς
482 1285 644 1336 αὐτοῖς
649 1271 1008 1340 πεπορισμένου
1034 1282 1345 1340 φρονήματος,
1379 1282 1584 1342 ἀγχόνης
1611 1284 1704 1329 ἐστὶ
1727 1284 1778 1327 τὸ

91 1349 280 1401 πρᾶγμα
312 1343 444 1396 ἄξιον
626 1348 650 1387 3
685 1342 772 1399 γὰρ
805 1343 853 1386 in
877 1356 953 1386 ras
985 1341 1058 1387 Ρ2
1085 1343 1091 1399 Ι
1120 1342 1161 1386 εἰ
1193 1356 1268 1385 om
1292 1343 1328 1385 I
1502 1347 1528 1385 4
1561 1350 1779 1399 μενοῦσιν

90 1402 254 1458 scripsi
286 1415 311 1446 e
334 1403 463 1447 PaV
532 1402 750 1458 μένουσιν
782 1402 953 1458 reliqui
982 1401 1094 1444 libri
1126 1402 1286 1445 Macar
1319 1402 1409 1445 edd
1547 1406 1572 1445 8
1605 1409 1778 1446 σαυτοῦ

90 1460 371 1519 βουλομένου
404 1462 508 1506 coni
533 1462 634 1506 Mor
694 1461 811 1517 πρὸς
843 1461 1027 1516 ἰκάριον
1060 1461 1221 1504 subscr
1245 1461 1349 1505 Α]3
