1992 3094
129 1072 172 1103 10

199 119 306 171 376
722 118 950 162 LIBANII
980 117 1204 163 ORATIO
1235 117 1358 162 XLV

198 247 311 307 οἷοί
347 273 403 306 τε
444 255 600 321 εἰσίν,
641 253 1008 324 ἀφαιροῦνται
1047 254 1114 307 τά
1152 273 1213 322 γε
1243 263 1355 307 τῶν
1386 254 1713 308 πονούντων
1743 252 1882 322 ὑπερ
1968 284 1977 319 ‚·

196 353 307 396 τῶν
353 341 540 396 ἐθνῶν
585 343 675 395 καὶ
724 343 941 407 ζώντων
987 342 1358 410 ἀτιμάζοντες
1382 340 1473 395 καὶ
1529 335 1613 405 οἷς
1658 350 1884 396 ποιοῦσι
1968 351 1975 370 '³

197 431 436 494 λύοντες.
506 432 554 483 εἰ
594 431 655 484 δὲ
695 424 773 494 εἷς
803 431 833 485 ὁ
871 441 1086 501 πρῶτος
1115 439 1280 484 τοῦτο
1319 433 1592 500 τολμήσας
1626 429 1883 485 ἐδεδώκει

195 526 269 591 τῷ
302 519 578 589 νομοθέτῃ
621 521 799 588 δίκην,
842 525 1037 589 ἴσχυον
1075 518 1145 573 ἂν
1184 521 1237 573 οἱ
1275 521 1451 586 νόμοι.
1528 519 1613 572 34.
1652 520 1744 572 καὶ
1774 521 1884 589 μὴν

195 608 414 660 κάκεῖνό
476 627 538 676 γε
598 608 792 677 ἠξίουν
853 609 1022 676 κάλλη
1083 607 1447 678 προστιθέναι
1514 617 1633 671 ταῖς
1693 611 1883 662 πόλεσι
1968 614 1992 623 “’

197 697 510 765 φάσκοντας
558 699 703 766 ἔχειν
758 698 883 751 τινὰ
937 696 1110 761 δεῖξαι
1163 696 1255 750 καὶ
1311 698 1699 767 δεσμωτηρίων
1751 699 1883 768 πρό-

196 805 369 838 νοιαν.
448 780 514 838 οὗ
562 787 770 855 μεγάλα
817 785 887 839 ἂν
926 782 996 854 ἧν
1036 786 1140 839 ἀπὸ
1187 795 1401 855 μικρῶν
1440 785 1635 855 ὀνῆσαι
1681 786 1883 856 χρημά-

195 894 319 927 των.
397 873 583 943 ἐπειδὴ
632 877 737 944 γὰρ
783 882 884 928 τοῦ
933 876 1053 928 δεῖν
1099 875 1171 938 ὡς
1217 877 1507 938 πλείστους
1550 874 1885 944 ἀνθρώπους

196 961 587 1032 ἐπιθυμοῦσιν,
620 962 786 1033 ἐχρῆν
819 964 1022 1027 αὐτοὺς
1054 965 1233 1033 δήπου
1263 961 1402 1032 μηδὲ
1433 973 1545 1017 τῶν
1577 961 1884 1032 δεξομένων

196 1051 399 1114 αὐτοὺς
437 1051 762 1121 ἠμεληκέναι
801 1054 1006 1106 τόπων·
1047 1053 1119 1116 ὡς
1158 1053 1259 1121 οὐχ
1300 1053 1443 1106 οὕτω
1485 1053 1570 1105 δεῖ
1607 1060 1724 1114 τοῖς
1762 1050 1884 1104 ἀδέ-
1960 1083 1962 1086 <

195 1159 310 1203 τοις
347 1147 442 1208 τῆς
481 1140 586 1193 ἀπὸ
625 1150 745 1211 ,τῶν
783 1143 985 1210 τοίχων
1024 1142 1415 1211 φαιδρότητος,
1463 1141 1537 1204 ὡς
1580 1149 1697 1204 τοῖς
1735 1141 1884 1194 δεδε-

195 1229 382 1296 μένοις
420 1237 519 1282 τοῦ
559 1216 670 1298 μέτ’
705 1230 1043 1300 εὐρυχωρίας
1083 1229 1371 1300 διαφέρειν
1408 1231 1475 1283 τὰ
1512 1230 1665 1283 κακά.

315 1395 341 1434 5
374 1389 432 1435 cf.
456 1391 489 1434 t.
514 1390 557 1433 Π
581 1395 717 1445 293,6

315 1542 341 1581 8
373 1539 491 1596 δεῖν]
524 1537 627 1593 ἤτοι
658 1542 842 1595 δεσμεῖν
865 1537 934 1582 V²
995 1538 1053 1583 cf.
1077 1553 1123 1595 p.
1142 1542 1309 1593 380‚10

315 1691 340 1730 3
375 1688 483 1730 ante
516 1685 539 1730 ὁ
571 1701 646 1731 ras
680 1692 704 1731 2
737 1686 818 1730 litt
839 1687 874 1730 I
895 1689 900 1743 Ι
927 1673 1120 1743 πρώτὲυς
1142 1687 1188 1730 Β
1309 1691 1335 1729 5
1367 1682 1531 1742 ἠξίουν
1554 1684 1717 1743 κάλλη]
1743 1687 1882 1741 „fora

194 1746 303 1797 τοὺς
325 1748 410 1790 erit
432 1747 836 1802 interponendum“
860 1746 929 1790 Re
1037 1750 1060 1789 7
1095 1741 1150 1790 οὗ
1175 1745 1298 1789 VRe
1359 1746 1415 1790 οὐ
1437 1744 1608 1802 teliqui
1630 1743 1741 1788 libri
1766 1743 1882 1803 (Ξτοίῐὶι

198 1804 363 1861 ὀνῆσαι
397 1804 434 1849 0
462 1806 542 1849 sed
575 1821 599 1849 ο
633 1818 688 1849 ex
719 1823 753 1849 ω
787 1819 908 1859 corr,
942 1805 1070 1850 VRe
1162 1805 1339 1861 ὠνῆσαι
1376 1803 1548 1860 reliqui
1585 1803 1696 1847 libri
1736 1802 1827 1847 Got
1982 1815 1985 1850 ἱ

197 1869 223 1908 8
256 1864 523 1919 ἀνθρώπων
552 1865 625 1909 Ρα
747 1869 771 1908 9
805 1864 865 1921 μὴ
898 1863 950 1909 δὲ
975 1864 1193 1908 APIBV
1212 1862 1304 1907 Got
1425 1868 1478 1906 12
1510 1862 1637 1913 τέλος
1665 1869 1748 1907 τοῦ
1778 1862 1885 1917 περὶ
1975 1902 1977 1905 .

196 1930 288 1967 τῶν
319 1924 562 1979 δεσμωτῶν
593 1922 732 1980 λόγου
765 1924 925 1967 subscr
954 1924 1020 1979 A,
1082 1923 1201 1979 πρὸς
1231 1920 1422 1981 βασιλέα
1451 1923 1558 1978 περὶ
1586 1929 1680 1966 τῶν
1712 1923 1883 1978 δεσμω-
1940 1918 1982 1973 ff·

198 1989 289 2026 τῶν
321 1983 378 2037 Ρ,
438 1983 543 2038 περὶ
574 1990 666 2027 τῶν
699 1986 940 2039 δεσμωτῶν
970 1982 1021 2026 in
1051 1996 1186 2040 marg
1217 1983 1252 2026 I
