1992 3094
211 92 319 144 478
777 88 1006 132 LIBANn
1037 86 1261 132 ORATIO
1294 86 1328 130 L

327 227 409 279 16.
463 226 721 278 Μάλιστα
759 221 862 293 μὲν
900 219 1004 277 οὖν
1042 223 1130 275 καὶ
1170 223 1236 275 τὰ
1274 222 1435 275 κοινὰ
1464 230 1576 276 τῶν
1607 222 1901 290 οἰκοδομη-
1947 198 1992 269 ,5

125 327 163 370 R
183 327 328 370 [1560
359 315 544 383 μάτων
575 316 682 366 σὺν
710 319 785 385 τῷ
820 313 1013 384 δικαίῳ
1053 313 1154 380 τὴν
1186 310 1360 381 ἀρχὴν
1387 309 1392 382 Ι
1422 308 1758 379 λαμβανέτω,
1797 310 1901 364 τὸν
1990 303 1992 305 ’

211 402 465 472 κέραμον.
542 403 589 455 εἰ
630 400 678 454 δ’
717 397 820 454 οὗν
860 402 944 454 δεῖ
982 421 1033 454 τι
1072 398 1164 453 καὶ
1204 399 1518 452 ἀδικεῖσθαι
1556 399 1680 468 περὶ
1726 405 1899 451 ταῦτα
1961 395 1965 400 ’

211 493 340 553 τοὺς
385 493 574 558 ὄνους,
621 491 743 560 περὶ
791 491 961 543 ταῦτά
1007 509 1068 557 γε
1112 489 1522 541 ἀδικείσθωσαν
1559 490 1715 555 μόνα.
1789 494 1903 540 νῦν
1959 538 1967 547 .,

169 599 188 632 5
213 578 298 647 δέ,
345 582 425 642 τίς
465 581 558 647 ἄν,
601 576 642 632 ὦ
686 581 764 647 Γῆ
805 579 895 631 καὶ
922 576 1079 631 ’Ήλιε
1119 575 1209 630 καὶ
1248 577 1374 630 θεοὶ
1412 577 1613 639 πάντες
1650 574 1742 629 καὶ
1782 577 1899 629 δαί-

212 686 391 736 μονες,
430 666 645 735 ἐνέγκαι
676 668 777 735 τὴν
807 668 1178 736 παρανομίαν;
1217 674 1334 728 τοῖς
1366 666 1625 733 ἰδιώταις,
1664 661 1706 718 ὦ
1742 666 1900 732 βασι-
1963 663 1965 666 ⁴

213 759 327 822 λεῦ,
365 763 534 808 ταῦτα
565 754 655 808 καὶ
689 754 908 808 δέδοται
940 756 1031 808 καὶ
1064 756 1293 808 δίδοται.
1370 753 1461 807 καὶ
1501 755 1560 808 οἱ
1593 754 1696 823 μὲν
1728 766 1902 824 προσ·
1962 784 1966 792 =

214 845 387 906 ιόντες
433 845 647 897 αἰτοῦσι
689 845 870 912 πύλην
918 844 1301 911 ὀνομάζοντες,
1358 842 1387 896 ὁ
1434 843 1536 912 μὲν
1582 845 1706 912 τήν,
1760 841 1789 895 ὁ
1837 842 1903 896 δὲ
1958 883 1962 886 -

213 934 336 1001 τήν,
377 932 405 985 ὁ
447 930 506 985 δὲ
546 934 648 1001 τὴν
685 936 899 1002 τρίτην,
938 939 1013 1005 τῷ
1047 932 1244 1001 ῥήματι
1283 933 1460 1004 τούτῳ
1498 933 1564 985 τὰ
1604 930 1677 985 δι’
1716 931 1904 986 αὐτῶν
1960 966 1961 970 =

149 1040 190 1073 10
213 1019 550 1089 ἐλαυνόμενα
604 1024 794 1088 λαβεῖν
849 1019 1151 1089 ἀξιοῦντες,
1207 1022 1265 1074 οἱ
1316 1019 1365 1073 δ’
1412 1022 1592 1091 ὥσπερ
1641 1020 1903 1074 ἁπάντων
1959 1006 1962 1010 ’

213 1110 424 1162 τούτων
479 1111 735 1163 δεσπόται
785 1108 988 1179 ταχέως
1043 1109 1365 1181 ἐχαρίσαντο
1411 1111 1478 1163 τὰ
1525 1110 1685 1178 ὀλίγα
1730 1110 1903 1181 γράμ-
1951 1127 1953 1131 ’

214 1218 367 1267 ματα.
454 1197 514 1251 ἐν
562 1196 623 1251 δὲ
673 1208 788 1261 τοῖς
837 1198 1047 1267 ὀλίγοις
1096 1200 1314 1262 τούτοις
1363 1199 1560 1252 πολλοὶ
1608 1199 1711 1266 μὲν
1761 1201 1903 1267 ὄνοι,
1963 1242 1966 1246 .

214 1285 409 1340 πολλοὶ
457 1288 517 1341 δὲ
563 1287 733 1358 ὀρεῖς,
783 1289 981 1341 πολλαὶ
1035 1288 1096 1341 δὲ
1147 1288 1395 1357 κάμηλοι.
1481 1283 1559 1341 ὧν
1606 1287 1902 1357 ἐπιλαμβά-
1958 1325 1965 1358 t

215 1378 412 1428 νονταί
460 1395 517 1429 τε
567 1374 658 1428 καὶ
704 1377 838 1447 πρὸς
887 1377 987 1429 τὸν
1033 1384 1172 1446 χοῦν
1214 1378 1423 1445 ἄγουσι
1468 1378 1724 1439 παίοντες
1770 1378 1902 1440 τοὺς

150 1482 191 1515 15
216 1462 546 1526 ἐλαύνοντας
585 1464 789 1517 οἰκέται
835 1474 948 1518 τῶν
987 1467 1384 1534 λαμβανόντων
1425 1467 1526 1534 τὴν
1564 1465 1728 1535 χάριν
1764 1465 1902 1535 πρὸς

214 1560 328 1614 τοῖς
367 1551 661 1621 ὑπηρέταις
697 1561 792 1621 τῆς
832 1553 1012 1623 ἀρχῆς.
1093 1554 1174 1606 17.
1231 1555 1283 1606 ει’
1319 1552 1370 1606 δ’
1405 1551 1535 1607 οὐδὲ
1575 1561 1902 1623 στρατηγοῖς
1959 1544 1990 1636 ἶ,

217 1640 701 1710 οἰκοδομουμένοις
766 1650 938 1695 ταῦτα
999 1642 1217 1711 δοτέον,
1279 1652 1394 1705 πῶς
1459 1636 1542 1705 οἷς
1607 1643 1902 1712 φροντίδες

127 1741 330 1786 RII561
363 1727 500 1798 ὑπὲρ
544 1731 550 1797 Ι
592 1725 671 1783 ὧν
717 1729 872 1784 αὐτοὶ
919 1730 1204 1801 κέκτηνται
1243 1733 1452 1801 μόνων,
1496 1732 1666 1784 ἄλλου
1707 1727 1767 1783 δὲ
1807 1730 1902 1784 οὐ·
1960 1750 1983 1792 χ

218 1817 394 1882 δενός;
428 1815 469 1871 ὦ
501 1819 721 1872 κάκιστε
753 1819 991 1889 ἀνδρῶν,
1024 1819 1295 1888 ἐπριάμην
1326 1817 1428 1888 μὲν
1455 1818 1561 1888 ἐγὼ
1594 1817 1684 1872 καὶ
1715 1818 1901 1890 τρέφω

153 1927 195 1959 20
218 1905 306 1958 καὶ
349 1908 536 1977 ἰατρὸν
569 1907 655 1960 ἐπὶ
694 1910 760 1961 τὰ
797 1900 1111 1977 χωλεύοντα
1150 1913 1296 1962 καλῶ
1328 1909 1416 1962 καὶ
1455 1909 1665 1978 μισθὸν
1699 1909 1901 1962 τούτου
1959 1963 1961 1966 ⁴

218 1998 376 2063 τελῶ,
423 1997 693 2062 βαδιεῖται
741 1997 801 2050 δὲ
839 1997 928 2050 καὶ
969 2000 1224 2067 χρήσεται
1263 2006 1379 2060 τοῖς
1415 1995 1582 2051 ποσὶν
1621 1997 1722 2066 οὐχ
1760 1994 1902 2067 ὑπὲρ

340 2159 391 2197 19
425 2155 481 2198 cf.
507 2171 551 2212 p.
570 2160 735 2209 444‚17

338 2307 363 2346 3
394 2319 436 2346 τι
469 2317 545 2346 om
576 2302 667 2347 Got
815 2309 840 2347 5
874 2303 927 2348 δέ
956 2321 1046 2360 τις,
1078 2302 1112 2350 ὦ
1147 2305 1238 2350 Got
1285 2306 1292 2365 Ι
1344 2308 1412 2362 Γῆ
1446 2306 1494 2350 et
1513 2302 1645 2350 “Hm
1677 2304 1843 2361 scripsi

221 2361 322 2404 coll.
348 2376 390 2418 p.
410 2366 510 2415 465,
531 2368 584 2406 15
646 2369 702 2419 γῆ
734 2365 782 2407 et
813 2361 910 2420 ἤλιε
940 2363 1051 2409 libri
1082 2365 1173 2408 edd
1347 2370 1373 2409 6
1403 2362 1704 2422 παρανομίαν
1737 2362 1901 2420 scripsi

221 2420 322 2464 coll.
348 2435 391 2494 Ρ.
410 2425 543 2474 479,1
606 2421 860 2477 παροινίαν
890 2422 999 2466 libri
1031 2424 1123 2468 edd
1154 2424 1236 2468 sed
1266 2423 1534 2479 παράνοιαν
1565 2424 1615 2467 in
1644 2436 1780 2480 marg
1810 2421 1903 2466 Got
1983 2458 1986 2460 v

280 2483 306 2522 8
340 2495 362 2522 ο
388 2478 438 2524 δὲ
461 2479 544 2534 τήν
569 2494 644 2524 om
668 2480 759 2524 Got
880 2486 934 2525 10
966 2481 1248 2539 ἐλαυνόμενα
1275 2482 1366 2527 Grot
1389 2483 1471 2527 sed
1495 2480 1774 2539 ἐρευνόμενα
1797 2481 1900 2538 (sic)
1979 2487 1987 2530 ss

221 2537 268 2580 in
300 2552 432 2595 marg
458 2540 465 2594 1
492 2538 537 2582 οἳ
567 2541 611 2583 Α
674 2538 726 2584 οῖ’
749 2541 795 2584 Ρ
823 2541 905 2584 sed
937 2540 950 2555 '
981 2541 1030 2585 in
1059 2555 1136 2585 ras
1167 2541 1238 2585 m²
1263 2544 1269 2598 Ι
1298 2542 1349 2587 δὲ
1380 2541 1449 2586 Re
1570 2547 1626 2585 14
1656 2557 1705 2585 τε
1735 2539 1902 2596 scripsi
1984 2542 1990 2583 ζ

280 2596 361 2653 μὲν
384 2597 492 2640 libri
510 2597 600 2641 edd
708 2603 761 2641 16
786 2598 837 2643 δὲ
852 2600 922 2644 Re
1036 2605 1089 2644 17
1115 2598 1186 2651 οἶς
1209 2600 1374 2657 scripsi
1435 2615 1508 2644 σοι
1530 2599 1641 2644 libri
1661 2599 1752 2643 edd
1813 2613 1900 2652 σοι,
1983 2629 1987 2635 -

222 2651 276 2698 οὗ
309 2655 411 2699 coni
443 2656 510 2700 Re
542 2656 681 2699 Anim
742 2659 894 2712 „locus
922 2660 1049 2703 haud
1079 2660 1212 2704 dubie
1241 2673 1432 2704 mancus
1468 2673 1596 2716 quem
1628 2661 1695 2703 sic
1728 2658 1902 2703 Gallice
1983 2658 1986 2660 ’

221 2715 334 2758 verti
364 2719 581 2770 tanquam
614 2717 850 2773 legeretur:
881 2724 980 2769 πῶς
1011 2732 1082 2762 σοι
1113 2718 1296 2776 ἰδιώτῃ;
1329 2714 1406 2774 ἆρ’
1436 2718 1559 2768 εἰκὸς
1581 2718 1690 2768 τοὺς
1712 2716 1900 2772 ἀνθρώ·
1979 2740 1988 2771 -3

222 2786 337 2823 πους
368 2772 487 2830 ἔχειν
518 2772 775 2830 φροντίδας
803 2775 919 2831 ὑπὲρ
952 2772 1053 2820 ὧν“
1085 2776 1298 2821 Monnier
1500 2781 1553 2820 18
1585 2775 1799 2832 κέκτηται
1827 2775 1864 2818 Ι
1889 2776 1896 2831 Ι

223 2830 366 2885 μόνον
398 2830 488 2875 Got
624 2836 677 2875 19
710 2834 895 2889 ἀνδρῶν
925 2835 972 2879 Ρ
1000 2835 1081 2878 sed
1114 2853 1148 2879 ω
1178 2835 1228 2878 in
1258 2849 1334 2879 ras
1365 2835 1435 2878 m²
1572 2839 1629 2879 20
1659 2835 1826 2879 τούτου
1857 2833 1904 2878 P
1941 2863 1946 2867 -

223 2889 304 2932 sed
335 2905 391 2933 ov
423 2891 484 2947 (2)
515 2890 565 2934 in
594 2904 669 2935 ras
698 2891 855 2934 m’cas
887 2902 956 2930 m-
