1992 3094
376 143 605 187 LIBANII
638 143 861 188 ORATIO
895 143 1139 189 CONTRA
1170 145 1531 190 TISAMENUM
1693 147 1794 199 181

47 335 54 342 ,
109 278 143 348 ἢ
197 279 369 332 αὑτὸν
423 279 854 348 ἀναμιμνήσκων
907 277 1069 333 ἔλυεν
1122 281 1154 349 ἢ
1209 291 1325 345 τοῖς
1382 281 1677 352 ὑπηρέταις
1731 279 1801 351 ἦν

110 367 542 437 ἀναμιμνήσκειν
581 367 826 436 ἐξουσία,
874 371 1238 440 μετριώτερον
1278 370 1348 424 ἂν
1386 366 1549 439 ἦλθε,
1597 378 1703 424 νῦν
1743 369 1792 424 δ’

111 448 318 524 ἀνάγκη
372 458 509 526 πρὸς
556 460 779 510 πολλῶν
828 459 1032 525 γόνατα
1077 468 1410 526 προσπεσεῖν
1463 460 1528 513 οὐ
1576 460 1800 513 πάντων

109 547 177 598 τὰ
227 553 456 598 τοιαῦτα
503 545 870 614 αἰδουμένων,
925 555 1036 600 τῶν
1085 546 1133 599 δ’
1166 544 1235 600 αὖ
1285 547 1700 617 ἐπιεικεστέρων
1745 549 1799 600 οἱ

110 634 211 703 μὲν
249 634 528 703 ἀσχολιάν,
576 635 628 687 οἱ
670 633 718 687 δ’
752 636 886 687 ἄλλο
930 655 978 688 τι
1018 638 1290 704 φήσαντες
1338 637 1539 690 δώσειν
1584 633 1686 704 μὲν
1725 633 1796 689 εἷ·
1844 656 1864 691 ⁵

111 741 217 777 πον
253 724 354 792 τὴν
392 724 571 792 χάριν,
612 722 787 785 εὐθὺς
826 720 887 776 δὲ
927 724 993 776 οὐ
1034 720 1328 778 δύνασθαι.
1390 732 1464 797 τῷ
1501 726 1561 779 δὲ
1599 727 1799 795 μακρό-

110 832 273 881 τερον
310 812 371 864 τὸ
407 810 414 882 Ι
448 813 631 865 κακόν.
1682 827 1722 869 R
1744 826 1887 869 11259

221 901 306 953 32.
351 894 466 952 Εἶτ’
498 900 569 954 ἂν
606 902 678 969 μὴ
713 901 1114 971 φιλάνθρωπος
1146 902 1372 972 ἀκούσῃ,
1413 904 1569 956 δεινὰ
1599 922 1801 956 πεπον-

110 989 272 1043 θέναι
312 988 447 1058 φησὶ
494 988 587 1042 καὶ
625 998 691 1059 τῇ
733 990 901 1059 φύσει
950 998 1016 1060 τῇ
1057 991 1229 1044 αὑτοῦ
1267 994 1639 1061 προσήκοντος
1678 991 1800 1044 ὀνό-

109 1098 278 1145 ματος
315 1078 610 1148 στέρεσθαι
649 1079 761 1135 ιοὐκ
801 1080 1196 1148 αἰσχυνόμενος
1235 1081 1444 1149 πληγὰς
1484 1078 1669 1149 ἑτέρας
1706 1082 1801 1142 τὰς
1825 1101 1867 1133 ιο

110 1168 245 1220 κατὰ
279 1176 391 1220 τῶν
423 1167 492 1220 οὐ
525 1166 852 1235 δυναμένων
885 1167 1167 1238 εἰσπρᾶξαι
1198 1171 1328 1232 τοὺς
1359 1169 1425 1222 οὐ
1458 1167 1803 1237 δυναμένους

111 1255 332 1309 ε’κτίσαι.
408 1258 588 1309 καίτοι
635 1259 694 1308 τί
735 1257 1078 1326 μιαρώτερον
1123 1265 1222 1310 τοῦ
1270 1259 1342 1326 μὴ
1382 1258 1662 1310 δύνασθαι
1700 1254 1803 1326 μὲν

112 1345 311 1413 λέγειν,
351 1346 424 1407 ὡς
455 1345 557 1414 οὐχ
590 1345 734 1398 οὕτω
774 1343 920 1398 τοῦτ’
955 1345 1137 1414 ἐχρῆν,
1177 1355 1271 1415 τῆς
1312 1347 1373 1399 δὲ
1403 1356 1515 1399 τῶν
1550 1347 1800 1414 εἰσπρατ-

110 1433 356 1502 τομένων
417 1434 650 1502 ἀπορίας
711 1433 962 1487 ἀπαιτεῖν
1032 1435 1186 1498 δίκας
1253 1438 1384 1498 τοὺς
1440 1434 1802 1503 τεταγμένους

111 1523 478 1591 εἰσπράττειν;
533 1523 728 1591 ὅμοιον
776 1524 880 1591 γὰρ
919 1525 1082 1576 τοῦτό
1137 1543 1199 1591 γε
1245 1530 1320 1596 τῷ
1362 1523 1508 1593 παρὰ
1553 1532 1665 1576 τῶν
1721 1524 1802 1575 la·
1826 1544 1867 1576 ιε

111 1621 257 1681 τρῶν
311 1611 561 1665 ἀπαιτεῖν
624 1615 825 1676 ζῶντας
885 1613 1018 1675 τοὺς
1077 1614 1425 1681 τεθνηκότας.
1510 1612 1636 1664 οὔτε
1697 1612 1801 1681 γὰρ

31 1694 37 1702 ”
112 1698 289 1753 ε’κεῖνο
328 1710 440 1753 τῶν
478 1699 721 1769 ἐχόντων
758 1699 873 1754 ἐστὶ
921 1701 1097 1769 φύσιν
1142 1702 1308 1754 τοῦτό
1355 1719 1412 1752 τε
1450 1709 1561 1753 τῶν
1601 1699 1803 1752 ἀδυνά-

27 1799 50 1859 J„
111 1807 236 1842 των.
310 1787 415 1841 κᾶν
476 1790 629 1859 δείρῃ
691 1810 773 1852 τις
826 1790 927 1842 τὸν
979 1789 1299 1857 ὀφείλοντα,
1360 1790 1422 1841 τὸ
1477 1788 1649 1857 δέρμα
1701 1785 1804 1857 μὲν

38 1914 42 1947 3
113 1875 358 1946 ἀφέλοιτ’
389 1878 476 1939 ἄν,
532 1880 778 1947 χρήματα
833 1878 894 1931 δὲ
946 1878 1047 1930 τὸν
1101 1877 1203 1930 οὐκ
1257 1880 1450 1946 ἔχοντα
1505 1879 1649 1945 ἔχειν
1702 1876 1804 1929 οὐκ

113 1963 236 2018 ἔσθ’
264 1965 410 2029 ὅπως
448 1959 853 2035 ἃνποιήσειεν.
931 1966 959 2019 ὁ
1002 1964 1062 2019 δὲ
1102 1969 1231 2029 τοὺς
1279 1963 1381 2033 μὲν
1418 1966 1745 2035 πράκτορας,
1791 1967 1868 2035 {20

115 2054 161 2106 εἰ
199 2055 271 2123 μὴ
313 2055 557 2108 δύναιντ’
589 2054 660 2108 ἂν
699 2054 1002 2125 εἰσπρᾶξαι,
1041 2056 1258 2108 δίκαιον
1290 2048 1436 2107 εἶναι’
1470 2068 1642 2123 φησιν
1681 2066 1720 2109 R
1746 2066 1891 2109 11260

234 2250 258 2288 2
290 2251 427 2289 τοῦτο
459 2246 543 2303 οὐχ
576 2244 733 2290 ἕπεται
766 2249 829 2305 τῷ
860 2243 978 2304 λόγῳ
1011 2243 1157 2295 οὕτως
1187 2242 1400 2300 κείμενον
1432 2243 1502 2288 V²

235 2427 257 2465 1
292 2422 436 2466 αὑτὸν
461 2423 507 2465 Ρ
535 2420 652 2467 sed
685 2419 743 2467 θ’
781 2436 882 2466 corr
906 2422 975 2465 m⁴
1037 2421 1179 2465 αὐτὸν
1204 2422 1250 2465 Β
1278 2420 1380 2464 Mor
1406 2422 1411 2476 Ι
1440 2419 1801 2477 ἀναμιμνήσκων

116 2478 218 2523 Μοι·
359 2486 383 2524 2
418 2480 604 2534 ἐξουσία
637 2508 692 2514 -
727 2486 754 2525 3
786 2480 965 2538 ἀνάγκη
999 2493 1073 2523 om
1098 2480 1200 2523 Mor
1240 2482 1246 2535 Ι
1288 2475 1347 2535 ἦν
1378 2479 1446 2523 Re
1478 2479 1602 2535 quod
1634 2479 1802 2535 impro-

114 2537 245 2582 bavit
275 2539 542 2584 Monnerius
609 2555 722 2584 num
754 2541 968 2596 ἀπῆλθεῖ
997 2545 1002 2594 Ι
1032 2539 1082 2584 δὲ
1114 2539 1181 2582 Ro
1303 2544 1328 2582 5
1361 2538 1407 2582 οἳ
1438 2539 1518 2583 ΑΙ
1573 2536 1626 2582 οἴ
1649 2540 1694 2582 Ρ
1722 2537 1804 2580 sed

114 2595 253 2642 'add
276 2599 359 2654 m³‚
392 2601 492 2644 BV
535 2600 541 2658 Ι
584 2599 636 2644 δὲ
667 2600 734 2643 Re
886 2604 911 2642 6
943 2601 1006 2658 τῷ
1038 2611 1062 2641 e
1094 2615 1155 2641 τω
1189 2611 1290 2641 corr
1314 2598 1385 2641 P⁴
1528 2602 1553 2640 9
1587 2596 1729 2640 αὑτοῦ
1761 2598 1808 2640 Ρ

54 2678 55 2683 =
117 2655 235 2700 sed
273 2658 322 2700 in
345 2670 421 2702 ras
444 2659 515 2701 m⁴
591 2659 736 2703 αὐτοῦ
768 2659 843 2701 IB
855 2645 988 2702 VaV
995 2657 1097 2700 Mor
1157 2655 1325 2700 ἑαυτοῦ
1357 2656 1425 2700 Re
1548 2660 1602 2698 10
1632 2654 1716 2707 τὰς
1747 2681 1802 2687 -

119 2719 170 2758 11
205 2716 447 2772 εἰσπρᾶξαι
478 2731 555 2761 om
579 2718 681 2761 Mor
848 2722 898 2760 11
933 2715 1177 2771 εἰσπρᾶξαι
1202 2716 1302 2759 BV
1462 2719 1514 2758 12
1555 2714 1730 2758 ἐκτῖσαι
1761 2715 1808 2758 Ρ

53 2807 55 2811 .
119 2774 240 2818 sed*
273 2776 322 2818 in
345 2789 420 2820 ras
444 2776 528 2830 m³‚
559 2775 757 2820 fortasse
789 2777 913 2820 recte
945 2775 1002 2819 cf.
1028 2774 1089 2818 ad
1119 2774 1213 2817 t.11
1237 2779 1338 2829 465,
1356 2778 1382 2816 3
1551 2778 1604 2817 13
1637 2773 1699 2823 ὡς
1729 2787 1804 2816 om

58 2975 66 3004 ί

48 3030 73 3094 'i

47 2873 55 2884 ,
117 2831 219 2877 Mor
244 2836 251 2891 Ι
278 2835 407 2893 οὐχ,
410 2836 613 2890 ‚deletum
646 2836 852 2879 mallem“
885 2834 952 2877 Re
1087 2838 1142 2876 14
1174 2830 1396 2888 εὐπορίας
1427 2831 1529 2876 Mor
1665 2836 1717 2874 15
1750 2831 1805 2875 τὸ

117 2891 193 2936 ΙΒ
314 2898 368 2937 16
398 2901 482 2938 τοῦ
514 2895 549 2937 Ι
687 2898 741 2937 17
773 2909 823 2949 γε
854 2892 956 2936 Mor
1031 2906 1105 2935 om
1129 2893 1164 2934 Ι
1302 2896 1354 2935 19
1387 2887 1630 2946 ἀφαιροῖτ’
1658 2890 1760 2934 Mor
1795 2891 1800 2949 Ι

119 2948 282 2995 οὐκέθ’
311 2950 435 2996 Mor
532 2957 585 2996 21
621 2969 680 2996 αν
714 2952 966 2996 delendum
996 2951 1181 2995 videtur
1208 2953 1213 3006 Ι
1243 2950 1388 3006 φασὶν
1419 2949 1521 2994 Mor
