<?xml version="1.0" encoding="UTF-8"?>
<!DOCTYPE html PUBLIC "-//W3C//DTD XHTML 1.0 Transitional//EN"
    "http://www.w3.org/TR/xhtml1/DTD/xhtml1-transitional.dtd">
<html xmlns="http://www.w3.org/1999/xhtml" xml:lang="en" lang="en">
 <head>
  <title>
</title>
<meta http-equiv="Content-Type" content="text/html;charset=utf-8" />
  <meta name='ocr-system' content='tesseract 3.04.00' />
  <meta name='ocr-capabilities' content='ocr_page ocr_carea ocr_par ocr_line ocrx_word'/>
</head>
<body>
  <div class='ocr_page' id='page_1' title='image "./operarecensuitri03libauoft_0293.png"; bbox 0 0 1992 3094; ppageno 0'>
   <div class='ocr_carea' id='block_1_1' title="bbox 360 101 1819 156">
    <p class='ocr_par' dir='ltr' id='par_1_1' title="bbox 360 101 1819 156">
     <span class='ocr_line' id='line_1_1' title="bbox 360 101 1819 156; baseline 0.003 -11"><span class='ocrx_word' id='word_1_1' title='bbox 360 102 587 146; x_wconf 88' lang='lat' dir='ltr'><strong>LIBANII</strong></span> <span class='ocrx_word' id='word_1_2' title='bbox 619 101 844 146; x_wconf 82' lang='lat' dir='ltr'><strong>ORATIO</strong></span> <span class='ocrx_word' id='word_1_3' title='bbox 876 102 958 146; x_wconf 91' lang='lat' dir='ltr'><em>AD</em></span> <span class='ocrx_word' id='word_1_4' title='bbox 992 102 1212 147; x_wconf 87' lang='lat' dir='ltr'>DICERE</span> <span class='ocrx_word' id='word_1_5' title='bbox 1244 103 1566 148; x_wconf 88' lang='lat' dir='ltr'>NOLENTES</span> <span class='ocrx_word' id='word_1_6' title='bbox 1696 104 1819 156; x_wconf 78' lang='lat'><em>223</em></span> 
     </span>
    </p>
   </div>
   <div class='ocr_carea' id='block_1_2' title="bbox 102 235 1893 2174">
    <p class='ocr_par' dir='ltr' id='par_1_2' title="bbox 102 235 1893 2174">
     <span class='ocr_line' id='line_1_2' title="bbox 222 235 1806 309; baseline 0.001 -19"><span class='ocrx_word' id='word_1_7' title='bbox 222 237 307 290; x_wconf 82' lang='lat'><em>26.</em></span> <span class='ocrx_word' id='word_1_8' title='bbox 360 235 523 291; x_wconf 79' lang='grc' dir='ltr'><em>Ἀλλ’</em></span> <span class='ocrx_word' id='word_1_9' title='bbox 553 238 675 306; x_wconf 89' lang='grc' dir='ltr'><em>ἡδὺ</em></span> <span class='ocrx_word' id='word_1_10' title='bbox 714 239 782 291; x_wconf 94' lang='grc' dir='ltr'><em>τὸ</em></span> <span class='ocrx_word' id='word_1_11' title='bbox 822 239 902 307; x_wconf 86' lang='grc' dir='ltr'><em>μὴ</em></span> <span class='ocrx_word' id='word_1_12' title='bbox 941 248 1197 307; x_wconf 80' lang='grc' dir='ltr'><em>πονεῖν,</em></span> <span class='ocrx_word' id='word_1_13' title='bbox 1245 239 1274 292; x_wconf 88' lang='grc' dir='ltr'>ὃ</span> <span class='ocrx_word' id='word_1_14' title='bbox 1316 238 1390 292; x_wconf 89' lang='grc' dir='ltr'><em>δέ</em></span> <span class='ocrx_word' id='word_1_15' title='bbox 1424 259 1492 307; x_wconf 90' lang='grc' dir='ltr'><em>γε</em></span> <span class='ocrx_word' id='word_1_16' title='bbox 1533 237 1656 309; x_wconf 81' lang='grc' dir='ltr'><em>φῂς</em></span> <span class='ocrx_word' id='word_1_17' title='bbox 1696 240 1806 292; x_wconf 82' lang='grc' dir='ltr'><em>αὐ-</em></span> 
     </span>
     <span class='ocr_line' id='line_1_3' title="bbox 110 326 1804 397; baseline 0 -16"><span class='ocrx_word' id='word_1_18' title='bbox 110 329 238 395; x_wconf 81' lang='grc' dir='ltr'><em>τός,</em></span> <span class='ocrx_word' id='word_1_19' title='bbox 275 326 538 380; x_wconf 89' lang='grc' dir='ltr'><em>ἀπαιτεῖ</em></span> <span class='ocrx_word' id='word_1_20' title='bbox 571 328 791 380; x_wconf 82' lang='grc' dir='ltr'><strong><em>πόνον.</em></strong></span> <span class='ocrx_word' id='word_1_21' title='bbox 852 327 941 380; x_wconf 83' lang='grc' dir='ltr'><em>καὶ</em></span> <span class='ocrx_word' id='word_1_22' title='bbox 980 329 1036 380; x_wconf 86' lang='grc' dir='ltr'><em>τί</em></span> <span class='ocrx_word' id='word_1_23' title='bbox 1065 328 1256 381; x_wconf 89' lang='grc' dir='ltr'><em>δεινὸν</em></span> <span class='ocrx_word' id='word_1_24' title='bbox 1293 328 1638 391; x_wconf 79' lang='grc' dir='ltr'><em>ἀποστάντας</em></span> <span class='ocrx_word' id='word_1_25' title='bbox 1676 328 1804 397; x_wconf 92' lang='grc' dir='ltr'><em>ἡδο-</em></span> 
     </span>
     <span class='ocr_line' id='line_1_4' title="bbox 110 415 1804 487; baseline 0.001 -19"><span class='ocrx_word' id='word_1_26' title='bbox 110 424 209 484; x_wconf 84' lang='grc' dir='ltr'><em>νῆς</em></span> <span class='ocrx_word' id='word_1_27' title='bbox 251 417 524 485; x_wconf 84' lang='grc' dir='ltr'><em>βλαβερᾶς</em></span> <span class='ocrx_word' id='word_1_28' title='bbox 575 418 890 485; x_wconf 82' lang='grc' dir='ltr'><em>χρήσασθαι</em></span> <span class='ocrx_word' id='word_1_29' title='bbox 936 418 1132 479; x_wconf 80' lang='grc' dir='ltr'><em>πόνοις</em></span> <span class='ocrx_word' id='word_1_30' title='bbox 1182 416 1589 487; x_wconf 82' lang='grc' dir='ltr'><em>συμφέρουσιν;</em></span> <span class='ocrx_word' id='word_1_31' title='bbox 1645 419 1692 471; x_wconf 89' lang='grc' dir='ltr'><em>εἰ</em></span> <span class='ocrx_word' id='word_1_32' title='bbox 1744 415 1804 470; x_wconf 76' lang='grc' dir='ltr'><em>δὲ</em></span> 
     </span>
     <span class='ocr_line' id='line_1_5' title="bbox 108 503 1803 575; baseline 0.001 -17"><span class='ocrx_word' id='word_1_33' title='bbox 108 505 194 558; x_wconf 87' lang='grc' dir='ltr'><em>τὸ·</em></span> <span class='ocrx_word' id='word_1_34' title='bbox 217 503 373 567; x_wconf 88' lang='grc' dir='ltr'><em>τέλος</em></span> <span class='ocrx_word' id='word_1_35' title='bbox 417 512 517 558; x_wconf 87' lang='grc' dir='ltr'><em>τοῦ</em></span> <span class='ocrx_word' id='word_1_36' title='bbox 564 503 756 567; x_wconf 82' lang='grc' dir='ltr'><em>τέλους</em></span> <span class='ocrx_word' id='word_1_37' title='bbox 801 503 1040 573; x_wconf 89' lang='grc' dir='ltr'><em>βέλτιον,</em></span> <span class='ocrx_word' id='word_1_38' title='bbox 1094 508 1328 573; x_wconf 82' lang='grc' dir='ltr'><em>βελτίων</em></span> <span class='ocrx_word' id='word_1_39' title='bbox 1381 514 1476 575; x_wconf 88' lang='grc' dir='ltr'><em>τῆς</em></span> <span class='ocrx_word' id='word_1_40' title='bbox 1528 507 1731 575; x_wconf 82' lang='grc' dir='ltr'><em>ἡδονῆς</em></span> <span class='ocrx_word' id='word_1_41' title='bbox 1774 506 1803 560; x_wconf 89' lang='grc' dir='ltr'>ὁ</span> 
     </span>
     <span class='ocr_line' id='line_1_6' title="bbox 110 592 1871 664; baseline 0.001 -17"><span class='ocrx_word' id='word_1_42' title='bbox 110 595 295 656; x_wconf 89' lang='grc' dir='ltr'><em>πόνος.</em></span> <span class='ocrx_word' id='word_1_43' title='bbox 371 592 479 662; x_wconf 85' lang='grc' dir='ltr'><em>ἡδὺ</em></span> <span class='ocrx_word' id='word_1_44' title='bbox 530 593 632 661; x_wconf 82' lang='grc' dir='ltr'><em>μὲν</em></span> <span class='ocrx_word' id='word_1_45' title='bbox 685 603 803 656; x_wconf 90' lang='grc' dir='ltr'><em>τοῖς</em></span> <span class='ocrx_word' id='word_1_46' title='bbox 853 602 1119 663; x_wconf 78' lang='grc' dir='ltr'><em>γεωργοῖς</em></span> <span class='ocrx_word' id='word_1_47' title='bbox 1172 594 1381 663; x_wconf 79' lang='grc' dir='ltr'><em>ἀργεῖν,</em></span> <span class='ocrx_word' id='word_1_48' title='bbox 1435 594 1564 647; x_wconf 80' lang='grc' dir='ltr'><em>ἀλλ’</em></span> <span class='ocrx_word' id='word_1_49' title='bbox 1595 594 1802 664; x_wconf 79' lang='grc' dir='ltr'><em>ἀνάγκη</em></span> <span class='ocrx_word' id='word_1_50' title='bbox 1851 617 1871 649; x_wconf 86' lang='lat'><strong>5</strong></span> 
     </span>
     <span class='ocr_line' id='line_1_7' title="bbox 110 681 1893 753; baseline 0.003 -18"><span class='ocrx_word' id='word_1_51' title='bbox 110 690 319 751; x_wconf 82' lang='grc' dir='ltr'><em>πεινῆν.</em></span> <span class='ocrx_word' id='word_1_52' title='bbox 397 683 490 735; x_wconf 80' lang='grc' dir='ltr'><em>διὰ</em></span> <span class='ocrx_word' id='word_1_53' title='bbox 535 690 698 735; x_wconf 88' lang='grc' dir='ltr'><em>τοῦτο</em></span> <span class='ocrx_word' id='word_1_54' title='bbox 747 682 946 751; x_wconf 88' lang='grc' dir='ltr'><em>ἀροῦσι</em></span> <span class='ocrx_word' id='word_1_55' title='bbox 993 681 1083 735; x_wconf 87' lang='grc' dir='ltr'><em>καὶ</em></span> <span class='ocrx_word' id='word_1_56' title='bbox 1142 681 1148 753; x_wconf 89' lang='grc' dir='ltr'>Ι</span> <span class='ocrx_word' id='word_1_57' title='bbox 1207 684 1499 752; x_wconf 79' lang='grc' dir='ltr'><em>σπείρουσι</em></span> <span class='ocrx_word' id='word_1_58' title='bbox 1543 701 1640 737; x_wconf 89' lang='grc' dir='ltr'><em>πο-</em></span> <span class='ocrx_word' id='word_1_59' title='bbox 1687 696 1790 739; x_wconf 87' lang='lat' dir='ltr'><em>RII</em></span> <span class='ocrx_word' id='word_1_60' title='bbox 1806 701 1893 741; x_wconf 84' lang='lat'><em>295</em></span> 
     </span>
     <span class='ocr_line' id='line_1_8' title="bbox 107 769 1810 845; baseline 0.001 -21"><span class='ocrx_word' id='word_1_61' title='bbox 107 778 361 838; x_wconf 88' lang='grc' dir='ltr'><em>νοῦντες,</em></span> <span class='ocrx_word' id='word_1_62' title='bbox 418 772 565 833; x_wconf 85' lang='grc' dir='ltr'><em>ὅπως</em></span> <span class='ocrx_word' id='word_1_63' title='bbox 609 772 681 840; x_wconf 90' lang='grc' dir='ltr'><em>μὴ</em></span> <span class='ocrx_word' id='word_1_64' title='bbox 728 779 894 824; x_wconf 84' lang='grc' dir='ltr'><em>τοῦτο</em></span> <span class='ocrx_word' id='word_1_65' title='bbox 934 772 1188 824; x_wconf 85' lang='grc' dir='ltr'><em>πάθοιεν.</em></span> <span class='ocrx_word' id='word_1_66' title='bbox 1266 769 1349 825; x_wconf 80' lang='grc' dir='ltr'><em>ἔνι</em></span> <span class='ocrx_word' id='word_1_67' title='bbox 1395 774 1567 835; x_wconf 88' lang='grc' dir='ltr'><em>πόνος</em></span> <span class='ocrx_word' id='word_1_68' title='bbox 1620 771 1682 826; x_wconf 81' lang='grc' dir='ltr'><em>ἐν</em></span> <span class='ocrx_word' id='word_1_69' title='bbox 1734 780 1810 845; x_wconf 76' lang='grc' dir='ltr'><em>τῷ</em></span> 
     </span>
     <span class='ocr_line' id='line_1_9' title="bbox 107 859 1803 930; baseline 0 -16"><span class='ocrx_word' id='word_1_70' title='bbox 107 866 266 914; x_wconf 89' lang='grc' dir='ltr'><em>πλεῖν</em></span> <span class='ocrx_word' id='word_1_71' title='bbox 303 861 419 927; x_wconf 85' lang='grc' dir='ltr'><em>καί,</em></span> <span class='ocrx_word' id='word_1_72' title='bbox 470 861 540 928; x_wconf 87' lang='grc' dir='ltr'><em>νὴ</em></span> <span class='ocrx_word' id='word_1_73' title='bbox 579 862 691 913; x_wconf 89' lang='grc' dir='ltr'><em>Δία</em></span> <span class='ocrx_word' id='word_1_74' title='bbox 731 879 818 928; x_wconf 89' lang='grc' dir='ltr'><em>γε,</em></span> <span class='ocrx_word' id='word_1_75' title='bbox 864 859 956 912; x_wconf 86' lang='grc' dir='ltr'><em>καὶ</em></span> <span class='ocrx_word' id='word_1_76' title='bbox 996 861 1267 913; x_wconf 82' lang='grc' dir='ltr'><em>κίνδυνοι.</em></span> <span class='ocrx_word' id='word_1_77' title='bbox 1345 860 1482 913; x_wconf 83' lang='grc' dir='ltr'><em>ἀλλά</em></span> <span class='ocrx_word' id='word_1_78' title='bbox 1527 863 1588 914; x_wconf 91' lang='grc' dir='ltr'><em>τὸ</em></span> <span class='ocrx_word' id='word_1_79' title='bbox 1635 875 1803 930; x_wconf 84' lang='grc' dir='ltr'><em>προσ-</em></span> 
     </span>
     <span class='ocr_line' id='line_1_10' title="bbox 106 946 1801 1018; baseline 0.001 -16"><span class='ocrx_word' id='word_1_80' title='bbox 106 954 292 1002; x_wconf 80' lang='grc' dir='ltr'><em>θεῖναι</em></span> <span class='ocrx_word' id='word_1_81' title='bbox 354 958 469 1011; x_wconf 90' lang='grc' dir='ltr'><em>τοῖς</em></span> <span class='ocrx_word' id='word_1_82' title='bbox 531 946 695 1003; x_wconf 81' lang='grc' dir='ltr'><em>οὖσιν</em></span> <span class='ocrx_word' id='word_1_83' title='bbox 755 950 919 1017; x_wconf 80' lang='grc' dir='ltr'><em>ἥδιον</em></span> <span class='ocrx_word' id='word_1_84' title='bbox 981 949 1012 1016; x_wconf 76' lang='grc' dir='ltr'>ἢ</span> <span class='ocrx_word' id='word_1_85' title='bbox 1068 950 1130 1001; x_wconf 92' lang='grc' dir='ltr'><em>τὸ</em></span> <span class='ocrx_word' id='word_1_86' title='bbox 1191 946 1330 1017; x_wconf 76' lang='grc' dir='ltr'><em>μηδὲ</em></span> <span class='ocrx_word' id='word_1_87' title='bbox 1391 948 1647 1018; x_wconf 84' lang='grc' dir='ltr'><em>ἐπιβῆναι</em></span> <span class='ocrx_word' id='word_1_88' title='bbox 1700 959 1801 1003; x_wconf 88' lang='grc' dir='ltr'><em>τοῦ</em></span> 
     </span>
     <span class='ocr_line' id='line_1_11' title="bbox 108 1037 1869 1107; baseline 0.001 -16"><span class='ocrx_word' id='word_1_89' title='bbox 108 1038 371 1106; x_wconf 79' lang='grc' dir='ltr'><em>σκάφους.</em></span> <span class='ocrx_word' id='word_1_90' title='bbox 433 1039 482 1091; x_wconf 84' lang='grc' dir='ltr'><em>εἰ</em></span> <span class='ocrx_word' id='word_1_91' title='bbox 513 1044 684 1091; x_wconf 83' lang='grc' dir='ltr'><em>ταῦτα</em></span> <span class='ocrx_word' id='word_1_92' title='bbox 715 1039 923 1106; x_wconf 81' lang='grc' dir='ltr'><em>πύκτης</em></span> <span class='ocrx_word' id='word_1_93' title='bbox 955 1037 1242 1106; x_wconf 81' lang='grc' dir='ltr'><em>ἐλογίζετο,</em></span> <span class='ocrx_word' id='word_1_94' title='bbox 1281 1037 1410 1091; x_wconf 85' lang='grc' dir='ltr'><em>πότ’</em></span> <span class='ocrx_word' id='word_1_95' title='bbox 1433 1038 1502 1091; x_wconf 77' lang='grc' dir='ltr'><em>ἂν</em></span> <span class='ocrx_word' id='word_1_96' title='bbox 1533 1038 1800 1107; x_wconf 83' lang='grc' dir='ltr'><em>ἠνέγκατο</em></span> <span class='ocrx_word' id='word_1_97' title='bbox 1827 1062 1869 1094; x_wconf 84' lang='grc' dir='ltr'><em>ιο</em></span> 
     </span>
     <span class='ocr_line' id='line_1_12' title="bbox 107 1126 1802 1197; baseline 0.001 -17"><span class='ocrx_word' id='word_1_98' title='bbox 107 1126 408 1196; x_wconf 86' lang='grc' dir='ltr'><em>στέφανον;</em></span> <span class='ocrx_word' id='word_1_99' title='bbox 462 1127 569 1195; x_wconf 87' lang='grc' dir='ltr'><em>ἡδὺ</em></span> <span class='ocrx_word' id='word_1_100' title='bbox 618 1127 716 1195; x_wconf 83' lang='grc' dir='ltr'><em>ζῆν</em></span> <span class='ocrx_word' id='word_1_101' title='bbox 754 1126 854 1190; x_wconf 79' lang='grc' dir='ltr'><em>ἔξω</em></span> <span class='ocrx_word' id='word_1_102' title='bbox 895 1128 1088 1194; x_wconf 88' lang='grc' dir='ltr'><em>λόγων.</em></span> <span class='ocrx_word' id='word_1_103' title='bbox 1150 1126 1183 1195; x_wconf 92' lang='grc' dir='ltr'><em>ἡ</em></span> <span class='ocrx_word' id='word_1_104' title='bbox 1225 1126 1285 1179; x_wconf 88' lang='grc' dir='ltr'><em>δ’</em></span> <span class='ocrx_word' id='word_1_105' title='bbox 1315 1126 1377 1180; x_wconf 81' lang='grc' dir='ltr'><em>ἐν</em></span> <span class='ocrx_word' id='word_1_106' title='bbox 1428 1129 1802 1197; x_wconf 78' lang='grc' dir='ltr'><em>δικαστηρίοις</em></span> 
     </span>
     <span class='ocr_line' id='line_1_13' title="bbox 107 1213 1802 1285; baseline 0.001 -17"><span class='ocrx_word' id='word_1_107' title='bbox 107 1217 280 1284; x_wconf 89' lang='grc' dir='ltr'><em>σιωπὴ</em></span> <span class='ocrx_word' id='word_1_108' title='bbox 322 1216 505 1284; x_wconf 82' lang='grc' dir='ltr'><em>λύπην</em></span> <span class='ocrx_word' id='word_1_109' title='bbox 544 1216 646 1269; x_wconf 87' lang='grc' dir='ltr'><em>οὐκ</em></span> <span class='ocrx_word' id='word_1_110' title='bbox 685 1213 819 1284; x_wconf 81' lang='grc' dir='ltr'><em>ἔχει;</em></span> <span class='ocrx_word' id='word_1_111' title='bbox 867 1215 1028 1284; x_wconf 80' lang='grc' dir='ltr'><em>ἀηδὲς</em></span> <span class='ocrx_word' id='word_1_112' title='bbox 1069 1217 1459 1284; x_wconf 87' lang='grc' dir='ltr'><em>συγγράμμασι</em></span> <span class='ocrx_word' id='word_1_113' title='bbox 1498 1218 1696 1269; x_wconf 87' lang='grc' dir='ltr'><em>δοῦναι</em></span> <span class='ocrx_word' id='word_1_114' title='bbox 1736 1218 1802 1285; x_wconf 78' lang='grc' dir='ltr'><em>τά</em></span> 
     </span>
     <span class='ocr_line' id='line_1_14' title="bbox 106 1301 1799 1374; baseline -0.002 -15"><span class='ocrx_word' id='word_1_115' title='bbox 106 1306 328 1374; x_wconf 76' lang='grc' dir='ltr'><em>ὄμματα.</em></span> <span class='ocrx_word' id='word_1_116' title='bbox 406 1303 434 1357; x_wconf 91' lang='grc' dir='ltr'>ὁ</span> <span class='ocrx_word' id='word_1_117' title='bbox 475 1301 537 1357; x_wconf 76' lang='grc' dir='ltr'><em>δὲ</em></span> <span class='ocrx_word' id='word_1_118' title='bbox 578 1304 844 1357; x_wconf 82' lang='grc' dir='ltr'><em>ἐντεῦθεν</em></span> <span class='ocrx_word' id='word_1_119' title='bbox 883 1306 1040 1366; x_wconf 87' lang='grc' dir='ltr'><em>τόκος</em></span> <span class='ocrx_word' id='word_1_120' title='bbox 1080 1304 1182 1373; x_wconf 90' lang='grc' dir='ltr'><em>οὐχ</em></span> <span class='ocrx_word' id='word_1_121' title='bbox 1221 1305 1475 1372; x_wconf 80' lang='grc' dir='ltr'><em>ἥδιστον;</em></span> <span class='ocrx_word' id='word_1_122' title='bbox 1527 1305 1612 1356; x_wconf 83' lang='grc'><em>27.</em></span> <span class='ocrx_word' id='word_1_123' title='bbox 1654 1305 1799 1357; x_wconf 82' lang='grc' dir='ltr'><em>οὕτω</em></span> 
     </span>
     <span class='ocr_line' id='line_1_15' title="bbox 103 1390 1808 1463; baseline 0.001 -17"><span class='ocrx_word' id='word_1_124' title='bbox 103 1395 168 1446; x_wconf 88' lang='grc' dir='ltr'><em>τὰ</em></span> <span class='ocrx_word' id='word_1_125' title='bbox 214 1390 317 1463; x_wconf 74' lang='grc' dir='ltr'><em>μὲν</em></span> <span class='ocrx_word' id='word_1_126' title='bbox 368 1393 501 1462; x_wconf 89' lang='grc' dir='ltr'><em>ἡδέα</em></span> <span class='ocrx_word' id='word_1_127' title='bbox 555 1394 688 1462; x_wconf 90' lang='grc' dir='ltr'><em>ἡμῖν</em></span> <span class='ocrx_word' id='word_1_128' title='bbox 743 1395 821 1455; x_wconf 86' lang='grc' dir='ltr'><em>εἰς</em></span> <span class='ocrx_word' id='word_1_129' title='bbox 874 1392 1075 1462; x_wconf 84' lang='grc' dir='ltr'><em>ἀηδίαν</em></span> <span class='ocrx_word' id='word_1_130' title='bbox 1128 1396 1376 1463; x_wconf 81' lang='grc' dir='ltr'><em>τελευτᾷ,</em></span> <span class='ocrx_word' id='word_1_131' title='bbox 1430 1394 1497 1445; x_wconf 79' lang='grc' dir='ltr'><em>τὰ</em></span> <span class='ocrx_word' id='word_1_132' title='bbox 1551 1390 1611 1446; x_wconf 77' lang='grc' dir='ltr'><em>δὲ</em></span> <span class='ocrx_word' id='word_1_133' title='bbox 1659 1393 1808 1463; x_wconf 86' lang='grc' dir='ltr'><em>ἀηδῆ</em></span> 
     </span>
     <span class='ocr_line' id='line_1_16' title="bbox 105 1481 1866 1551; baseline 0.001 -17"><span class='ocrx_word' id='word_1_134' title='bbox 105 1483 379 1535; x_wconf 88' lang='grc' dir='ltr'><em>δοκοῦντα</em></span> <span class='ocrx_word' id='word_1_135' title='bbox 411 1484 488 1545; x_wconf 89' lang='grc' dir='ltr'><em>εἰς</em></span> <span class='ocrx_word' id='word_1_136' title='bbox 526 1481 754 1551; x_wconf 85' lang='grc' dir='ltr'><em>ἡδονήν,</em></span> <span class='ocrx_word' id='word_1_137' title='bbox 803 1482 1013 1551; x_wconf 88' lang='grc' dir='ltr'><em>ἡδονὴν</em></span> <span class='ocrx_word' id='word_1_138' title='bbox 1050 1483 1083 1550; x_wconf 80' lang='grc' dir='ltr'>ἢ</span> <span class='ocrx_word' id='word_1_139' title='bbox 1123 1484 1263 1550; x_wconf 88' lang='grc' dir='ltr'><em>μόνη</em></span> <span class='ocrx_word' id='word_1_140' title='bbox 1316 1481 1603 1551; x_wconf 89' lang='grc' dir='ltr'><em>πρέπουσά</em></span> <span class='ocrx_word' id='word_1_141' title='bbox 1649 1482 1799 1535; x_wconf 82' lang='grc' dir='ltr'><em>ἐστιν</em></span> <span class='ocrx_word' id='word_1_142' title='bbox 1824 1506 1866 1538; x_wconf 88' lang='lat'><em>15</em></span> 
     </span>
     <span class='ocr_line' id='line_1_17' title="bbox 105 1570 1804 1641; baseline 0 -17"><span class='ocrx_word' id='word_1_143' title='bbox 105 1571 270 1640; x_wconf 89' lang='grc' dir='ltr'><em>ἀνδρί</em></span> <span class='ocrx_word' id='word_1_144' title='bbox 305 1591 367 1639; x_wconf 91' lang='grc' dir='ltr'><em>γε</em></span> <span class='ocrx_word' id='word_1_145' title='bbox 406 1571 479 1634; x_wconf 83' lang='grc' dir='ltr'><em>ὡς</em></span> <span class='ocrx_word' id='word_1_146' title='bbox 518 1570 758 1640; x_wconf 80' lang='grc' dir='ltr'><em>ἀληθῶς,</em></span> <span class='ocrx_word' id='word_1_147' title='bbox 805 1571 876 1639; x_wconf 79' lang='grc' dir='ltr'><em>ἣν</em></span> <span class='ocrx_word' id='word_1_148' title='bbox 915 1570 1089 1635; x_wconf 84' lang='grc' dir='ltr'><em>ἔξεστι</em></span> <span class='ocrx_word' id='word_1_149' title='bbox 1129 1573 1303 1640; x_wconf 84' lang='grc' dir='ltr'><em>καλὴν</em></span> <span class='ocrx_word' id='word_1_150' title='bbox 1340 1579 1677 1641; x_wconf 87' lang='grc' dir='ltr'><em>προσειπεῖν.</em></span> <span class='ocrx_word' id='word_1_151' title='bbox 1746 1574 1804 1624; x_wconf 89' lang='grc' dir='ltr'><em>τί</em></span> 
     </span>
     <span class='ocr_line' id='line_1_18' title="bbox 104 1659 1799 1730; baseline 0.001 -18"><span class='ocrx_word' id='word_1_152' title='bbox 104 1661 207 1730; x_wconf 78' lang='grc' dir='ltr'><em>γὰρ</em></span> <span class='ocrx_word' id='word_1_153' title='bbox 248 1665 392 1714; x_wconf 77' lang='grc' dir='ltr'><em>εἴποι</em></span> <span class='ocrx_word' id='word_1_154' title='bbox 431 1680 513 1723; x_wconf 91' lang='grc' dir='ltr'><em>τις</em></span> <span class='ocrx_word' id='word_1_155' title='bbox 553 1660 622 1712; x_wconf 81' lang='grc' dir='ltr'><em>ἂν</em></span> <span class='ocrx_word' id='word_1_156' title='bbox 660 1661 891 1714; x_wconf 87' lang='grc' dir='ltr'><em>κάλλιον</em></span> <span class='ocrx_word' id='word_1_157' title='bbox 931 1659 963 1728; x_wconf 78' lang='grc' dir='ltr'>ἢ</span> <span class='ocrx_word' id='word_1_158' title='bbox 997 1661 1045 1713; x_wconf 86' lang='grc' dir='ltr'><em>εἰ</em></span> <span class='ocrx_word' id='word_1_159' title='bbox 1083 1659 1224 1714; x_wconf 84' lang='grc' dir='ltr'><em>καθ’</em></span> <span class='ocrx_word' id='word_1_160' title='bbox 1248 1661 1466 1713; x_wconf 77' lang='grc' dir='ltr'><em>ἅπασαν</em></span> <span class='ocrx_word' id='word_1_161' title='bbox 1501 1662 1601 1729; x_wconf 90' lang='grc' dir='ltr'><em>τὴν</em></span> <span class='ocrx_word' id='word_1_162' title='bbox 1632 1662 1799 1714; x_wconf 92' lang='grc' dir='ltr'><em>πόλιν</em></span> 
     </span>
     <span class='ocr_line' id='line_1_19' title="bbox 105 1746 1798 1818; baseline 0 -16"><span class='ocrx_word' id='word_1_163' title='bbox 105 1750 266 1817; x_wconf 87' lang='grc' dir='ltr'><em>λόγος</em></span> <span class='ocrx_word' id='word_1_164' title='bbox 305 1755 386 1817; x_wconf 79' lang='grc' dir='ltr'><em>εἴη</em></span> <span class='ocrx_word' id='word_1_165' title='bbox 426 1750 551 1817; x_wconf 85' lang='grc' dir='ltr'><em>περὶ</em></span> <span class='ocrx_word' id='word_1_166' title='bbox 592 1751 796 1818; x_wconf 85' lang='grc' dir='ltr'><em>λόγους</em></span> <span class='ocrx_word' id='word_1_167' title='bbox 836 1749 1110 1818; x_wconf 79' lang='grc' dir='ltr'><em>ῥηθέντας</em></span> <span class='ocrx_word' id='word_1_168' title='bbox 1147 1753 1348 1813; x_wconf 86' lang='grc' dir='ltr'><em>καλῶς;</em></span> <span class='ocrx_word' id='word_1_169' title='bbox 1396 1749 1540 1802; x_wconf 82' lang='grc' dir='ltr'><em>οὕτω</em></span> <span class='ocrx_word' id='word_1_170' title='bbox 1587 1746 1690 1816; x_wconf 75' lang='grc' dir='ltr'><em>μὲν</em></span> <span class='ocrx_word' id='word_1_171' title='bbox 1728 1748 1798 1802; x_wconf 79' lang='grc' dir='ltr'><em>ἂν</em></span> 
     </span>
     <span class='ocr_line' id='line_1_20' title="bbox 102 1837 1796 1907; baseline 0.001 -17"><span class='ocrx_word' id='word_1_172' title='bbox 102 1838 193 1891; x_wconf 84' lang='grc' dir='ltr'><em>καὶ</em></span> <span class='ocrx_word' id='word_1_173' title='bbox 232 1838 489 1907; x_wconf 85' lang='grc' dir='ltr'><em>ἀλλήλοις</em></span> <span class='ocrx_word' id='word_1_174' title='bbox 528 1837 634 1907; x_wconf 84' lang='grc' dir='ltr'><em>ἐγώ</em></span> <span class='ocrx_word' id='word_1_175' title='bbox 674 1858 730 1891; x_wconf 90' lang='grc' dir='ltr'><em>τε</em></span> <span class='ocrx_word' id='word_1_176' title='bbox 772 1840 861 1891; x_wconf 84' lang='grc' dir='ltr'><em>καὶ</em></span> <span class='ocrx_word' id='word_1_177' title='bbox 910 1838 1066 1906; x_wconf 85' lang='grc' dir='ltr'><em>ὑμεῖς</em></span> <span class='ocrx_word' id='word_1_178' title='bbox 1113 1837 1283 1907; x_wconf 82' lang='grc' dir='ltr'><em>ἡδέως</em></span> <span class='ocrx_word' id='word_1_179' title='bbox 1330 1840 1644 1907; x_wconf 84' lang='grc' dir='ltr'><em>συνείημεν,</em></span> <span class='ocrx_word' id='word_1_180' title='bbox 1691 1837 1796 1906; x_wconf 82' lang='grc' dir='ltr'><em>ἐγὼ</em></span> 
     </span>
     <span class='ocr_line' id='line_1_21' title="bbox 102 1923 1864 1996; baseline 0.002 -18"><span class='ocrx_word' id='word_1_181' title='bbox 102 1923 203 1992; x_wconf 77' lang='grc' dir='ltr'><em>μὲν</em></span> <span class='ocrx_word' id='word_1_182' title='bbox 250 1928 488 1995; x_wconf 82' lang='grc' dir='ltr'><em>εἰληφὼς</em></span> <span class='ocrx_word' id='word_1_183' title='bbox 526 1927 707 1996; x_wconf 88' lang='grc' dir='ltr'><em>χάριν,</em></span> <span class='ocrx_word' id='word_1_184' title='bbox 761 1927 918 1996; x_wconf 88' lang='grc' dir='ltr'><em>ὑμεῖς</em></span> <span class='ocrx_word' id='word_1_185' title='bbox 972 1927 1034 1980; x_wconf 80' lang='grc' dir='ltr'><em>δὲ</em></span> <span class='ocrx_word' id='word_1_186' title='bbox 1085 1929 1408 1994; x_wconf 86' lang='grc' dir='ltr'><em>δεδωκότες,</em></span> <span class='ocrx_word' id='word_1_187' title='bbox 1463 1928 1536 1990; x_wconf 85' lang='grc' dir='ltr'><em>ὡς</em></span> <span class='ocrx_word' id='word_1_188' title='bbox 1581 1935 1689 1980; x_wconf 88' lang='grc' dir='ltr'><em>νῦν</em></span> <span class='ocrx_word' id='word_1_189' title='bbox 1736 1947 1797 1996; x_wconf 91' lang='grc' dir='ltr'><em>γε</em></span> <span class='ocrx_word' id='word_1_190' title='bbox 1821 1951 1864 1982; x_wconf 78' lang='lat'><em>20</em></span> 
     </span>
     <span class='ocr_line' id='line_1_22' title="bbox 104 2013 1796 2085; baseline 0.001 -18"><span class='ocrx_word' id='word_1_191' title='bbox 104 2014 539 2085; x_wconf 83' lang='grc' dir='ltr'><em>δυσχεραίνομεν</em></span> <span class='ocrx_word' id='word_1_192' title='bbox 577 2017 866 2085; x_wconf 86' lang='grc' dir='ltr'><em>ἀλλήλους,</em></span> <span class='ocrx_word' id='word_1_193' title='bbox 906 2016 1062 2083; x_wconf 87' lang='grc' dir='ltr'><em>ὑμεῖς</em></span> <span class='ocrx_word' id='word_1_194' title='bbox 1100 2016 1202 2082; x_wconf 79' lang='grc' dir='ltr'><em>μὲν</em></span> <span class='ocrx_word' id='word_1_195' title='bbox 1241 2013 1332 2082; x_wconf 73' lang='grc' dir='ltr'><em>ἐμὲ</em></span> <span class='ocrx_word' id='word_1_196' title='bbox 1371 2017 1470 2069; x_wconf 90' lang='grc' dir='ltr'><em>τὸν</em></span> <span class='ocrx_word' id='word_1_197' title='bbox 1508 2015 1616 2084; x_wconf 83' lang='grc' dir='ltr'><em>ὑφ’</em></span> <span class='ocrx_word' id='word_1_198' title='bbox 1639 2016 1796 2085; x_wconf 88' lang='grc' dir='ltr'><em>ὑμῶν</em></span> 
     </span>
     <span class='ocr_line' id='line_1_23' title="bbox 102 2102 1592 2174; baseline 0.001 -19"><span class='ocrx_word' id='word_1_199' title='bbox 102 2102 484 2172; x_wconf 88' lang='grc' dir='ltr'><em>ἀδικούμενον,</em></span> <span class='ocrx_word' id='word_1_200' title='bbox 524 2104 629 2173; x_wconf 84' lang='grc' dir='ltr'><em>ἐγὼ</em></span> <span class='ocrx_word' id='word_1_201' title='bbox 670 2102 730 2158; x_wconf 72' lang='grc' dir='ltr'><em>δὲ</em></span> <span class='ocrx_word' id='word_1_202' title='bbox 770 2105 911 2172; x_wconf 87' lang='grc' dir='ltr'><em>ὑμᾶς</em></span> <span class='ocrx_word' id='word_1_203' title='bbox 948 2108 1079 2167; x_wconf 88' lang='grc' dir='ltr'><em>τοὺς</em></span> <span class='ocrx_word' id='word_1_204' title='bbox 1118 2104 1448 2167; x_wconf 88' lang='grc' dir='ltr'><em>ἀδικοῦντας</em></span> <span class='ocrx_word' id='word_1_205' title='bbox 1487 2103 1592 2174; x_wconf 86' lang='grc' dir='ltr'><em>έμέ.</em></span> 
     </span>
    </p>
   </div>
   <div class='ocr_carea' id='block_1_3' title="bbox 103 2216 455 2222">
    <p class='ocr_par' dir='ltr' id='par_1_3' title="bbox 103 2216 455 2222">
     <span class='ocr_line' id='line_1_24' title="bbox 103 2216 455 2222; baseline 0 0"><span class='ocrx_word' id='word_1_206' title='bbox 103 2216 455 2222; x_wconf 95' lang='lat' dir='ltr'><em> </em></span> 
     </span>
    </p>
   </div>
   <div class='ocr_carea' id='block_1_4' title="bbox 103 2278 1794 2455">
    <p class='ocr_par' dir='ltr' id='par_1_4' title="bbox 103 2278 1794 2455">
     <span class='ocr_line' id='line_1_25' title="bbox 221 2278 1793 2338; baseline 0.002 -17"><span class='ocrx_word' id='word_1_207' title='bbox 221 2283 275 2322; x_wconf 80' lang='grc'><em>21</em></span> <span class='ocrx_word' id='word_1_208' title='bbox 310 2278 695 2338; x_wconf 84' lang='grc' dir='ltr'><em>δυσχεραίνομεν]</em></span> <span class='ocrx_word' id='word_1_209' title='bbox 729 2279 832 2335; x_wconf 83' lang='grc' dir='ltr'><em>ἤτοι</em></span> <span class='ocrx_word' id='word_1_210' title='bbox 864 2287 1100 2337; x_wconf 86' lang='grc' dir='ltr'><em>μισοῦμεν,</em></span> <span class='ocrx_word' id='word_1_211' title='bbox 1132 2280 1213 2323; x_wconf 80' lang='grc' dir='ltr'><em>καὶ</em></span> <span class='ocrx_word' id='word_1_212' title='bbox 1245 2279 1326 2323; x_wconf 83' lang='grc' dir='ltr'><em>διὰ</em></span> <span class='ocrx_word' id='word_1_213' title='bbox 1359 2287 1494 2324; x_wconf 86' lang='grc' dir='ltr'><em>τοῦτο</em></span> <span class='ocrx_word' id='word_1_214' title='bbox 1529 2279 1793 2337; x_wconf 79' lang='grc' dir='ltr'><em>συνετάχθη</em></span> 
     </span>
     <span class='ocr_line' id='line_1_26' title="bbox 104 2336 1794 2396; baseline 0.003 -17"><span class='ocrx_word' id='word_1_215' title='bbox 104 2336 356 2396; x_wconf 81' lang='grc' dir='ltr'><em>αἰτιατικῇ,</em></span> <span class='ocrx_word' id='word_1_216' title='bbox 398 2337 470 2383; x_wconf 79' lang='grc' dir='ltr'><em>ὅτε</em></span> <span class='ocrx_word' id='word_1_217' title='bbox 514 2339 565 2382; x_wconf 79' lang='grc' dir='ltr'><em>δὲ</em></span> <span class='ocrx_word' id='word_1_218' title='bbox 611 2347 758 2384; x_wconf 84' lang='grc' dir='ltr'><em>κεῖται</em></span> <span class='ocrx_word' id='word_1_219' title='bbox 801 2340 852 2384; x_wconf 89' lang='grc' dir='ltr'><em>τὸ</em></span> <span class='ocrx_word' id='word_1_220' title='bbox 895 2337 1188 2396; x_wconf 85' lang='grc' dir='ltr'><em>δυσχεραίνει</em></span> <span class='ocrx_word' id='word_1_221' title='bbox 1228 2339 1332 2384; x_wconf 85' lang='grc' dir='ltr'><em>ἀντὶ</em></span> <span class='ocrx_word' id='word_1_222' title='bbox 1371 2346 1453 2382; x_wconf 83' lang='grc' dir='ltr'><em>τοῦ</em></span> <span class='ocrx_word' id='word_1_223' title='bbox 1497 2340 1646 2396; x_wconf 74' lang='grc' dir='ltr'><em>ἀλγεῖ,</em></span> <span class='ocrx_word' id='word_1_224' title='bbox 1687 2353 1794 2384; x_wconf 85' lang='grc' dir='ltr'><em>συν-</em></span> 
     </span>
     <span class='ocr_line' id='line_1_27' title="bbox 103 2395 590 2455; baseline 0.006 -16"><span class='ocrx_word' id='word_1_225' title='bbox 103 2395 296 2441; x_wconf 83' lang='grc' dir='ltr'><em>τακτέον</em></span> <span class='ocrx_word' id='word_1_226' title='bbox 328 2399 487 2455; x_wconf 79' lang='grc' dir='ltr'><em>δοτικῇ</em></span> <span class='ocrx_word' id='word_1_227' title='bbox 524 2398 590 2442; x_wconf 80' lang='lat' dir='ltr'><em>V²</em></span> 
     </span>
    </p>
   </div>
   <div class='ocr_carea' id='block_1_5' title="bbox 103 2495 457 2503">
    <p class='ocr_par' dir='ltr' id='par_1_5' title="bbox 103 2495 457 2503">
     <span class='ocr_line' id='line_1_28' title="bbox 103 2495 457 2503; baseline 0 591"><span class='ocrx_word' id='word_1_228' title='bbox 103 2495 457 2503; x_wconf 95' lang='lat' dir='ltr'><em> </em></span> 
     </span>
    </p>
   </div>
   <div class='ocr_carea' id='block_1_6' title="bbox 102 2558 1800 2970">
    <p class='ocr_par' dir='ltr' id='par_1_6' title="bbox 102 2558 1800 2970">
     <span class='ocr_line' id='line_1_29' title="bbox 222 2558 1733 2618; baseline 0.002 -18"><span class='ocrx_word' id='word_1_229' title='bbox 222 2562 245 2600; x_wconf 94' lang='lat'>1</span> <span class='ocrx_word' id='word_1_230' title='bbox 280 2558 372 2615; x_wconf 84' lang='grc' dir='ltr'><em>φὴς</em></span> <span class='ocrx_word' id='word_1_231' title='bbox 405 2562 566 2604; x_wconf 86' lang='lat' dir='ltr'><strong><em>MOIB</em></strong></span> <span class='ocrx_word' id='word_1_232' title='bbox 739 2565 764 2603; x_wconf 88' lang='lat'>5</span> <span class='ocrx_word' id='word_1_233' title='bbox 797 2560 888 2616; x_wconf 83' lang='grc' dir='ltr'><em>ἡδὺ</em></span> <span class='ocrx_word' id='word_1_234' title='bbox 923 2587 974 2592; x_wconf 89' lang='grc'>-</span> <span class='ocrx_word' id='word_1_235' title='bbox 1012 2566 1065 2604; x_wconf 82' lang='grc'><em>12</em></span> <span class='ocrx_word' id='word_1_236' title='bbox 1100 2561 1190 2618; x_wconf 75' lang='grc' dir='ltr'><em>ἔχει</em></span> <span class='ocrx_word' id='word_1_237' title='bbox 1222 2561 1339 2604; x_wconf 76' lang='lat' dir='ltr'>citat</span> <span class='ocrx_word' id='word_1_238' title='bbox 1368 2561 1486 2604; x_wconf 80' lang='lat' dir='ltr'>Plan</span> <span class='ocrx_word' id='word_1_239' title='bbox 1518 2560 1596 2604; x_wconf 87' lang='lat' dir='ltr'><strong>fol.</strong></span> <span class='ocrx_word' id='word_1_240' title='bbox 1625 2565 1733 2604; x_wconf 75' lang='lat' dir='ltr'><em>104v</em></span> 
     </span>
     <span class='ocr_line' id='line_1_30' title="bbox 104 2617 1800 2679; baseline 0.003 -21"><span class='ocrx_word' id='word_1_241' title='bbox 104 2619 130 2658; x_wconf 83' lang='lat'><strong>6</strong></span> <span class='ocrx_word' id='word_1_242' title='bbox 162 2617 377 2662; x_wconf 85' lang='grc' dir='ltr'><em>διατοῦτο</em></span> <span class='ocrx_word' id='word_1_243' title='bbox 412 2619 824 2664; x_wconf 83' lang='lat' dir='ltr'>MoIMBVPlan</span> <span class='ocrx_word' id='word_1_244' title='bbox 1006 2624 1031 2662; x_wconf 84' lang='lat'>9</span> <span class='ocrx_word' id='word_1_245' title='bbox 1066 2619 1188 2663; x_wconf 82' lang='grc' dir='ltr'><em>ἴδιον</em></span> <span class='ocrx_word' id='word_1_246' title='bbox 1223 2621 1260 2665; x_wconf 87' lang='grc' dir='ltr'><em>Ο</em></span> <span class='ocrx_word' id='word_1_247' title='bbox 1298 2621 1304 2679; x_wconf 84' lang='grc' dir='ltr'>Ι</span> <span class='ocrx_word' id='word_1_248' title='bbox 1344 2620 1402 2676; x_wconf 85' lang='grc' dir='ltr'><em>μὴ</em></span> <span class='ocrx_word' id='word_1_249' title='bbox 1436 2621 1487 2665; x_wconf 83' lang='grc' dir='ltr'><em>δὲ</em></span> <span class='ocrx_word' id='word_1_250' title='bbox 1523 2621 1800 2664; x_wconf 87' lang='lat' dir='ltr'><em>MoIMBV</em></span> 
     </span>
     <span class='ocr_line' id='line_1_31' title="bbox 102 2672 1796 2737; baseline 0.004 -21"><span class='ocrx_word' id='word_1_251' title='bbox 102 2672 218 2718; x_wconf 77' lang='lat' dir='ltr'>Plan</span> <span class='ocrx_word' id='word_1_252' title='bbox 340 2682 391 2720; x_wconf 93' lang='lat'><em>11</em></span> <span class='ocrx_word' id='word_1_253' title='bbox 427 2678 688 2733; x_wconf 87' lang='grc' dir='ltr'><em>στεφάνους</em></span> <span class='ocrx_word' id='word_1_254' title='bbox 717 2679 834 2722; x_wconf 81' lang='lat' dir='ltr'>Plan</span> <span class='ocrx_word' id='word_1_255' title='bbox 973 2684 1025 2722; x_wconf 84' lang='lat'><em>12</em></span> <span class='ocrx_word' id='word_1_256' title='bbox 1060 2678 1239 2735; x_wconf 85' lang='grc' dir='ltr'><em>σιωπὴν</em></span> <span class='ocrx_word' id='word_1_257' title='bbox 1263 2681 1298 2723; x_wconf 95' lang='grc' dir='ltr'><em>Ι</em></span> <span class='ocrx_word' id='word_1_258' title='bbox 1318 2681 1324 2737; x_wconf 80' lang='grc' dir='ltr'>Ι</span> <span class='ocrx_word' id='word_1_259' title='bbox 1353 2678 1671 2736; x_wconf 80' lang='grc' dir='ltr'><em>συγγράμματι</em></span> <span class='ocrx_word' id='word_1_260' title='bbox 1703 2680 1796 2723; x_wconf 81' lang='grc' dir='ltr'><em>ΑΡ</em></span> 
     </span>
     <span class='ocr_line' id='line_1_32' title="bbox 104 2733 1793 2796; baseline 0.004 -20"><span class='ocrx_word' id='word_1_261' title='bbox 104 2733 185 2777; x_wconf 77' lang='lat' dir='ltr'><em>sed</em></span> <span class='ocrx_word' id='word_1_262' title='bbox 215 2734 265 2777; x_wconf 88' lang='lat' dir='ltr'><em>in</em></span> <span class='ocrx_word' id='word_1_263' title='bbox 287 2734 375 2780; x_wconf 88' lang='lat' dir='ltr'><em>hoc</em></span> <span class='ocrx_word' id='word_1_264' title='bbox 407 2751 433 2780; x_wconf 88' lang='grc' dir='ltr'><em>σ</em></span> <span class='ocrx_word' id='word_1_265' title='bbox 465 2751 606 2793; x_wconf 84' lang='lat' dir='ltr'>supra</span> <span class='ocrx_word' id='word_1_266' title='bbox 636 2754 661 2780; x_wconf 84' lang='grc' dir='ltr'><em>τ</em></span> <span class='ocrx_word' id='word_1_267' title='bbox 694 2752 767 2781; x_wconf 82' lang='lat' dir='ltr'><em>scr</em></span> <span class='ocrx_word' id='word_1_268' title='bbox 788 2738 873 2793; x_wconf 59' lang='grc' dir='ltr'><em>ωδ,</em></span> <span class='ocrx_word' id='word_1_269' title='bbox 899 2739 1090 2782; x_wconf 89' lang='lat' dir='ltr'><strong><em>IMBV</em></strong></span> <span class='ocrx_word' id='word_1_270' title='bbox 1235 2743 1287 2781; x_wconf 91' lang='lat'><em>13</em></span> <span class='ocrx_word' id='word_1_271' title='bbox 1321 2736 1370 2782; x_wconf 84' lang='grc' dir='ltr'><em>δ’</em></span> <span class='ocrx_word' id='word_1_272' title='bbox 1401 2738 1467 2782; x_wconf 86' lang='lat' dir='ltr'><em>Re</em></span> <span class='ocrx_word' id='word_1_273' title='bbox 1495 2739 1501 2796; x_wconf 84' lang='grc' dir='ltr'>Ι</span> <span class='ocrx_word' id='word_1_274' title='bbox 1531 2738 1738 2782; x_wconf 81' lang='grc' dir='ltr'><em>ἐνταῦθα</em></span> <span class='ocrx_word' id='word_1_275' title='bbox 1764 2740 1793 2782; x_wconf 93' lang='grc'><em>1</em></span> 
     </span>
     <span class='ocr_line' id='line_1_33' title="bbox 164 2794 1790 2853; baseline 0.002 -18"><span class='ocrx_word' id='word_1_276' title='bbox 164 2797 218 2835; x_wconf 86' lang='grc'><em>14</em></span> <span class='ocrx_word' id='word_1_277' title='bbox 249 2794 359 2849; x_wconf 84' lang='grc' dir='ltr'><em>ὑμῖν</em></span> <span class='ocrx_word' id='word_1_278' title='bbox 390 2797 436 2839; x_wconf 89' lang='grc' dir='ltr'><strong><em>Β</em></strong></span> <span class='ocrx_word' id='word_1_279' title='bbox 468 2796 549 2840; x_wconf 82' lang='lat' dir='ltr'><em>sed</em></span> <span class='ocrx_word' id='word_1_280' title='bbox 581 2813 610 2840; x_wconf 87' lang='lat' dir='ltr'><strong><em>v</em></strong></span> <span class='ocrx_word' id='word_1_281' title='bbox 640 2797 690 2839; x_wconf 90' lang='lat' dir='ltr'><em>in</em></span> <span class='ocrx_word' id='word_1_282' title='bbox 712 2810 788 2840; x_wconf 86' lang='lat' dir='ltr'><em>ras</em></span> <span class='ocrx_word' id='word_1_283' title='bbox 912 2802 965 2839; x_wconf 83' lang='lat'><em>15</em></span> <span class='ocrx_word' id='word_1_284' title='bbox 1000 2796 1174 2853; x_wconf 80' lang='grc' dir='ltr'><em>ἡδονὴν</em></span> <span class='ocrx_word' id='word_1_285' title='bbox 1205 2797 1404 2841; x_wconf 77' lang='lat' dir='ltr'>fortasse</span> <span class='ocrx_word' id='word_1_286' title='bbox 1435 2797 1790 2840; x_wconf 82' lang='lat' dir='ltr'>cancellandum</span> 
     </span>
     <span class='ocr_line' id='line_1_34' title="bbox 164 2853 1789 2913; baseline 0.003 -19"><span class='ocrx_word' id='word_1_287' title='bbox 164 2856 216 2894; x_wconf 87' lang='grc'><em>16</em></span> <span class='ocrx_word' id='word_1_288' title='bbox 250 2853 499 2909; x_wconf 82' lang='grc' dir='ltr'><em>ὡςαληθῶς</em></span> <span class='ocrx_word' id='word_1_289' title='bbox 530 2857 576 2899; x_wconf 91' lang='grc' dir='ltr'><strong><em>Β</em></strong></span> <span class='ocrx_word' id='word_1_290' title='bbox 747 2860 800 2898; x_wconf 83' lang='grc'><em>17</em></span> <span class='ocrx_word' id='word_1_291' title='bbox 834 2853 893 2899; x_wconf 74' lang='grc' dir='ltr'><em>ἂν</em></span> <span class='ocrx_word' id='word_1_292' title='bbox 924 2859 1032 2911; x_wconf 70' lang='lat' dir='ltr'><strong>post</strong></span> <span class='ocrx_word' id='word_1_293' title='bbox 1062 2873 1131 2907; x_wconf 90' lang='grc' dir='ltr'><em>τις</em></span> <span class='ocrx_word' id='word_1_294' title='bbox 1160 2856 1336 2899; x_wconf 84' lang='lat' dir='ltr'>inserui</span> <span class='ocrx_word' id='word_1_295' title='bbox 1367 2870 1391 2899; x_wconf 84' lang='lat' dir='ltr'>e</span> <span class='ocrx_word' id='word_1_296' title='bbox 1426 2857 1474 2909; x_wconf 91' lang='lat' dir='ltr'><em>V,</em></span> <span class='ocrx_word' id='word_1_297' title='bbox 1508 2858 1614 2912; x_wconf 74' lang='lat' dir='ltr'>post</span> <span class='ocrx_word' id='word_1_298' title='bbox 1645 2855 1732 2913; x_wconf 80' lang='grc' dir='ltr'><em>γὰρ</em></span> <span class='ocrx_word' id='word_1_299' title='bbox 1765 2869 1789 2899; x_wconf 83' lang='lat' dir='ltr'>e</span> 
     </span>
     <span class='ocr_line' id='line_1_35' title="bbox 105 2909 767 2970; baseline 0.008 -17"><span class='ocrx_word' id='word_1_300' title='bbox 105 2909 190 2954; x_wconf 84' lang='lat' dir='ltr'><em>Mo</em></span> <span class='ocrx_word' id='word_1_301' title='bbox 220 2910 287 2954; x_wconf 82' lang='lat' dir='ltr'><em>Re</em></span> <span class='ocrx_word' id='word_1_302' title='bbox 350 2926 425 2955; x_wconf 88' lang='lat' dir='ltr'><em>om</em></span> <span class='ocrx_word' id='word_1_303' title='bbox 455 2913 626 2970; x_wconf 83' lang='lat' dir='ltr'>reliqui</span> <span class='ocrx_word' id='word_1_304' title='bbox 658 2913 767 2958; x_wconf 85' lang='lat' dir='ltr'>libri</span> 
     </span>
    </p>
   </div>
  </div>
 </body>
</html>
