<?xml version="1.0" encoding="UTF-8"?>
<!DOCTYPE html PUBLIC "-//W3C//DTD XHTML 1.0 Transitional//EN"
    "http://www.w3.org/TR/xhtml1/DTD/xhtml1-transitional.dtd">
<html xmlns="http://www.w3.org/1999/xhtml" xml:lang="en" lang="en">
 <head>
  <title>
</title>
<meta http-equiv="Content-Type" content="text/html;charset=utf-8" />
  <meta name='ocr-system' content='tesseract 3.04.00' />
  <meta name='ocr-capabilities' content='ocr_page ocr_carea ocr_par ocr_line ocrx_word'/>
</head>
<body>
  <div class='ocr_page' id='page_1' title='image "./operarecensuitri03libauoft_0535.png"; bbox 0 0 1992 3094; ppageno 0'>
   <div class='ocr_carea' id='block_1_1' title="bbox 7 1488 17 1746">
    <p class='ocr_par' dir='ltr' id='par_1_1' title="bbox 7 1488 17 1746">
     <span class='ocr_line' id='line_1_1' title="bbox 7 1488 17 1746; textangle 90"><span class='ocrx_word' id='word_1_1' title='bbox 7 1579 15 1746; x_wconf 44' lang='lat'><em>0—-0-2-0..</em></span> <span class='ocrx_word' id='word_1_2' title='bbox 10 1488 17 1524; x_wconf 53' lang='grc' dir='ltr'><em>μ,</em></span> 
     </span>
    </p>
   </div>
   <div class='ocr_carea' id='block_1_2' title="bbox 248 81 1827 136">
    <p class='ocr_par' dir='ltr' id='par_1_2' title="bbox 248 81 1827 136">
     <span class='ocr_line' id='line_1_2' title="bbox 248 81 1827 136; baseline 0.001 -10"><span class='ocrx_word' id='word_1_3' title='bbox 248 82 478 126; x_wconf 80' lang='lat' dir='ltr'><strong>LIBANII</strong></span> <span class='ocrx_word' id='word_1_4' title='bbox 508 81 732 126; x_wconf 84' lang='lat' dir='ltr'>ORATIO</span> <span class='ocrx_word' id='word_1_5' title='bbox 764 82 848 127; x_wconf 88' lang='lat' dir='ltr'><em>AD</em></span> <span class='ocrx_word' id='word_1_6' title='bbox 881 81 1277 128; x_wconf 83' lang='lat' dir='ltr'>THEODOSIUM</span> <span class='ocrx_word' id='word_1_7' title='bbox 1308 82 1427 128; x_wconf 85' lang='lat' dir='ltr'><em>PRO</em></span> <span class='ocrx_word' id='word_1_8' title='bbox 1461 82 1655 127; x_wconf 82' lang='lat' dir='ltr'>CURIIS</span> <span class='ocrx_word' id='word_1_9' title='bbox 1716 83 1827 136; x_wconf 80' lang='lat'><em>465</em></span> 
     </span>
    </p>
   </div>
   <div class='ocr_carea' id='block_1_3' title="bbox 128 217 1915 1973">
    <p class='ocr_par' dir='ltr' id='par_1_3' title="bbox 128 217 1915 1886">
     <span class='ocr_line' id='line_1_3' title="bbox 247 217 1826 287; baseline 0.001 -17"><span class='ocrx_word' id='word_1_10' title='bbox 247 218 333 271; x_wconf 80' lang='lat'><em>27.</em></span> <span class='ocrx_word' id='word_1_11' title='bbox 397 219 644 287; x_wconf 79' lang='grc' dir='ltr'><em>Μάστιγι</em></span> <span class='ocrx_word' id='word_1_12' title='bbox 698 221 894 272; x_wconf 88' lang='grc' dir='ltr'><strong><em>τοίνυν</em></strong></span> <span class='ocrx_word' id='word_1_13' title='bbox 949 218 1151 281; x_wconf 84' lang='grc' dir='ltr'><em>αὐτοὺς</em></span> <span class='ocrx_word' id='word_1_14' title='bbox 1205 217 1465 287; x_wconf 89' lang='grc' dir='ltr'><em>ἀμείνους</em></span> <span class='ocrx_word' id='word_1_15' title='bbox 1519 217 1826 287; x_wconf 81' lang='grc' dir='ltr'><em>ἀπόφηνον,</em></span> 
     </span>
     <span class='ocr_line' id='line_1_4' title="bbox 130 303 1915 378; baseline 0.002 -18"><span class='ocrx_word' id='word_1_16' title='bbox 130 307 266 376; x_wconf 79' lang='grc' dir='ltr'><em>ὅπερ</em></span> <span class='ocrx_word' id='word_1_17' title='bbox 299 303 369 361; x_wconf 87' lang='grc' dir='ltr'><em>αὖ</em></span> <span class='ocrx_word' id='word_1_18' title='bbox 408 305 498 360; x_wconf 88' lang='grc' dir='ltr'><em>καὶ</em></span> <span class='ocrx_word' id='word_1_19' title='bbox 537 308 636 360; x_wconf 92' lang='grc' dir='ltr'><em>τὸν</em></span> <span class='ocrx_word' id='word_1_20' title='bbox 666 308 779 360; x_wconf 87' lang='grc' dir='ltr'><em>Δία</em></span> <span class='ocrx_word' id='word_1_21' title='bbox 808 306 1162 375; x_wconf 84' lang='grc' dir='ltr'><em>πεποιηκέναι</em></span> <span class='ocrx_word' id='word_1_22' title='bbox 1202 307 1375 375; x_wconf 84' lang='grc' dir='ltr'><em>φησὶν</em></span> <span class='ocrx_word' id='word_1_23' title='bbox 1403 304 1674 378; x_wconf 87' lang='grc' dir='ltr'><em>ΙὍμηρος,</em></span> <span class='ocrx_word' id='word_1_24' title='bbox 1706 320 1748 363; x_wconf 83' lang='grc' dir='ltr'><em>Β,</em></span> <span class='ocrx_word' id='word_1_25' title='bbox 1769 320 1915 364; x_wconf 83' lang='lat'>11585</span> 
     </span>
     <span class='ocr_line' id='line_1_5' title="bbox 132 391 1826 465; baseline 0 -16"><span class='ocrx_word' id='word_1_26' title='bbox 132 394 225 449; x_wconf 85' lang='grc' dir='ltr'><em>καὶ</em></span> <span class='ocrx_word' id='word_1_27' title='bbox 273 394 460 465; x_wconf 80' lang='grc' dir='ltr'><em>ἐπειδὴ</em></span> <span class='ocrx_word' id='word_1_28' title='bbox 506 397 578 465; x_wconf 87' lang='grc' dir='ltr'><em>μὴ</em></span> <span class='ocrx_word' id='word_1_29' title='bbox 628 394 866 464; x_wconf 82' lang='grc' dir='ltr'><em>ἑκόντες,</em></span> <span class='ocrx_word' id='word_1_30' title='bbox 922 397 1148 458; x_wconf 79' lang='grc' dir='ltr'><em>ἄκοντες</em></span> <span class='ocrx_word' id='word_1_31' title='bbox 1192 397 1287 458; x_wconf 83' lang='grc' dir='ltr'><em>τὰς</em></span> <span class='ocrx_word' id='word_1_32' title='bbox 1339 397 1548 463; x_wconf 87' lang='grc' dir='ltr'><em>βουλὰς</em></span> <span class='ocrx_word' id='word_1_33' title='bbox 1598 391 1658 449; x_wconf 80' lang='grc' dir='ltr'><em>εὖ</em></span> <span class='ocrx_word' id='word_1_34' title='bbox 1705 415 1826 449; x_wconf 90' lang='grc' dir='ltr'><em>ποι-</em></span> 
     </span>
     <span class='ocr_line' id='line_1_6' title="bbox 131 481 1824 554; baseline 0.001 -17"><span class='ocrx_word' id='word_1_35' title='bbox 131 485 366 538; x_wconf 90' lang='grc' dir='ltr'><em>ούντων.</em></span> <span class='ocrx_word' id='word_1_36' title='bbox 435 484 499 548; x_wconf 83' lang='grc' dir='ltr'><em>ἃς</em></span> <span class='ocrx_word' id='word_1_37' title='bbox 539 487 608 538; x_wconf 88' lang='grc' dir='ltr'><em>σὺ</em></span> <span class='ocrx_word' id='word_1_38' title='bbox 648 485 750 554; x_wconf 80' lang='grc' dir='ltr'><em>μὲν</em></span> <span class='ocrx_word' id='word_1_39' title='bbox 781 484 1066 554; x_wconf 81' lang='grc' dir='ltr'><em>ἀνορθοῖς,</em></span> <span class='ocrx_word' id='word_1_40' title='bbox 1108 485 1161 537; x_wconf 84' lang='grc' dir='ltr'><em>οἱ</em></span> <span class='ocrx_word' id='word_1_41' title='bbox 1197 481 1258 537; x_wconf 75' lang='grc' dir='ltr'><em>δὲ</em></span> <span class='ocrx_word' id='word_1_42' title='bbox 1290 483 1671 537; x_wconf 84' lang='grc' dir='ltr'><em>ἐναντιοῦνται</em></span> <span class='ocrx_word' id='word_1_43' title='bbox 1702 485 1824 554; x_wconf 84' lang='grc' dir='ltr'><em>περὶ</em></span> 
     </span>
     <span class='ocr_line' id='line_1_7' title="bbox 133 571 1892 643; baseline 0.001 -17"><span class='ocrx_word' id='word_1_44' title='bbox 133 573 236 643; x_wconf 82' lang='grc' dir='ltr'><em>μὲν</em></span> <span class='ocrx_word' id='word_1_45' title='bbox 273 581 373 626; x_wconf 93' lang='grc' dir='ltr'><em>τοῦ</em></span> <span class='ocrx_word' id='word_1_46' title='bbox 413 583 529 636; x_wconf 83' lang='grc' dir='ltr'><em>πῶς</em></span> <span class='ocrx_word' id='word_1_47' title='bbox 567 572 637 627; x_wconf 76' lang='grc' dir='ltr'><em>ἂν</em></span> <span class='ocrx_word' id='word_1_48' title='bbox 676 574 839 636; x_wconf 81' lang='grc' dir='ltr'><em>ἵππος</em></span> <span class='ocrx_word' id='word_1_49' title='bbox 872 574 1044 627; x_wconf 80' lang='grc' dir='ltr'><em>ἵππου</em></span> <span class='ocrx_word' id='word_1_50' title='bbox 1085 571 1174 626; x_wconf 85' lang='grc' dir='ltr'><em>καὶ</em></span> <span class='ocrx_word' id='word_1_51' title='bbox 1214 572 1436 643; x_wconf 85' lang='grc' dir='ltr'><em>ἡνίοχος</em></span> <span class='ocrx_word' id='word_1_52' title='bbox 1470 573 1697 642; x_wconf 85' lang='grc' dir='ltr'><em>ἡνιόχου</em></span> <span class='ocrx_word' id='word_1_53' title='bbox 1735 573 1824 626; x_wconf 82' lang='grc' dir='ltr'><em>καὶ</em></span> <span class='ocrx_word' id='word_1_54' title='bbox 1871 595 1892 628; x_wconf 83' lang='grc'><strong>5</strong></span> 
     </span>
     <span class='ocr_line' id='line_1_8' title="bbox 131 661 1825 733; baseline -0.001 -18"><span class='ocrx_word' id='word_1_55' title='bbox 131 662 402 732; x_wconf 83' lang='grc' dir='ltr'><em>ὀρχηστὴς</em></span> <span class='ocrx_word' id='word_1_56' title='bbox 463 662 736 733; x_wconf 79' lang='grc' dir='ltr'><em>ὀρχηστοῦ</em></span> <span class='ocrx_word' id='word_1_57' title='bbox 797 665 1082 733; x_wconf 80' lang='grc' dir='ltr'><em>κρατήσειε</em></span> <span class='ocrx_word' id='word_1_58' title='bbox 1138 662 1276 732; x_wconf 86' lang='grc' dir='ltr'><em>[καὶ]</em></span> <span class='ocrx_word' id='word_1_59' title='bbox 1314 669 1675 733; x_wconf 60' lang='grc' dir='ltr'><em>&gt;σκοποῦντες</em></span> <span class='ocrx_word' id='word_1_60' title='bbox 1735 661 1825 714; x_wconf 83' lang='grc' dir='ltr'><em>καὶ</em></span> 
     </span>
     <span class='ocr_line' id='line_1_9' title="bbox 131 750 1826 820; baseline 0.001 -17"><span class='ocrx_word' id='word_1_61' title='bbox 131 753 532 819; x_wconf 84' lang='grc' dir='ltr'><em>βουλευόμενοι</em></span> <span class='ocrx_word' id='word_1_62' title='bbox 589 750 680 804; x_wconf 87' lang='grc' dir='ltr'><em>καὶ</em></span> <span class='ocrx_word' id='word_1_63' title='bbox 741 752 946 814; x_wconf 87' lang='grc' dir='ltr'><em>παντὸς</em></span> <span class='ocrx_word' id='word_1_64' title='bbox 999 751 1297 820; x_wconf 81' lang='grc' dir='ltr'><em>ἁπτόμενοι</em></span> <span class='ocrx_word' id='word_1_65' title='bbox 1357 751 1446 804; x_wconf 84' lang='grc' dir='ltr'><em>καὶ</em></span> <span class='ocrx_word' id='word_1_66' title='bbox 1509 753 1680 819; x_wconf 94' lang='grc' dir='ltr'><em>λόγου</em></span> <span class='ocrx_word' id='word_1_67' title='bbox 1734 752 1826 804; x_wconf 85' lang='grc' dir='ltr'><em>καὶ</em></span> 
     </span>
     <span class='ocr_line' id='line_1_10' title="bbox 132 837 1827 909; baseline 0 -17"><span class='ocrx_word' id='word_1_68' title='bbox 132 837 319 909; x_wconf 77' lang='grc' dir='ltr'><em>ἔργου,</em></span> <span class='ocrx_word' id='word_1_69' title='bbox 351 841 416 892; x_wconf 83' lang='grc' dir='ltr'><em>τὰ</em></span> <span class='ocrx_word' id='word_1_70' title='bbox 443 841 503 893; x_wconf 81' lang='grc' dir='ltr'><em>δὲ</em></span> <span class='ocrx_word' id='word_1_71' title='bbox 527 850 638 893; x_wconf 84' lang='grc' dir='ltr'><em>τῶν</em></span> <span class='ocrx_word' id='word_1_72' title='bbox 661 842 886 908; x_wconf 86' lang='grc' dir='ltr'><em>βουλῶν</em></span> <span class='ocrx_word' id='word_1_73' title='bbox 911 840 1106 902; x_wconf 81' lang='grc' dir='ltr'><em>ἐῶντες</em></span> <span class='ocrx_word' id='word_1_74' title='bbox 1129 840 1556 909; x_wconf 90' lang='grc' dir='ltr'><em>κατερρυηκέναι</em></span> <span class='ocrx_word' id='word_1_75' title='bbox 1586 841 1827 903; x_wconf 79' lang='grc' dir='ltr'><em>δεδιότες</em></span> 
     </span>
     <span class='ocr_line' id='line_1_11' title="bbox 132 929 1824 999; baseline 0.001 -18"><span class='ocrx_word' id='word_1_76' title='bbox 132 929 206 996; x_wconf 84' lang='grc' dir='ltr'><em>μὴ</em></span> <span class='ocrx_word' id='word_1_77' title='bbox 245 929 460 999; x_wconf 79' lang='grc' dir='ltr'><em>παύσῃς</em></span> <span class='ocrx_word' id='word_1_78' title='bbox 500 929 668 991; x_wconf 81' lang='grc' dir='ltr'><em>αὐτὰς</em></span> <span class='ocrx_word' id='word_1_79' title='bbox 707 929 1038 998; x_wconf 88' lang='grc' dir='ltr'><em>ἀτυχούσας,</em></span> <span class='ocrx_word' id='word_1_80' title='bbox 1087 929 1441 991; x_wconf 86' lang='grc' dir='ltr'><em>ἐπαινοῦντες</em></span> <span class='ocrx_word' id='word_1_81' title='bbox 1484 933 1658 991; x_wconf 91' lang='grc' dir='ltr'><em>πλοῦς</em></span> <span class='ocrx_word' id='word_1_82' title='bbox 1695 931 1824 996; x_wconf 83' lang='grc' dir='ltr'><em>βλα-</em></span> 
     </span>
     <span class='ocr_line' id='line_1_12' title="bbox 131 1017 1893 1086; baseline 0.001 -16"><span class='ocrx_word' id='word_1_83' title='bbox 131 1019 334 1085; x_wconf 87' lang='grc' dir='ltr'><em>βεροὺς</em></span> <span class='ocrx_word' id='word_1_84' title='bbox 393 1026 512 1080; x_wconf 82' lang='grc' dir='ltr'><em>ταῖς</em></span> <span class='ocrx_word' id='word_1_85' title='bbox 575 1017 796 1080; x_wconf 78' lang='grc' dir='ltr'><em>ἀθλίαις</em></span> <span class='ocrx_word' id='word_1_86' title='bbox 850 1019 1078 1086; x_wconf 88' lang='grc' dir='ltr'><em>νεότητα</em></span> <span class='ocrx_word' id='word_1_87' title='bbox 1138 1019 1586 1085; x_wconf 83' lang='grc' dir='ltr'><em>βεβουλευκότων</em></span> <span class='ocrx_word' id='word_1_88' title='bbox 1648 1027 1826 1085; x_wconf 80' lang='grc' dir='ltr'><em>γενῶν</em></span> <span class='ocrx_word' id='word_1_89' title='bbox 1851 1040 1893 1072; x_wconf 85' lang='grc' dir='ltr'><em>ιο</em></span> 
     </span>
     <span class='ocr_line' id='line_1_13' title="bbox 132 1103 1825 1174; baseline -0.001 -15"><span class='ocrx_word' id='word_1_90' title='bbox 132 1107 386 1174; x_wconf 80' lang='grc' dir='ltr'><em>ἄγοντας,</em></span> <span class='ocrx_word' id='word_1_91' title='bbox 425 1109 555 1169; x_wconf 86' lang='grc' dir='ltr'><em>τοὺς</em></span> <span class='ocrx_word' id='word_1_92' title='bbox 594 1107 695 1173; x_wconf 78' lang='grc' dir='ltr'><em>μὲν</em></span> <span class='ocrx_word' id='word_1_93' title='bbox 735 1107 811 1169; x_wconf 89' lang='grc' dir='ltr'><em>εἰς</em></span> <span class='ocrx_word' id='word_1_94' title='bbox 854 1108 1149 1174; x_wconf 86' lang='grc' dir='ltr'><em>Φοινίκην,</em></span> <span class='ocrx_word' id='word_1_95' title='bbox 1194 1108 1322 1168; x_wconf 88' lang='grc' dir='ltr'><em>τοὺς</em></span> <span class='ocrx_word' id='word_1_96' title='bbox 1361 1103 1422 1158; x_wconf 78' lang='grc' dir='ltr'><em>δὲ</em></span> <span class='ocrx_word' id='word_1_97' title='bbox 1462 1107 1539 1168; x_wconf 83' lang='grc' dir='ltr'><em>εἰς</em></span> <span class='ocrx_word' id='word_1_98' title='bbox 1572 1104 1825 1174; x_wconf 89' lang='grc' dir='ltr'><em>Ἰταλίαν,</em></span> 
     </span>
     <span class='ocr_line' id='line_1_14' title="bbox 130 1193 1826 1264; baseline 0.001 -17"><span class='ocrx_word' id='word_1_99' title='bbox 130 1195 235 1264; x_wconf 86' lang='grc' dir='ltr'><em>οὐχ</em></span> <span class='ocrx_word' id='word_1_100' title='bbox 283 1195 355 1258; x_wconf 83' lang='grc' dir='ltr'><em>ὡς</em></span> <span class='ocrx_word' id='word_1_101' title='bbox 394 1195 480 1248; x_wconf 86' lang='grc' dir='ltr'><em>ἐπὶ</em></span> <span class='ocrx_word' id='word_1_102' title='bbox 527 1196 731 1248; x_wconf 84' lang='grc' dir='ltr'><em>καλλίω</em></span> <span class='ocrx_word' id='word_1_103' title='bbox 778 1204 891 1247; x_wconf 85' lang='grc' dir='ltr'><em>τῶν</em></span> <span class='ocrx_word' id='word_1_104' title='bbox 937 1193 1065 1262; x_wconf 84' lang='grc' dir='ltr'><em>παρ’</em></span> <span class='ocrx_word' id='word_1_105' title='bbox 1102 1195 1233 1263; x_wconf 82' lang='grc' dir='ltr'><em>ἡμῖν</em></span> <span class='ocrx_word' id='word_1_106' title='bbox 1278 1198 1607 1262; x_wconf 84' lang='grc' dir='ltr'><em>πεμπόντων</em></span> <span class='ocrx_word' id='word_1_107' title='bbox 1652 1194 1826 1248; x_wconf 81' lang='grc' dir='ltr'><em>ἐκεῖσε</em></span> 
     </span>
     <span class='ocr_line' id='line_1_15' title="bbox 130 1279 1825 1351; baseline 0 -15"><span class='ocrx_word' id='word_1_108' title='bbox 130 1292 245 1336; x_wconf 82' lang='grc' dir='ltr'><em>τῶν</em></span> <span class='ocrx_word' id='word_1_109' title='bbox 287 1282 523 1351; x_wconf 85' lang='grc' dir='ltr'><em>γονέων,</em></span> <span class='ocrx_word' id='word_1_110' title='bbox 571 1281 688 1336; x_wconf 87' lang='grc' dir='ltr'><em>ἀλλ’</em></span> <span class='ocrx_word' id='word_1_111' title='bbox 729 1284 831 1336; x_wconf 88' lang='grc' dir='ltr'><em>οὐκ</em></span> <span class='ocrx_word' id='word_1_112' title='bbox 878 1283 1146 1351; x_wconf 90' lang='grc' dir='ltr'><em>ἀγνοοῦσι</em></span> <span class='ocrx_word' id='word_1_113' title='bbox 1191 1279 1293 1350; x_wconf 74' lang='grc' dir='ltr'><em>μὲν</em></span> <span class='ocrx_word' id='word_1_114' title='bbox 1338 1284 1440 1351; x_wconf 90' lang='grc' dir='ltr'><em>τὴν</em></span> <span class='ocrx_word' id='word_1_115' title='bbox 1485 1284 1700 1336; x_wconf 89' lang='grc' dir='ltr'><em>τούτων</em></span> <span class='ocrx_word' id='word_1_116' title='bbox 1737 1284 1825 1336; x_wconf 90' lang='grc' dir='ltr'><em>εὐ-</em></span> 
     </span>
     <span class='ocr_line' id='line_1_16' title="bbox 129 1369 1824 1442; baseline 0 -17"><span class='ocrx_word' id='word_1_117' title='bbox 129 1371 378 1441; x_wconf 87' lang='grc' dir='ltr'><em>γένειαν,</em></span> <span class='ocrx_word' id='word_1_118' title='bbox 430 1371 751 1441; x_wconf 84' lang='grc' dir='ltr'><em>ἀπαλλαγὴν</em></span> <span class='ocrx_word' id='word_1_119' title='bbox 802 1369 862 1424; x_wconf 78' lang='grc' dir='ltr'><em>δὲ</em></span> <span class='ocrx_word' id='word_1_120' title='bbox 909 1375 1113 1441; x_wconf 81' lang='grc' dir='ltr'><em>βουλῆς</em></span> <span class='ocrx_word' id='word_1_121' title='bbox 1159 1370 1221 1426; x_wconf 79' lang='grc' dir='ltr'><em>ἐν</em></span> <span class='ocrx_word' id='word_1_122' title='bbox 1272 1371 1504 1434; x_wconf 89' lang='grc' dir='ltr'><em>ἐκείνοις</em></span> <span class='ocrx_word' id='word_1_123' title='bbox 1551 1371 1824 1442; x_wconf 87' lang='grc' dir='ltr'><em>ὁρώντων.</em></span> 
     </span>
     <span class='ocr_line' id='line_1_17' title="bbox 132 1453 1892 1529; baseline 0.001 -15"><span class='ocrx_word' id='word_1_124' title='bbox 132 1460 220 1514; x_wconf 81' lang='grc'><em>28.</em></span> <span class='ocrx_word' id='word_1_125' title='bbox 275 1459 364 1529; x_wconf 86' lang='grc' dir='ltr'><em>ἐφ’</em></span> <span class='ocrx_word' id='word_1_126' title='bbox 402 1453 486 1523; x_wconf 85' lang='grc' dir='ltr'><em>οἷς</em></span> <span class='ocrx_word' id='word_1_127' title='bbox 532 1460 717 1524; x_wconf 83' lang='grc' dir='ltr'><em>οὐδεὶς</em></span> <span class='ocrx_word' id='word_1_128' title='bbox 755 1462 969 1513; x_wconf 90' lang='grc' dir='ltr'><em>τούτων</em></span> <span class='ocrx_word' id='word_1_129' title='bbox 1007 1461 1068 1513; x_wconf 93' lang='grc' dir='ltr'><em>τὸ</em></span> <span class='ocrx_word' id='word_1_130' title='bbox 1113 1457 1154 1513; x_wconf 83' lang='grc' dir='ltr'><em>ὦ</em></span> <span class='ocrx_word' id='word_1_131' title='bbox 1197 1463 1283 1529; x_wconf 83' lang='grc' dir='ltr'><em>Γῆ</em></span> <span class='ocrx_word' id='word_1_132' title='bbox 1324 1461 1428 1513; x_wconf 86' lang='grc' dir='ltr'><em>καὶ</em></span> <span class='ocrx_word' id='word_1_133' title='bbox 1456 1458 1638 1513; x_wconf 57' lang='lat' dir='ltr'><em>“Hace</em></span> <span class='ocrx_word' id='word_1_134' title='bbox 1676 1459 1823 1528; x_wconf 81' lang='grc' dir='ltr'><em>’λέγει</em></span> <span class='ocrx_word' id='word_1_135' title='bbox 1850 1483 1892 1516; x_wconf 85' lang='lat'><em>15</em></span> 
     </span>
     <span class='ocr_line' id='line_1_18' title="bbox 130 1548 1825 1620; baseline 0 -18"><span class='ocrx_word' id='word_1_136' title='bbox 130 1548 255 1603; x_wconf 87' lang='grc' dir='ltr'><em>οὐδ’</em></span> <span class='ocrx_word' id='word_1_137' title='bbox 287 1555 456 1620; x_wconf 77' lang='grc' dir='ltr'><em>εἴργει</em></span> <span class='ocrx_word' id='word_1_138' title='bbox 489 1553 923 1619; x_wconf 87' lang='grc' dir='ltr'><em>καταβαίνοντας</em></span> <span class='ocrx_word' id='word_1_139' title='bbox 952 1551 1029 1612; x_wconf 84' lang='grc' dir='ltr'><em>εἰς</em></span> <span class='ocrx_word' id='word_1_140' title='bbox 1061 1548 1255 1616; x_wconf 81' lang='grc' dir='ltr'><em>λιμένα</em></span> <span class='ocrx_word' id='word_1_141' title='bbox 1286 1548 1405 1602; x_wconf 87' lang='grc' dir='ltr'><em>οὐδ’</em></span> <span class='ocrx_word' id='word_1_142' title='bbox 1438 1548 1470 1602; x_wconf 79' lang='grc' dir='ltr'>ἃ</span> <span class='ocrx_word' id='word_1_143' title='bbox 1503 1550 1597 1611; x_wconf 84' lang='grc' dir='ltr'><em>τὰς</em></span> <span class='ocrx_word' id='word_1_144' title='bbox 1620 1549 1825 1616; x_wconf 82' lang='grc' dir='ltr'><em>βουλὰς</em></span> 
     </span>
     <span class='ocr_line' id='line_1_19' title="bbox 130 1634 1825 1708; baseline -0.001 -16"><span class='ocrx_word' id='word_1_145' title='bbox 130 1636 441 1692; x_wconf 72' lang='grc' dir='ltr'><em>ἐλεούντων</em></span> <span class='ocrx_word' id='word_1_146' title='bbox 479 1634 550 1707; x_wconf 82' lang='grc' dir='ltr'><em>ἦν</em></span> <span class='ocrx_word' id='word_1_147' title='bbox 588 1638 751 1707; x_wconf 89' lang='grc' dir='ltr'><em>λέγει,</em></span> <span class='ocrx_word' id='word_1_148' title='bbox 791 1638 929 1692; x_wconf 85' lang='grc' dir='ltr'><em>ἀλλά</em></span> <span class='ocrx_word' id='word_1_149' title='bbox 967 1639 1058 1691; x_wconf 84' lang='grc' dir='ltr'><em>καὶ</em></span> <span class='ocrx_word' id='word_1_150' title='bbox 1098 1640 1460 1708; x_wconf 85' lang='grc' dir='ltr'><em>συγχαίρουσι</em></span> <span class='ocrx_word' id='word_1_151' title='bbox 1499 1638 1590 1690; x_wconf 84' lang='grc' dir='ltr'><em>καὶ</em></span> <span class='ocrx_word' id='word_1_152' title='bbox 1630 1638 1825 1691; x_wconf 88' lang='grc' dir='ltr'><em>συνεύ-</em></span> 
     </span>
     <span class='ocr_line' id='line_1_20' title="bbox 131 1726 1824 1797; baseline -0.001 -17"><span class='ocrx_word' id='word_1_153' title='bbox 131 1747 323 1796; x_wconf 82' lang='grc' dir='ltr'><em>χονται</em></span> <span class='ocrx_word' id='word_1_154' title='bbox 360 1726 452 1781; x_wconf 90' lang='grc' dir='ltr'><em>καὶ</em></span> <span class='ocrx_word' id='word_1_155' title='bbox 491 1727 894 1797; x_wconf 90' lang='grc' dir='ltr'><em>προπέμπουσι.</em></span> <span class='ocrx_word' id='word_1_156' title='bbox 964 1726 1054 1780; x_wconf 89' lang='grc' dir='ltr'><em>καὶ</em></span> <span class='ocrx_word' id='word_1_157' title='bbox 1093 1735 1354 1780; x_wconf 90' lang='grc' dir='ltr'><em>τοσαῦται</em></span> <span class='ocrx_word' id='word_1_158' title='bbox 1389 1727 1491 1794; x_wconf 80' lang='grc' dir='ltr'><em>μὲν</em></span> <span class='ocrx_word' id='word_1_159' title='bbox 1521 1729 1824 1796; x_wconf 87' lang='grc' dir='ltr'><em>πρεσβεῖαι,</em></span> 
     </span>
     <span class='ocr_line' id='line_1_21' title="bbox 128 1812 1742 1886; baseline -0.001 -17"><span class='ocrx_word' id='word_1_160' title='bbox 128 1816 364 1886; x_wconf 84' lang='grc' dir='ltr'><em>φροντὶς</em></span> <span class='ocrx_word' id='word_1_161' title='bbox 404 1812 464 1869; x_wconf 75' lang='grc' dir='ltr'><em>δὲ</em></span> <span class='ocrx_word' id='word_1_162' title='bbox 506 1815 830 1884; x_wconf 84' lang='grc' dir='ltr'><em>ἐλαττόνων,</em></span> <span class='ocrx_word' id='word_1_163' title='bbox 869 1825 980 1868; x_wconf 85' lang='grc' dir='ltr'><em>τῶν</em></span> <span class='ocrx_word' id='word_1_164' title='bbox 1019 1816 1358 1884; x_wconf 86' lang='grc' dir='ltr'><em>τηλικούτων</em></span> <span class='ocrx_word' id='word_1_165' title='bbox 1397 1812 1457 1868; x_wconf 76' lang='grc' dir='ltr'><em>δὲ</em></span> <span class='ocrx_word' id='word_1_166' title='bbox 1497 1816 1742 1884; x_wconf 78' lang='grc' dir='ltr'><em>οὐδεμία.</em></span> 
     </span>
    </p>

    <p class='ocr_par' dir='ltr' id='par_1_4' title="bbox 245 1900 1891 1973">
     <span class='ocr_line' id='line_1_22' title="bbox 245 1900 1891 1973; baseline 0.001 -16"><span class='ocrx_word' id='word_1_167' title='bbox 245 1905 331 1959; x_wconf 84' lang='lat'><em>29.</em></span> <span class='ocrx_word' id='word_1_168' title='bbox 387 1907 587 1958; x_wconf 91' lang='grc' dir='ltr'><em>Καίτοι</em></span> <span class='ocrx_word' id='word_1_169' title='bbox 627 1925 686 1973; x_wconf 91' lang='grc' dir='ltr'><em>γε</em></span> <span class='ocrx_word' id='word_1_170' title='bbox 727 1904 828 1958; x_wconf 87' lang='grc' dir='ltr'><em>οὐκ</em></span> <span class='ocrx_word' id='word_1_171' title='bbox 860 1901 931 1973; x_wconf 80' lang='grc' dir='ltr'><em>ἦν</em></span> <span class='ocrx_word' id='word_1_172' title='bbox 962 1912 1057 1973; x_wconf 82' lang='grc' dir='ltr'><em>τῆς</em></span> <span class='ocrx_word' id='word_1_173' title='bbox 1088 1912 1187 1972; x_wconf 83' lang='grc' dir='ltr'><em>σῆς</em></span> <span class='ocrx_word' id='word_1_174' title='bbox 1218 1902 1462 1972; x_wconf 80' lang='grc' dir='ltr'><em>ἀνάξιον,</em></span> <span class='ocrx_word' id='word_1_175' title='bbox 1503 1900 1544 1956; x_wconf 81' lang='grc' dir='ltr'><em>ὦ</em></span> <span class='ocrx_word' id='word_1_176' title='bbox 1576 1907 1823 1973; x_wconf 86' lang='grc' dir='ltr'><em>βασιλεῦ,</em></span> <span class='ocrx_word' id='word_1_177' title='bbox 1847 1927 1891 1959; x_wconf 76' lang='lat'><em>20</em></span> 
     </span>
    </p>
   </div>
   <div class='ocr_carea' id='block_1_4' title="bbox 124 1993 1824 2063">
    <p class='ocr_par' dir='ltr' id='par_1_5' title="bbox 124 1993 1824 2063">
     <span class='ocr_line' id='line_1_23' title="bbox 124 1993 1824 2063; baseline -0.001 -17"><span class='ocrx_word' id='word_1_178' title='bbox 124 1994 352 2063; x_wconf 78' lang='grc' dir='ltr'><em>φύσεως</em></span> <span class='ocrx_word' id='word_1_179' title='bbox 389 1999 579 2047; x_wconf 83' lang='grc' dir='ltr'><em>θεῖναι</em></span> <span class='ocrx_word' id='word_1_180' title='bbox 618 1995 791 2061; x_wconf 89' lang='grc' dir='ltr'><em>νόμον</em></span> <span class='ocrx_word' id='word_1_181' title='bbox 828 1994 900 2062; x_wconf 86' lang='grc' dir='ltr'><em>μὴ</em></span> <span class='ocrx_word' id='word_1_182' title='bbox 940 2000 1167 2046; x_wconf 88' lang='grc' dir='ltr'><em>τοιαῦτα</em></span> <span class='ocrx_word' id='word_1_183' title='bbox 1204 1995 1335 2055; x_wconf 90' lang='grc' dir='ltr'><em>τοὺς</em></span> <span class='ocrx_word' id='word_1_184' title='bbox 1365 1993 1652 2056; x_wconf 89' lang='grc' dir='ltr'><em>τοιούτους</em></span> <span class='ocrx_word' id='word_1_185' title='bbox 1690 2013 1824 2062; x_wconf 86' lang='grc' dir='ltr'><em>μαν-</em></span> 
     </span>
    </p>
   </div>
   <div class='ocr_carea' id='block_1_5' title="bbox 131 2077 1824 2241">
    <p class='ocr_par' dir='ltr' id='par_1_6' title="bbox 131 2077 1824 2241">
     <span class='ocr_line' id='line_1_24' title="bbox 131 2077 1824 2151; baseline 0.001 -17"><span class='ocrx_word' id='word_1_186' title='bbox 131 2082 351 2150; x_wconf 76' lang='grc' dir='ltr'><em>θάνειν,</em></span> <span class='ocrx_word' id='word_1_187' title='bbox 398 2080 492 2151; x_wconf 83' lang='grc' dir='ltr'><em>ἀφ’</em></span> <span class='ocrx_word' id='word_1_188' title='bbox 540 2077 620 2136; x_wconf 78' lang='grc' dir='ltr'><em>ὧν</em></span> <span class='ocrx_word' id='word_1_189' title='bbox 660 2083 861 2145; x_wconf 88' lang='grc' dir='ltr'><em>αὑτοὺς</em></span> <span class='ocrx_word' id='word_1_190' title='bbox 900 2081 1000 2146; x_wconf 80' lang='grc' dir='ltr'><em>ἔξω</em></span> <span class='ocrx_word' id='word_1_191' title='bbox 1047 2091 1160 2135; x_wconf 83' lang='grc' dir='ltr'><em>τῶν</em></span> <span class='ocrx_word' id='word_1_192' title='bbox 1204 2083 1428 2149; x_wconf 84' lang='grc' dir='ltr'><em>βουλῶν</em></span> <span class='ocrx_word' id='word_1_193' title='bbox 1473 2083 1824 2150; x_wconf 88' lang='grc' dir='ltr'><em>ποιήσουσιν,</em></span> 
     </span>
     <span class='ocr_line' id='line_1_25' title="bbox 132 2163 1824 2241; baseline 0 -17"><span class='ocrx_word' id='word_1_194' title='bbox 132 2169 252 2224; x_wconf 86' lang='grc' dir='ltr'><em>ἀλλ’</em></span> <span class='ocrx_word' id='word_1_195' title='bbox 291 2169 387 2241; x_wconf 83' lang='grc' dir='ltr'><em>ἀφ’</em></span> <span class='ocrx_word' id='word_1_196' title='bbox 426 2166 505 2224; x_wconf 81' lang='grc' dir='ltr'><em>ὧν</em></span> <span class='ocrx_word' id='word_1_197' title='bbox 542 2172 643 2239; x_wconf 87' lang='grc' dir='ltr'><em>τὴν</em></span> <span class='ocrx_word' id='word_1_198' title='bbox 681 2181 793 2224; x_wconf 83' lang='grc' dir='ltr'><em>τῶν</em></span> <span class='ocrx_word' id='word_1_199' title='bbox 831 2173 1124 2241; x_wconf 90' lang='grc' dir='ltr'><em>προγόνων</em></span> <span class='ocrx_word' id='word_1_200' title='bbox 1163 2169 1300 2224; x_wconf 89' lang='grc' dir='ltr'><em>ὁδὸν</em></span> <span class='ocrx_word' id='word_1_201' title='bbox 1340 2168 1593 2238; x_wconf 82' lang='grc' dir='ltr'><em>ἥξουσιν,</em></span> <span class='ocrx_word' id='word_1_202' title='bbox 1633 2163 1716 2233; x_wconf 84' lang='grc' dir='ltr'><em>οἷς</em></span> <span class='ocrx_word' id='word_1_203' title='bbox 1754 2166 1824 2239; x_wconf 81' lang='grc' dir='ltr'><em>ἦν</em></span> 
     </span>
    </p>
   </div>
   <div class='ocr_carea' id='block_1_6' title="bbox 135 2290 491 2298">
    <p class='ocr_par' dir='ltr' id='par_1_7' title="bbox 135 2290 491 2298">
     <span class='ocr_line' id='line_1_26' title="bbox 135 2290 491 2298; baseline 0 0"><span class='ocrx_word' id='word_1_204' title='bbox 135 2290 491 2298; x_wconf 95' lang='lat' dir='ltr'><em> </em></span> 
     </span>
    </p>
   </div>
   <div class='ocr_carea' id='block_1_7' title="bbox 131 2359 1868 2476">
    <p class='ocr_par' dir='ltr' id='par_1_8' title="bbox 131 2359 1868 2476">
     <span class='ocr_line' id='line_1_27' title="bbox 253 2359 1868 2418; baseline -0.001 -14"><span class='ocrx_word' id='word_1_205' title='bbox 253 2366 278 2404; x_wconf 82' lang='lat'><strong>2</strong></span> <span class='ocrx_word' id='word_1_206' title='bbox 303 2361 499 2418; x_wconf 76' lang='grc' dir='ltr'><em>Π.μ37;</em></span> <span class='ocrx_word' id='word_1_207' title='bbox 525 2365 653 2406; x_wconf 75' lang='grc' dir='ltr'><em>ν812</em></span> <span class='ocrx_word' id='word_1_208' title='bbox 776 2366 801 2404; x_wconf 87' lang='lat'>5</span> <span class='ocrx_word' id='word_1_209' title='bbox 828 2361 1119 2417; x_wconf 79' lang='lat' dir='ltr'><strong>of.p.43-2‚20</strong></span> <span class='ocrx_word' id='word_1_210' title='bbox 1251 2364 1304 2403; x_wconf 89' lang='lat'><em>10</em></span> <span class='ocrx_word' id='word_1_211' title='bbox 1330 2359 1821 2416; x_wconf 81' lang='lat' dir='ltr'>cf.p.283‚4;438‚18;</span> <span class='ocrx_word' id='word_1_212' title='bbox 1863 2399 1868 2403; x_wconf 78' lang='grc'>,</span> 
     </span>
     <span class='ocr_line' id='line_1_28' title="bbox 131 2419 1632 2476; baseline -0.001 -13"><span class='ocrx_word' id='word_1_213' title='bbox 131 2423 296 2475; x_wconf 83' lang='lat'>442‚8;</span> <span class='ocrx_word' id='word_1_214' title='bbox 319 2424 458 2475; x_wconf 83' lang='lat'>443,3</span> <span class='ocrx_word' id='word_1_215' title='bbox 582 2425 636 2464; x_wconf 82' lang='lat'><em>15</em></span> <span class='ocrx_word' id='word_1_216' title='bbox 669 2419 726 2464; x_wconf 81' lang='lat' dir='ltr'><em>cf.</em></span> <span class='ocrx_word' id='word_1_217' title='bbox 752 2435 795 2476; x_wconf 89' lang='lat' dir='ltr'><em>p.</em></span> <span class='ocrx_word' id='word_1_218' title='bbox 815 2425 975 2475; x_wconf 88' lang='lat'>311‚1;</span> <span class='ocrx_word' id='word_1_219' title='bbox 1001 2424 1137 2470; x_wconf 80' lang='lat'>478,5</span> <span class='ocrx_word' id='word_1_220' title='bbox 1262 2424 1316 2464; x_wconf 82' lang='lat'><em>16</em></span> <span class='ocrx_word' id='word_1_221' title='bbox 1348 2419 1406 2463; x_wconf 84' lang='lat' dir='ltr'><em>cf.</em></span> <span class='ocrx_word' id='word_1_222' title='bbox 1431 2434 1476 2476; x_wconf 86' lang='lat' dir='ltr'><em>p.</em></span> <span class='ocrx_word' id='word_1_223' title='bbox 1495 2423 1632 2475; x_wconf 81' lang='lat'>442‚8</span> 
     </span>
    </p>
   </div>
   <div class='ocr_carea' id='block_1_8' title="bbox 134 2526 491 2535">
    <p class='ocr_par' dir='ltr' id='par_1_9' title="bbox 134 2526 491 2535">
     <span class='ocr_line' id='line_1_29' title="bbox 134 2526 491 2535; baseline 0 0"><span class='ocrx_word' id='word_1_224' title='bbox 134 2526 491 2535; x_wconf 95' lang='lat' dir='ltr'><em> </em></span> 
     </span>
    </p>
   </div>
   <div class='ocr_carea' id='block_1_9' title="bbox 127 2592 1830 2951">
    <p class='ocr_par' dir='ltr' id='par_1_10' title="bbox 127 2592 1830 2951">
     <span class='ocr_line' id='line_1_30' title="bbox 257 2592 1822 2654; baseline 0.001 -15"><span class='ocrx_word' id='word_1_225' title='bbox 257 2602 279 2639; x_wconf 95' lang='lat'><strong>1</strong></span> <span class='ocrx_word' id='word_1_226' title='bbox 314 2597 486 2648; x_wconf 79' lang='grc' dir='ltr'><em>αὐτοὺς</em></span> <span class='ocrx_word' id='word_1_227' title='bbox 517 2611 592 2640; x_wconf 88' lang='lat' dir='ltr'><em>om</em></span> <span class='ocrx_word' id='word_1_228' title='bbox 624 2598 657 2639; x_wconf 92' lang='lat' dir='ltr'><strong><em>I</em></strong></span> <span class='ocrx_word' id='word_1_229' title='bbox 782 2600 809 2640; x_wconf 81' lang='grc' dir='ltr'>ὅ</span> <span class='ocrx_word' id='word_1_230' title='bbox 841 2595 923 2654; x_wconf 77' lang='grc' dir='ltr'><em>μὲν</em></span> <span class='ocrx_word' id='word_1_231' title='bbox 957 2592 1040 2640; x_wconf 81' lang='grc' dir='ltr'><em>οὖν</em></span> <span class='ocrx_word' id='word_1_232' title='bbox 1070 2603 1153 2641; x_wconf 86' lang='grc' dir='ltr'><em>τοῦ</em></span> <span class='ocrx_word' id='word_1_233' title='bbox 1187 2598 1246 2641; x_wconf 88' lang='grc' dir='ltr'><em>Μ</em></span> <span class='ocrx_word' id='word_1_234' title='bbox 1276 2595 1409 2654; x_wconf 88' lang='lat' dir='ltr'>Bong</span> <span class='ocrx_word' id='word_1_235' title='bbox 1544 2602 1569 2640; x_wconf 88' lang='grc'>6</span> <span class='ocrx_word' id='word_1_236' title='bbox 1604 2597 1683 2640; x_wconf 83' lang='grc' dir='ltr'><em>καὶ</em></span> <span class='ocrx_word' id='word_1_237' title='bbox 1716 2610 1822 2641; x_wconf 76' lang='lat' dir='ltr'>can-</span> 
     </span>
     <span class='ocr_line' id='line_1_31' title="bbox 132 2653 1821 2714; baseline 0 -14"><span class='ocrx_word' id='word_1_238' title='bbox 132 2655 302 2700; x_wconf 76' lang='lat' dir='ltr'><strong>cellavi</strong></span> <span class='ocrx_word' id='word_1_239' title='bbox 330 2657 336 2714; x_wconf 82' lang='grc' dir='ltr'>Ι</span> <span class='ocrx_word' id='word_1_240' title='bbox 364 2663 649 2700; x_wconf 80' lang='grc' dir='ltr'><em>σκοποῦνται</em></span> <span class='ocrx_word' id='word_1_241' title='bbox 676 2655 809 2713; x_wconf 88' lang='lat' dir='ltr'>Bong</span> <span class='ocrx_word' id='word_1_242' title='bbox 930 2660 983 2699; x_wconf 82' lang='lat'><em>12</em></span> <span class='ocrx_word' id='word_1_243' title='bbox 1018 2656 1079 2706; x_wconf 84' lang='grc' dir='ltr'><em>ὡς</em></span> <span class='ocrx_word' id='word_1_244' title='bbox 1102 2657 1148 2700; x_wconf 90' lang='grc' dir='ltr'><em>Ρ</em></span> <span class='ocrx_word' id='word_1_245' title='bbox 1167 2656 1250 2700; x_wconf 77' lang='lat' dir='ltr'><em>sed</em></span> <span class='ocrx_word' id='word_1_246' title='bbox 1274 2653 1285 2669; x_wconf 81' lang='lat'><strong>‘</strong></span> <span class='ocrx_word' id='word_1_247' title='bbox 1317 2655 1367 2698; x_wconf 90' lang='lat' dir='ltr'><em>in</em></span> <span class='ocrx_word' id='word_1_248' title='bbox 1389 2669 1465 2699; x_wconf 80' lang='lat' dir='ltr'><em>ras</em></span> <span class='ocrx_word' id='word_1_249' title='bbox 1489 2655 1559 2698; x_wconf 75' lang='lat' dir='ltr'><em>m’</em></span> <span class='ocrx_word' id='word_1_250' title='bbox 1587 2659 1591 2710; x_wconf 74' lang='grc' dir='ltr'>Ι</span> <span class='ocrx_word' id='word_1_251' title='bbox 1620 2655 1730 2712; x_wconf 84' lang='grc' dir='ltr'><em>ἡμῖν</em></span> <span class='ocrx_word' id='word_1_252' title='bbox 1754 2655 1821 2700; x_wconf 82' lang='lat' dir='ltr'><em>Re</em></span> 
     </span>
     <span class='ocr_line' id='line_1_32' title="bbox 192 2714 1822 2772; baseline 0 -13"><span class='ocrx_word' id='word_1_253' title='bbox 192 2715 322 2772; x_wconf 84' lang='grc' dir='ltr'><em>ἡμῶν</em></span> <span class='ocrx_word' id='word_1_254' title='bbox 353 2715 463 2759; x_wconf 88' lang='lat' dir='ltr'>libri</span> <span class='ocrx_word' id='word_1_255' title='bbox 494 2715 627 2771; x_wconf 85' lang='lat' dir='ltr'>Bong</span> <span class='ocrx_word' id='word_1_256' title='bbox 765 2718 818 2758; x_wconf 85' lang='lat'><em>13</em></span> <span class='ocrx_word' id='word_1_257' title='bbox 851 2714 934 2770; x_wconf 82' lang='grc' dir='ltr'><em>μὲν</em></span> <span class='ocrx_word' id='word_1_258' title='bbox 966 2728 1041 2758; x_wconf 91' lang='lat' dir='ltr'><em>om</em></span> <span class='ocrx_word' id='word_1_259' title='bbox 1073 2716 1107 2758; x_wconf 93' lang='lat' dir='ltr'><strong><em>I</em></strong></span> <span class='ocrx_word' id='word_1_260' title='bbox 1230 2720 1284 2757; x_wconf 85' lang='lat'><em>14</em></span> <span class='ocrx_word' id='word_1_261' title='bbox 1317 2714 1485 2770; x_wconf 85' lang='grc' dir='ltr'><em>ὁρῶσιν</em></span> <span class='ocrx_word' id='word_1_262' title='bbox 1516 2715 1597 2769; x_wconf 80' lang='lat' dir='ltr'><em>Re,</em></span> <span class='ocrx_word' id='word_1_263' title='bbox 1630 2716 1680 2758; x_wconf 76' lang='lat' dir='ltr'><em>at</em></span> <span class='ocrx_word' id='word_1_264' title='bbox 1711 2728 1822 2759; x_wconf 81' lang='lat' dir='ltr'><strong>ana-</strong></span> 
     </span>
     <span class='ocr_line' id='line_1_33' title="bbox 132 2771 1821 2831; baseline 0.001 -14"><span class='ocrx_word' id='word_1_265' title='bbox 132 2774 344 2818; x_wconf 78' lang='lat' dir='ltr'>coluthia</span> <span class='ocrx_word' id='word_1_266' title='bbox 375 2773 603 2818; x_wconf 78' lang='lat' dir='ltr'>servanda</span> <span class='ocrx_word' id='word_1_267' title='bbox 772 2779 824 2817; x_wconf 88' lang='grc'><em>16</em></span> <span class='ocrx_word' id='word_1_268' title='bbox 858 2771 963 2818; x_wconf 80' lang='grc' dir='ltr'><em>οὐδ’</em></span> <span class='ocrx_word' id='word_1_269' title='bbox 991 2801 1047 2805; x_wconf 91' lang='grc'>-</span> <span class='ocrx_word' id='word_1_270' title='bbox 1075 2778 1127 2818; x_wconf 82' lang='grc'><em>17</em></span> <span class='ocrx_word' id='word_1_271' title='bbox 1160 2772 1279 2831; x_wconf 79' lang='grc' dir='ltr'><em>λέγει</em></span> <span class='ocrx_word' id='word_1_272' title='bbox 1310 2788 1385 2818; x_wconf 93' lang='lat' dir='ltr'><em>om</em></span> <span class='ocrx_word' id='word_1_273' title='bbox 1420 2774 1457 2818; x_wconf 84' lang='grc' dir='ltr'>Ο</span> <span class='ocrx_word' id='word_1_274' title='bbox 1625 2777 1677 2817; x_wconf 84' lang='grc'><em>19</em></span> <span class='ocrx_word' id='word_1_275' title='bbox 1711 2774 1821 2820; x_wconf 78' lang='grc' dir='ltr'><em>οὐδὲ</em></span> 
     </span>
     <span class='ocr_line' id='line_1_34' title="bbox 127 2829 1830 2890; baseline 0 -13"><span class='ocrx_word' id='word_1_276' title='bbox 127 2829 218 2890; x_wconf 80' lang='grc' dir='ltr'><em>μία</em></span> <span class='ocrx_word' id='word_1_277' title='bbox 241 2834 285 2877; x_wconf 83' lang='grc' dir='ltr'><strong><em>Α</em></strong></span> <span class='ocrx_word' id='word_1_278' title='bbox 400 2837 456 2875; x_wconf 89' lang='grc'><em>20</em></span> <span class='ocrx_word' id='word_1_279' title='bbox 482 2831 677 2886; x_wconf 79' lang='grc' dir='ltr'><em>ἀνάξιον</em></span> <span class='ocrx_word' id='word_1_280' title='bbox 700 2837 781 2888; x_wconf 86' lang='grc' dir='ltr'><em>τῆς</em></span> <span class='ocrx_word' id='word_1_281' title='bbox 804 2838 886 2888; x_wconf 83' lang='grc' dir='ltr'><em>σῆς</em></span> <span class='ocrx_word' id='word_1_282' title='bbox 909 2834 954 2876; x_wconf 87' lang='grc' dir='ltr'><strong><em>Β</em></strong></span> <span class='ocrx_word' id='word_1_283' title='bbox 1015 2832 1148 2886; x_wconf 81' lang='grc' dir='ltr'><em>ἄξιον</em></span> <span class='ocrx_word' id='word_1_284' title='bbox 1172 2833 1280 2876; x_wconf 88' lang='grc' dir='ltr'><em>ΒΜ</em></span> <span class='ocrx_word' id='word_1_285' title='bbox 1303 2833 1436 2890; x_wconf 89' lang='lat' dir='ltr'>Bong</span> <span class='ocrx_word' id='word_1_286' title='bbox 1545 2837 1599 2876; x_wconf 85' lang='lat'><em>21</em></span> <span class='ocrx_word' id='word_1_287' title='bbox 1624 2831 1770 2890; x_wconf 83' lang='grc' dir='ltr'><em>μόνον</em></span> <span class='ocrx_word' id='word_1_288' title='bbox 1792 2834 1830 2877; x_wconf 93' lang='grc' dir='ltr'><em>Ι</em></span> 
     </span>
     <span class='ocr_line' id='line_1_35' title="bbox 194 2891 1215 2951; baseline 0 -16"><span class='ocrx_word' id='word_1_289' title='bbox 194 2896 249 2935; x_wconf 84' lang='grc'><em>22</em></span> <span class='ocrx_word' id='word_1_290' title='bbox 283 2892 454 2942; x_wconf 80' lang='grc' dir='ltr'><em>αὐτοὺς</em></span> <span class='ocrx_word' id='word_1_291' title='bbox 483 2892 622 2935; x_wconf 88' lang='grc' dir='ltr'><em>ΙΒΜ</em></span> <span class='ocrx_word' id='word_1_292' title='bbox 650 2891 782 2949; x_wconf 87' lang='lat' dir='ltr'>Bong</span> <span class='ocrx_word' id='word_1_293' title='bbox 824 2893 830 2947; x_wconf 85' lang='grc' dir='ltr'>Ι</span> <span class='ocrx_word' id='word_1_294' title='bbox 871 2897 951 2948; x_wconf 86' lang='grc' dir='ltr'><em>τῆς</em></span> <span class='ocrx_word' id='word_1_295' title='bbox 981 2893 1151 2951; x_wconf 84' lang='grc' dir='ltr'><em>βουλῆς</em></span> <span class='ocrx_word' id='word_1_296' title='bbox 1179 2892 1215 2935; x_wconf 92' lang='grc' dir='ltr'><em>Ι</em></span> 
     </span>
    </p>
   </div>
   <div class='ocr_carea' id='block_1_10' title="bbox 221 2970 1554 3008">
    <p class='ocr_par' dir='ltr' id='par_1_11' title="bbox 221 2970 1554 3008">
     <span class='ocr_line' id='line_1_36' title="bbox 221 2970 1554 3008; baseline 0.002 -3"><span class='ocrx_word' id='word_1_297' title='bbox 221 2974 420 3007; x_wconf 56' lang='lat' dir='ltr'><em>Ismarus</em></span> <span class='ocrx_word' id='word_1_298' title='bbox 445 2973 503 3007; x_wconf 84' lang='lat' dir='ltr'><em>ed.</em></span> <span class='ocrx_word' id='word_1_299' title='bbox 525 2973 765 3008; x_wconf 76' lang='lat' dir='ltr'><strong>Foerster.</strong></span> <span class='ocrx_word' id='word_1_300' title='bbox 798 2975 871 3006; x_wconf 90' lang='lat'>111.</span> <span class='ocrx_word' id='word_1_301' title='bbox 1499 2970 1554 3008; x_wconf 87' lang='lat'><em>30</em></span> 
     </span>
    </p>
   </div>
  </div>
 </body>
</html>
