1992 3094
182 129 264 173 XX
270 129 350 172 XX
719 125 1056 170 PRAEFATIO
1090 124 1325 169 CRITICA

182 272 289 318 tare
329 272 377 317 et
414 271 602 331 καιροῖς
640 268 827 315 servari
867 281 1010 328 posse
1057 268 1232 328 putare
1278 266 1461 326 fateor,
1508 265 1592 313 sed
1639 261 1874 329 ἐβέβλητο

184 342 386 392 verbum
425 343 600 403 quovis
648 341 985 388 additamento
1032 341 1231 402 privum
1278 340 1559 387 etiamnunc
1601 338 1871 387 dubitatio-

185 433 295 465 nem
334 419 510 464 movet.

294 508 340 553 p.
376 491 581 549 520‚17
635 485 745 536 θεοὶ
796 485 848 536 δὲ
893 486 1026 552 εἰπερ
1079 484 1230 545 ὄντως
1281 485 1495 552 οὐρανὸν
1546 483 1751 548 ἀφέντες
1800 485 1874 544 εἰς

184 571 279 630 γῆν
311 562 546 629 ἔρχονται,
585 559 700 630 τῇδέ
739 580 821 624 μοι
861 561 1065 610 δοκοῦσι
1097 560 1323 609 συνεῖναί
1350 578 1398 609 τε
1429 558 1511 608 καὶ
1543 558 1871 625 συνεδρεύειν,

185 635 251 696 ὡς
290 635 381 685 οὐκ
420 634 481 684 ἂν
521 635 573 685 ἐν
611 635 828 684 καλλίονι
876 634 1232 700 διατρίψαντες.
1312 633 1602 682 Croenertus
1651 631 1871 691 συνιέναι

185 712 334 760 scribi
363 711 520 771 iussit,
562 711 613 757 at
643 711 865 771 praestat
897 709 1028 771 quod
1065 712 1139 758 est
1169 709 1222 756 in
1253 709 1393 757 libris
1420 711 1648 756 συνεῖναι
1677 708 1874 756 ratione

184 786 357 833 habita
402 784 661 833 verborum
709 781 773 841 ὡς
820 781 911 831 οὐκ
957 780 1019 830 ἂν
1066 781 1120 831 ἐν
1165 782 1384 831 καλλίονι
1431 781 1872 847 διατρίψαντες.

184 860 355 920 Neque
406 857 714 922 agnoscenda
769 860 843 905 est
895 857 1175 920 tautologia
1226 858 1279 904 in
1330 856 1492 905 verbis
1548 859 1769 904 συνεῖναι
1823 857 1878 903 et

185 931 509 997 συνεδρεύειν,
551 947 759 993 quorum
796 931 922 978 illud
961 931 1202 994 generale,
1241 931 1333 978 hoc
1373 931 1585 992 speciale
1627 933 1714 978 est.

295 1023 341 1068 p.
371 1007 531 1067 521‚‘2
565 1012 763 1054 τοιαῦτα
796 1002 848 1053 δὲ
881 1002 998 1053 ὄντα
1030 1002 1061 1051 ἃ
1093 1004 1357 1068 διεξῆλθον
1390 1003 1449 1053 οὐ
1481 1003 1692 1052 τοσαῦτά
1725 1002 1875 1067 ἐστιν,

187 1079 302 1128 ὥστε
334 1078 424 1142 τὴν
455 1077 733 1143 ὑπερβολὴν
764 1085 852 1127 τοῦ
882 1077 1090 1136 κάλλους
1121 1076 1174 1127 ἐν
1205 1086 1263 1146 τῇ
1296 1077 1559 1143 βραχύτητι
1591 1084 1687 1125 τῶν
1720 1095 1874 1141 μετει-

186 1153 415 1216 ληφότων
462 1158 549 1201 τοῦ
595 1151 803 1210 κάλλους
841 1150 1114 1200 ἀπολλύναι
1152 1151 1205 1201 τὸ
1250 1156 1441 1216 θαῦμα,
1485 1146 1593 1200 οἷον
1633 1151 1693 1201 οὐ
1732 1149 1875 1200 πέντε

187 1224 274 1290 μὲν
307 1226 472 1290 οἰκίαι,
512 1233 662 1290 κῆποι
695 1223 746 1274 δὲ
778 1224 913 1290 ἑπτά,
953 1225 1238 1291 κυπάριττοι
1278 1223 1330 1275 δὲ
1365 1225 1654 1290 τριακόσιαι,
1694 1223 1876 1290 λουτρὰ

187 1298 238 1349 δὲ
288 1300 418 1364 τρία,
469 1298 587 1348 ἀλλὰ
637 1299 759 1348 καλὰ
810 1297 921 1363 μέν,
973 1297 1039 1358 ὡς
1092 1297 1239 1348 οὐδὲν
1289 1297 1490 1363 ἄλλοθι,
1540 1299 1689 1348 πλείω
1742 1296 1793 1347 δὲ
1840 1296 1875 1363 ἢ

186 1374 362 1422 καλλίω
409 1372 465 1421 τὰ
512 1372 682 1422 πάντα.
767 1374 1077 1436 Quamquam
1123 1372 1183 1422 οὐ
1214 1390 1326 1422 -non
1383 1389 1497 1421 cum
1541 1374 1878 1421 Herwerdeno

188 1448 454 1496 absurdum
493 1448 719 1508 dixerim,
768 1448 851 1496 sed
899 1449 1122 1496 excusari
1158 1463 1302 1509 posse
1350 1448 1662 1509 crediderim,
1706 1450 1878 1495 tamen

188 1514 247 1570 οὗ
287 1522 419 1584 quod
458 1522 543 1569 ille
581 1524 842 1584 proposuit
879 1523 1038 1570 multo
1078 1525 1331 1584 praestare
1371 1522 1509 1569 duco.

296 1613 342 1657 p.
386 1597 594 1656 524,18
649 1594 802 1654 οὕτως
853 1595 1033 1654 ἱκανῶς
1083 1593 1333 1658 τοῦδαφος
1383 1594 1480 1643 ὑπὸ
1531 1601 1629 1643 τῶν
1679 1593 1877 1643 ὑδάτων

188 1668 436 1732 λάμπεται.
491 1669 734 1717 Ultimum
758 1669 966 1717 verbum
995 1670 1125 1731 quod
1157 1686 1247 1733 ego
1279 1686 1369 1732 pro
1401 1669 1697 1734 λαμβάνεται
1729 1670 1876 1731 posui

187 1745 292 1804 ipse
330 1744 431 1791 iam
474 1759 572 1791 non
611 1743 786 1804 probo,
835 1744 918 1791 sed
965 1759 1062 1791 non
1106 1745 1266 1807 magis
1308 1743 1619 1805 διαφαίνεται
1666 1743 1798 1804 quod
1844 1758 1876 1791 a

189 1815 354 1864 Gasda
392 1816 676 1864 dubitanter
706 1817 1015 1879 propositum
1047 1817 1326 1865 Schmidius
1365 1818 1521 1879 recipi
1551 1818 1675 1865 vult.
1743 1817 1877 1864 Nam

188 1887 436 1950 τοῦδαφος
482 1906 579 1937 non
625 1888 721 1939 ὑπὸ
769 1898 866 1939 τῶν
913 1889 1108 1940 ὑδάτων
1155 1890 1478 1954 διαφαίνεται.
1555 1891 1667 1939 Mea
1714 1893 1878 1954 magis

189 1964 441 2026 magisque
473 1964 681 2011 inclinat
713 1967 956 2012 sententia
986 1969 1044 2013 ut
1076 1965 1240 2013 sedem
1280 1966 1588 2027 corruptelae
1626 1967 1790 2013 minus
1821 1966 1878 2012 in

189 2035 481 2100 λαμβάνεται
521 2053 671 2098 quam
710 2040 763 2084 in
807 2038 987 2096 ἱκανῶς
1033 2055 1268 2100 quaeram
1311 2043 1359 2087 et
1398 2054 1566 2087 veram
1612 2039 1875 2087 lectionem

189 2108 315 2158 οὕτω
356 2110 609 2172 διαφανῶς
647 2109 897 2174 τοῦδαφος
936 2110 1032 2160 ὑπὸ
1081 2120 1177 2161 τῶν
1224 2110 1419 2160 ὑδάτων
1461 2111 1757 2176 λαμβάνεται
1794 2112 1879 2160 vel

189 2183 603 2247 καταλαμβάνεται
640 2186 741 2233 iam
781 2202 810 2234 a
848 2187 1049 2234 Reiskio
1088 2189 1342 2234 inventam
1380 2202 1483 2234 esse
1522 2190 1705 2248 putem.

299 2258 520 2318 p.5·27‚6
548 2252 662 2323 παρ’
684 2255 803 2321 ἡμῖν
828 2256 879 2307 δὲ
911 2257 992 2307 καὶ
1023 2267 1173 2308 ταῦτα
1197 2260 1497 2326 πωλητήρια,
1526 2259 1644 2308 ὥστε
1669 2258 1877 2308 ἑκάστου

190 2336 366 2394 μικροῦ
413 2337 509 2378 τῶν
555 2330 834 2394 οἰκημάτων
880 2330 1254 2398 ἀντιπρόσωπον
1299 2333 1630 2399 ἐργαστήριον.
1714 2333 1879 2397 Aegre

189 2403 421 2467 intellego
453 2404 835 2453 Herwerdenum
868 2412 1044 2472 μικροῦ
1076 2408 1234 2466 „quod
1267 2409 1352 2455 hoc
1390 2409 1489 2456 loco
1521 2410 1734 2467 ineptum
1756 2421 1879 2467 pro-

191 2477 268 2525 cul
316 2478 460 2525 dubio
502 2479 674 2537 pedem
722 2481 938 2527 *intulerit
985 2495 1008 2528 e
1056 2482 1360 2541 sequentibus
1410 2480 1463 2540 (I.
1509 2481 1624 2541 10),
1679 2482 1764 2529 ubi
1812 2483 1881 2528 sit

191 2552 542 2598 necessariumss
582 2553 851 2600 cancellare
894 2556 1127 2615 potuisse.
1204 2554 1301 2601 Vix
1343 2571 1400 2602 ex
1439 2555 1527 2602 illo
1566 2555 1661 2601 huc
1698 2554 1877 2615 pedem

191 2624 368 2671 inferre
407 2626 592 2685 potuit,
638 2642 751 2672 nam
796 2627 1091 2689 significatio
1132 2631 1205 2675 est
1243 2629 1391 2689 plane
1430 2628 1646 2688 diversa,
1694 2631 1743 2675 et
1781 2628 1878 2674 hoc

192 2697 299 2744 loco
354 2704 528 2762 μικροῦ
584 2702 658 2746 est
712 2701 1036 2760 aptissimum.
1127 2701 1384 2764 Significat
1438 2703 1567 2748 enim
1609 2715 1769 2760 paene
1818 2703 1880 2747 ut.

192 2787 238 2831 p.
276 2771 443 2830 166,6
485 2778 579 2828 πᾶς
619 2769 679 2833 δὴ
721 2779 896 2835 μικροῦ
936 2773 1080 2838 λόγον
1120 2772 1284 2822 ἐποίει.

303 2859 348 2903 p.
385 2845 505 2902 533,
527 2845 554 2890 7
607 2848 711 2901 ταῖς
757 2843 810 2893 δέ
855 2864 905 2910 γε
954 2846 1296 2912 δημιουργίαις
1346 2847 1469 2911 πρὸς
1519 2847 1627 2895 ἴσον
1677 2846 1877 2911 ἔρχεται.

193 2915 350 2963 Locus
399 2920 471 2964 est
517 2917 694 2978 planus
743 2922 889 2979 atque
937 2920 1118 2967 clarus:
1169 2924 1273 2978 ταῖς
1320 2921 1642 2987 δημιουργίας
1692 2919 1879 2986 ἔρχεται
