1992 3094
972 861 979 869 “
998 849 1163 901 XLII.

690 950 921 1030 ΥΠΕΡ
970 968 1482 1031 ΘΑΛΑΣΣΙΟΤ.

149 1132 354 1175 RH388
435 1119 479 1170 1.
529 1115 877 1186 ’Τβρισθέντι
925 1118 1069 1188 φίλῳ
1120 1116 1210 1169 καὶ
1256 1115 1567 1169 κωλυθέντι
1618 1123 1805 1184 τυχεῖν
1851 1109 1930 1168 ὧν

240 1209 460 1270 εἰκότως
507 1205 577 1259 ἂν
627 1205 935 1274 ἑτετυχήκει
986 1207 1091 1275 πρὸ
1143 1207 1367 1258 πολλῶν
1415 1213 1528 1257 τῶν
1576 1206 1930 1273 μετεχόντων,

238 1298 350 1364 ἥκω
389 1297 714 1364 βοηθήσων,
764 1291 805 1347 ὦ
846 1297 1099 1363 βασιλεῦ,
1146 1294 1207 1346 τό
1253 1312 1311 1346 τε
1353 1300 1448 1361 τῆς
1488 1294 1675 1361 φιλίας
1709 1293 1931 1365 ιδίκαιον

197 1408 216 1439 5
242 1386 570 1454 αἰδούμενος
609 1384 699 1436 καὶ
740 1384 849 1451 ἅμα
887 1383 959 1452 μὴ
1009 1383 1078 1435 σύ
1117 1403 1225 1449 μου
1265 1390 1360 1451 τῆς
1403 1390 1611 1451 σιωπῆς
1649 1387 1931 1453 καταγνῷς
1964 1375 1966 1379 ’

240 1475 602 1543 φοβούμενος.
680 1471 925 1539 ἐλογίζου
966 1472 1069 1540 γὰρ
1111 1472 1203 1539 ἄν,
1242 1474 1325 1533 τίς
1364 1469 1434 1524 ἂν
1472 1476 1591 1539 εἴην
1629 1471 1766 1539 πρὸς
1803 1471 1932 1532 τοὺς

241 1563 442 1624 ἄλλους
482 1560 586 1629 ἐγὼ
625 1561 722 1613 τὸν
753 1562 962 1630 τρόπον
1002 1560 1031 1613 ὁ
1071 1560 1197 1628 περὶ
1236 1561 1336 1612 τὸν
1373 1567 1630 1612 τοιοῦτον
1670 1558 1932 1629 ὀλιγωρίᾳ

239 1649 579 1720 κεχρημένος.
656 1650 703 1701 2.
760 1649 834 1711 ὡς
872 1645 974 1717 μὲν
1013 1644 1118 1701 οὖν
1165 1649 1267 1701 οὐκ
1307 1649 1430 1701 ἴσον
1469 1641 1547 1710 εἷς
1587 1647 1724 1717 ἀνὴρ
1765 1645 1826 1700 εἶν
1865 1653 1938 1719 τῷ

153 1750 356 1794 RH389
409 1747 659 1791 συνεῖναι
709 1736 856 1800 νέοις
908 1738 985 1800 εἰς
1033 1744 1204 1807 γῆρας
1245 1737 1251 1806 Ι
1297 1738 1447 1806 ἥκων
1495 1737 1584 1789 καὶ
1636 1734 1963 1805 συνέδριον-

178 1850 219 1881 10
244 1826 592 1894 ἀγανακτοῦν
639 1827 687 1879 εἰ
733 1828 805 1895 μὴ
854 1824 999 1888 δόξει
1046 1825 1266 1894 βέλτιον
1311 1818 1453 1878 εἶναι
1499 1833 1600 1878 τοῦ
1639 1825 1932 1894 παραδείγ-

243 1934 425 1983 ματος,
459 1914 623 1977 αὐτός
646 1934 703 1967 τε
737 1913 1025 1983 ἐπίσταμαι
1050 1912 1141 1967 καὶ
1173 1923 1284 1966 τῶν
1309 1915 1490 1966 ἄλλων
1515 1914 1698 1976 οὐδεὶς
1723 1912 1932 1981 ἀγνοεῖ·

243 2001 361 2055 ἀλλ’
394 2004 439 2055 εἰ
471 2003 572 2071 μὲν
604 2004 768 2065 ἄλλος
799 2005 1058 2069 βασιλεὺς
1092 2000 1280 2070 ἔμελλε
1319 2011 1430 2055 τῶν
1460 2022 1518 2055 τε
1550 2004 1731 2070 λόγων
1771 2001 1933 2054 ἀκού-

245 2097 444 2144 σεσθαι
482 2089 573 2143 καὶ
613 2092 674 2144 τὸ
708 2092 924 2144 δίκαιον
956 2090 1244 2158 ἐξετάσειν,
1285 2092 1470 2143 ἔδεισα
1501 2089 1571 2144 ἂν
1601 2092 1673 2159 μὴ
1709 2098 1807 2144 τοῦ
1840 2098 1933 2158 τῆς

367 2222 404 2266 Ο
470 2244 523 2258 --
559 2222 705 2266 codex
738 2220 983 2266 Chisianus

363 2282 407 2324 A
470 2303 524 2317 =
557 2281 849 2325 Monacensis
882 2295 948 2337 gr.
973 2285 1060 2324 483
1093 2281 1431 2338 (Augustanus)

366 2341 411 2384 P
470 2362 524 2376 =
558 2340 801 2383 Palatinus
833 2355 900 2396 gr.
927 2344 1011 2383 282

364 2400 397 2441 I
473 2421 527 2435 =
561 2398 826 2441 Marcianus
860 2399 1056 2454 append.
1079 2397 1179 2442 XCI
1197 2404 1221 2441 2

375 2458 441 2501 Va
474 2479 528 2493 =
563 2457 819 2500 Vaticanus
851 2472 918 2514 gr.
946 2462 998 2500 81

367 2517 411 2558 Β
475 2539 529 2552 =
562 2516 843 2559 Barberinus
873 2516 916 2559 H
939 2521 992 2559 41

370 2577 430 2619 Μ
473 2597 527 2611 =
561 2575 825 2618 Marcianus
857 2590 924 2632 gr.
949 2580 1034 2618 437

378 2635 419 2676 V
477 2656 530 2669 =
567 2633 935 2678 Vindobonensis
967 2634 1081 2690 phil.
1107 2648 1172 2689 gr.
1201 2633 1342 2677 XCIII

370 2756 390 2793 1
426 2754 486 2806 (26
519 2754 627 2794 ante
659 2750 773 2806 ὑπὲρ
807 2753 865 2805 Α,
898 2759 979 2795 τοῦ
1013 2752 1156 2795 αὐτοῦ
1183 2752 1227 2796 V
1261 2751 1267 2810 1
1310 2749 1542 2795 θαλασίου
1575 2753 1620 2795 Β
1739 2754 1800 2806 μδ
1830 2749 1935 2807 posi?

247 2807 510 2853 θαλασσίου
546 2810 581 2853 O
604 2809 687 2865 (νε’
718 2810 766 2852 in
799 2824 872 2853 ras
905 2811 954 2853 in
985 2825 1118 2868 marg
1149 2810 1249 2864 m²)‚
1281 2809 1415 2867 λόγος
1441 2810 1711 2865 τριακοστὸς
1734 2809 1934 2866 πέμπτος

258 2868 298 2909 V
320 2868 445 2921 rubr,
478 2870 535 2925 κβ
565 2869 613 2911 in
645 2882 778 2924 marg
810 2871 854 2913 B
886 2869 997 2912 rubr
1177 2873 1202 2911 8
1236 2866 1318 2912 οὖν
1351 2883 1426 2912 om
1457 2869 1590 2925 Bong
1640 2868 1645 2927 Ι
1697 2865 1798 2913 ἶσον
1830 2869 1874 2911 Β

311 2930 365 2968 10
391 2926 577 2983 βελτίων
605 2928 647 2970 V
