1992 3094
467 108 696 152 LIBANH
728 108 952 154 ORATIO
985 109 1065 153 DE
1098 109 1478 155 PATROCINIIS
1711 113 1819 164 417

128 245 288 313 ρύχοι
335 244 426 296 καὶ
474 245 527 297 οἱ
573 247 998 312 βαλαντιοτόμοι
1045 246 1134 298 καὶ
1184 247 1237 299 οἱ
1276 255 1387 299 τῶν
1424 247 1618 316 τάφων
1657 248 1820 302 ἁπτό-

124 352 281 399 μενοι
314 330 405 384 καὶ
438 333 491 386 οἱ
522 342 634 385 τῶν
667 334 831 403 ἱερῶν
862 334 1152 403 χρημάτων
1182 335 1383 397 πάντες
1415 331 1569 388 οὗτοι
1602 337 1695 389 διὰ
1724 339 1821 400 τὰς

127 419 218 489 ἐφ’
259 419 465 493 ἑκάστῳ
505 424 766 490 τιμωρίας
805 423 1089 491 ἄχθονται.
1161 422 1277 476 ἀλλ’
1311 425 1363 476 oz
1399 420 1501 493 μὲν
1533 425 1821 494 ἄχθονται,

123 510 179 562 οἱ
227 510 390 578 νόμοι
445 507 506 562 δὲ
552 512 763 577 βοῶσιν
810 510 843 563 ἃ
884 511 1192 579 ληφθέντες
1239 514 1537 565 πείσονται.
1621 513 1711 566 καὶ
1758 515 1818 567 τὸ

126 595 228 666 μὲν
265 601 475 667 τολμᾶν
515 599 617 651 οὐκ
658 598 989 666 ἀναιροῦσιν
1027 600 1192 669 ὅλως,
1240 600 1413 653 αὐτοῦ
1454 599 1515 654 δὲ
1557 609 1657 654 τοῦ
1697 606 1819 655 τολ-
1868 625 1886 656 5

122 694 233 754 μᾶν
265 687 331 739 οὐ
364 689 579 755 μικρόν.
647 688 737 740 καὶ
771 686 957 750 οὐδεὶς
988 689 1163 751 οὕτως
1194 688 1635 757 ἀπονενοημένος
1668 691 1819 754 ὅστις

121 774 193 828 ἂν
240 776 416 828 εἰπεῖν
462 775 783 844 ὑπομείναι,
838 777 945 844 ὅτι,
1001 773 1042 829 ὦ
1098 780 1396 845 βασιλεῦ,
1455 777 1460 848 Ι
1517 781 1670 842 τοὺς
1700 792 1907 837 RH518

120 865 416 926 κωλυτὰς
453 874 581 917 τῶν
620 864 866 918 ἀδίκων
895 866 1148 919 τούτων
1178 865 1510 934 ἀνέλωμεν
1548 870 1817 936 νόμους,

122 953 231 1005 ἵνα
270 954 350 1021 μὴ
382 957 686 1019 λυπῶμεν
718 956 869 1016 τοὺς
901 954 1023 1006 ἀπὸ
1060 956 1312 1007 τούτων
1344 955 1461 1008 οὐκ
1494 955 1818 1022 ἐωμένους

119 1044 438 1093 πλουτεῖν
476 1040 616 1109 μηδ’
658 1043 986 1110 εὐποριῶν
1019 1043 1312 1110 δοκῶμέν
1342 1058 1473 1096 τισι
1513 1050 1814 1110 φθονεῖν.
1840 1069 1883 1100 10

122 1129 208 1181 27.
274 1131 346 1198 μὴ
398 1134 595 1183 τοίνυν
643 1131 781 1199 μηδὲ
830 1141 946 1194 τοῖς
998 1140 1323 1200 στρατηγοῖς
1371 1131 1500 1195 ὁδὸς
1550 1132 1814 1206 ἀνεῴχθω

119 1219 336 1286 κερδῶν
373 1228 559 1272 κακῶν
596 1216 734 1287 μηδὲ
773 1221 834 1272 τὸ
873 1220 976 1288 μὲν
1014 1221 1226 1272 τούτων
1266 1220 1444 1290 ὁράτω
1483 1241 1580 1286 τις,
1620 1230 1715 1290 τῆς
1754 1220 1814 1275 δὲ

119 1315 234 1359 τῶν
287 1306 447 1374 ὀλίγα
499 1308 847 1376 κεκτημένων
899 1310 1122 1377 μερίδος
1176 1308 1461 1376 ἀμελείτω,
1524 1310 1656 1363 οὐδὲ
1709 1312 1813 1380 γὰρ

116 1402 284 1448 τοῦτο
332 1397 487 1460 σώζει
528 1394 810 1465 Ῥωμαίοις
862 1398 963 1465 τὴν
1019 1398 1180 1466 ἰσχὺν
1232 1396 1324 1450 καὶ
1371 1406 1486 1460 τοῖς
1530 1401 1814 1465 πολεμίοις

115 1485 218 1536 τὸν
274 1486 476 1554 φόβον,
533 1484 629 1538 ἐὰν
682 1484 811 1538 καθ’
868 1485 1074 1555 ἡμέραν
1126 1506 1184 1538 τε
1236 1485 1326 1538 καὶ
1382 1487 1554 1540 νύκτα
1605 1497 1814 1540 καινῶν
1838 1511 1879 1542 15

117 1571 214 1642 δέῃ
249 1576 501 1641 κιβωτῶν
531 1584 647 1637 τοῖς
679 1583 1006 1642 στρατηγοῖς
1033 1576 1126 1628 διὰ
1157 1576 1256 1628 τὸν
1286 1574 1612 1643 ἐπιρρέοντα
1642 1580 1812 1629 πλοῦ-

116 1681 235 1727 τον,
277 1663 342 1714 οὐ
384 1663 488 1731 γὰρ
528 1664 750 1736 πλούτῳ
790 1662 991 1731 γένοιτ’
1030 1663 1099 1717 ἂν
1132 1666 1647 1732 στρατηγικώτερος,
1687 1664 1802 1717 ἀλλ’

120 1749 284 1820 ἀρετῇ
323 1751 413 1804 καὶ
451 1751 612 1822 τέχνῃ
645 1754 735 1805 καὶ
776 1751 937 1820 δόξης
967 1750 1128 1820 ἔρωτι
1159 1751 1248 1804 καὶ
1282 1759 1356 1824 τῷ
1389 1756 1601 1818 μᾶλλον
1632 1756 1810 1821 ψόγον

25 1838 38 1853 ’“
115 1838 360 1892 δεδιέναι
399 1842 664 1894 θανάτου.
743 1842 829 1894 28.
878 1840 999 1894 οὐδ’
1039 1837 1200 1903 οὗτος
1239 1840 1309 1894 ἂν
1347 1842 1570 1903 εἰκότως
1604 1843 1810 1912 ταύτην

23 1954 35 1995 'q
115 1927 277 1996 ἄρχοι
309 1929 411 1996 τὴν
439 1928 628 1998 ἀρχήν,
663 1929 768 2001 ὅτῳ
800 1933 1015 1998 πλῆθος
1040 1927 1123 1982 ἔνι
1154 1930 1438 1982 ταλάντων
1470 1928 1806 1999 ἐξαριθμεῖν,
1830 1953 1874 1986 20

24 2079 30 2093 f>
117 2014 235 2068 ἀλλ’
268 2017 373 2069 ότω
408 2019 676 2087 λαφύρων
703 2019 793 2070 καὶ
827 2019 1185 2087 αἰχμαλώτων
1209 2017 1298 2070 καὶ
1323 2020 1620 2087 τροπαίων,
1653 2020 1807 2083 οἴους

113 2113 230 2168 τοῖς
282 2107 558 2175 πατράσιν
610 2107 856 2177 ὑπῆρχεν
909 2117 1023 2170 τοῖς
1077 2106 1359 2175 ἡμετέροις
1413 2105 1564 2175 ὁρᾶν.
1642 2103 1721 2160 ὧν
1775 2108 1804 2161 ὁ

20 2199 37 2246 3
110 2197 371 2247 πλεῖστον
416 2195 518 2263 μὲν
564 2198 792 2265 χρόνον,
839 2197 1113 2248 πλείστων
1160 2192 1221 2248 δε
1264 2195 1605 2264 ἡγησάμενος
1645 2211 1805 2264 στρα-

22 2307 38 2350 „3¹
114 2291 323 2336 τιωτῶν
361 2282 458 2336 ε’να
495 2285 598 2350 μὲν
634 2286 790 2351 μόλις
829 2283 1002 2352 ἀγρὸν
1042 2283 1289 2351 ἐπρίατο,
1330 2285 1408 2335 ἐτι
1449 2283 1510 2336 δὲ
1551 2293 1662 2336 τῶν
1700 2284 1803 2338 οὐκ

232 2432 257 2470 6
290 2427 419 2472 Dem.
445 2445 489 2486 p.
511 2433 640 2484 1063
652 2435 675 2473 7

232 2566 255 2604 1
289 2560 669 2619 βαλλαντιοτόμοι
692 2563 787 2607 ΑΡ
903 2566 929 2604 3
963 2560 1129 2617 ἑκάστη
1163 2563 1197 2605 Ι
1311 2566 1333 2603 7
1368 2558 1617 2617 ὑπομείναι
1642 2563 1687 2605 Ρ
1716 2563 1796 2606 sed

53 2650 55 2652 -
109 2616 198 2661 ‘in
220 2633 296 2663 ras
319 2620 389 2663 m⁴
449 2621 699 2676 ὑπομεῖναι
723 2621 798 2664 ΙΒ
921 2625 975 2663 10
1007 2619 1066 2677 μὴ
1093 2618 1138 2664 δ’
1168 2622 1215 2663 et
1241 2624 1292 2663 11
1313 2634 1380 2675 sq.
1414 2620 1473 2676 μὴ
1499 2621 1549 2664 δὲ
1573 2621 1804 2664 ΑΡΙΒΜ

109 2676 203 2721 Got
370 2685 421 2722 11
456 2681 682 2737 ἀνεώχθω
714 2683 891 2734 κερδῶν
924 2678 1035 2729 ὁδὸς
1063 2680 1204 2723 ΙΒΜ
1375 2683 1428 2721 14
1460 2686 1557 2728 τοῖς
1586 2693 1661 2722 om
1694 2680 1737 2722 Β

111 2741 166 2780 15
190 2737 272 2781 τὸν
297 2740 407 2783 auiae
428 2746 526 2790 τοῖς
544 2739 671 2783 CAP
693 2739 784 2782 edd
845 2753 921 2782 om
937 2739 1078 2782 IBM
1135 2738 1210 2781 del
1237 2737 1441 2781 Sintenis
1501 2739 1767 2794 transposui
1787 2738 1793 2797 Ι

110 2802 258 2839 κενῶν
292 2797 329 2843 O
387 2811 463 2840 om
493 2797 634 2841 IBM
662 2798 744 2841 sed
775 2797 826 2840 in
855 2797 943 2840 hoc
975 2803 1151 2840 καινῶν
1182 2796 1230 2839 in
1262 2809 1396 2853 marg
1573 2802 1625 2840 16
1658 2798 1795 2855 κιβω-

106 2851 220 2898 τίων
252 2856 298 2899 Β
441 2861 495 2899 22
529 2863 626 2906 τοῖς
655 2854 893 2912 ἡμετέροις
924 2856 1129 2930 ὑπῆρχεν
1162 2856 1206 2898 Β
1346 2860 1402 2898 23
1434 2854 1722 2912 ἡγησάμενος
1753 2856 1800 2899 Ρ

108 2913 192 2956 sed
223 2929 248 2956 ο
280 2914 330 2956 in
359 2928 436 2958 ras
467 2915 538 2957 m²
658 2919 714 2959 24
747 2915 812 2959 ἔτι
842 2915 910 2959 Re
971 2913 1015 2958 τί
1045 2914 1155 2958 libri
1187 2913 1279 2958 Goss

197 2993 395 3028 mems
419 2996 478 3029 ed.
498 2996 740 3029 Foerster.
777 2997 848 3029 111.
1469 2992 1524 3031 27
