1992 3094
266 123 495 167 LIBANII
526 123 752 169 ORATIO
784 124 869 168 AD
902 124 1193 169 SENATUM
1223 123 1672 169 ANTIOCHENUM
1732 125 1841 177 429

148 255 283 312 οὐδὲ
321 267 486 312 τοῦτο
525 261 754 328 παρήσω
787 270 900 313 τῶν
930 260 1151 314 ἀτόπων
1183 254 1324 314 εἶναι
1356 262 1593 329 νομίζων
1624 259 1844 329 ἑτέρους

147 346 250 416 μὲν
290 346 482 412 ἀξιοῦν
521 344 582 401 εὖ
625 358 808 402 ποιεῖν
846 349 980 418 ἡμῖν
1018 351 1120 418 τὴν
1158 351 1395 418 βουλήν,
1442 350 1616 418 αὐτὴν
1662 350 1725 403 δὲ
1769 351 1842 419 μὴ

146 438 368 490 πείθειν
406 446 518 490 τῶν
557 437 725 506 αὑτῆς
762 444 1165 506 προνοηθῆναι.

259 526 307 578 2.
371 524 597 591 Ἐλπίζω
643 527 745 593 μὲν
795 523 900 580 οὖν
949 528 1088 594 ὑμᾶς
1136 530 1369 580 ἔσεσθαί
1410 547 1504 596 μοι
1554 528 1840 596 χαλεπούς,

148 615 196 667 εἰ
245 615 335 668 καὶ
389 615 451 667 τὸ
508 615 798 685 συμφέρον
851 619 1089 685 ἔχουσαν
1140 620 1378 685 κομίζων
1431 618 1544 685 ἥκω
1599 617 1839 685 γνώμην.
1887 636 1907 669 5

145 703 425 772 πεφύκασι
465 705 569 773 γὰρ
611 704 906 770 ἄνθρωποι
944 715 1056 758 τῶν
1094 708 1201 759 σὺν
1238 705 1510 772 μέμψεσιν
1548 705 1841 775 ὠφελίμων

145 794 468 862 προκρίνειν
506 794 602 855 τὰς
633 795 766 859 μετὰ
805 794 1014 862 βλάβης
1045 794 1281 863 χάριτας.
1351 792 1468 846 ἀλλ’
1507 794 1634 847 οὔτε
1665 794 1802 862 πρὸς
1831 792 1835 865 Ι

146 882 349 943 ἄλλους
380 880 486 948 ἐγὼ
519 890 770 945 τοιοῦτος
802 883 928 936 οὔτε
970 890 1077 935 νῦν
1111 883 1251 952 πρὸς
1281 883 1439 949 ὑμᾶς,
1479 883 1552 944 ὡς
1589 889 1689 935 τοῦ
1720 894 1925 938 RH527

143 966 246 1036 μὲν
284 970 623 1039 μισουμένου
663 970 754 1023 καὶ
795 972 950 1034 δίκας
986 969 1282 1034 ἐθέλοντος
1321 974 1513 1038 λαβεῖν
1552 970 1728 1024 έκεῖνο
1768 970 1839 1024 ἀν

144 1054 231 1126 ἦν,
269 1066 369 1111 τοῦ
410 1056 471 1111 δὲ
510 1069 684 1127 τιμῶν
722 1062 1081 1129 τετυχηκότος
1115 1061 1203 1113 καὶ
1244 1061 1468 1123 δικαίως
1500 1059 1570 1112 ἂν
1609 1044 1839 1128 ἀμοιβὰς
1864 1081 1905 1113 ιο

144 1147 449 1210 ἀποδόντος
494 1140 675 1201 τοῦτο.
759 1147 850 1200 καὶ
901 1151 1058 1202 δοῖεν
1103 1149 1204 1215 μὲν
1251 1149 1304 1201 οἱ
1350 1149 1451 1217 τὴν
1496 1150 1660 1201 πόλιν
1707 1148 1839 1216 ἡμῖν

143 1238 360 1305 ἔχοντες
391 1237 518 1290 θεοὶ
556 1244 652 1305 τῆς
686 1256 743 1290 τε
782 1237 1154 1306 παραινέσεως
1185 1240 1382 1306 ὄνησίν
1412 1257 1537 1289 τινα
1574 1236 1837 1305 γενέσθαι

143 1325 234 1377 καὶ
273 1331 575 1393 πεισθῆναι
606 1327 736 1388 τοὺς
768 1325 1072 1389 ἀκούοντας
1102 1336 1215 1379 τῶν
1247 1325 1684 1394 ὠλιγωρημένων
1716 1344 1836 1378 ποι-

143 1417 388 1482 ήσασθαι
442 1415 729 1483 πρόνοιαν.
822 1416 868 1467 εἰ
923 1413 974 1467 δ’
1020 1411 1124 1468 οὖν
1172 1413 1262 1467 καὶ
1312 1416 1543 1481 μάταιόν
1592 1434 1687 1483 μοι
1736 1415 1837 1482 τὴν

144 1503 467 1571 συμβουλὴν
507 1503 841 1570 ἀποδείξετε,
886 1503 1081 1573 κέρδος
1126 1501 1314 1572 ἔμοιγε
1355 1503 1547 1556 ἱκανὸν
1592 1503 1658 1555 τὸ
1702 1517 1835 1569 συμ-
1862 1524 1903 1557 15

141 1590 584 1657 βεβουλευκέναι.

255 1679 302 1731 3.
358 1673 488 1748 5Hv,
540 1678 616 1733 ὅτ’
665 1676 735 1748 ἧν
781 1681 914 1750 ἡμῖν
960 1682 992 1750 ἡ
1041 1683 1214 1750 βουλὴ
1262 1682 1437 1749 πολλή
1483 1700 1589 1747 τις,
1637 1682 1836 1750 ἄνδρες

143 1766 430 1832 ἑξακόσιοι.
507 1765 662 1822 οὗτοι
702 1766 804 1836 μὲν
842 1759 1240 1838 ἐλειτούργουν
1274 1778 1387 1832 τοῖς
1427 1765 1614 1837 οὖσιν,
1657 1769 1834 1839 ἕτεροι

144 1853 205 1910 δὲ
265 1865 523 1911 τοσοῦτοι
583 1858 644 1910 τὸ
708 1860 1071 1925 κελευόμενον
1132 1857 1361 1911 ἐποίουν
1429 1866 1545 1921 τοῖς
1607 1859 1832 1924 σώμασι.

141 1953 306 1999 τοῦτο
353 1946 414 1998 τὸ
462 1946 635 1999 καλὸν
672 1945 833 2015 μέχρι
874 1954 971 2015 τῆς
1008 1954 1107 1999 τοῦ
1150 1948 1330 2008 δεῖνος
1368 1948 1647 2014 βασιλείας
1686 1956 1835 1999 σῶον
1858 1967 1901 1999 20

140 2033 351 2103 ὑπῆρχε
382 2043 446 2105 τῇ
477 2037 652 2102 πόλει,
691 2036 824 2103 μετὰ
856 2043 1027 2088 ταῦτα
1059 2032 1119 2088 δὲ
1153 2034 1336 2088 οὐκέτι
1375 2038 1599 2088 πολλῶν
1632 2038 1834 2088 πολλα-

262 2183 287 2222 6
321 2179 377 2223 cf.
404 2180 534 2224 Dem.
561 2194 598 2223 ο.
625 2180 743 2224 Phil.
768 2180 832 2224 111
866 2186 890 2235 ξ
917 2185 942 2224 2
1149 2186 1200 2225 11
1236 2180 1292 2225 cf.
1326 2196 1370 2237 p.
1396 2185 1496 2233 210,
1516 2184 1541 2224 8
1560 2195 1627 2236 sq.

144 2242 198 2281 18
231 2238 1017 2295 cf.p.430‚13;441,5;t.1249‚13
1143 2245 1194 2283 19
1229 2240 1498 2296 of.p.457‚4
1628 2243 1683 2283 20
1716 2238 1832 2284 Con-

141 2298 338 2341 stantini
370 2298 427 2341 cf.
452 2313 497 2354 p.
516 2303 682 2354 453‚11
709 2301 757 2343 et
779 2301 812 2342 t.
837 2299 880 2342 Π
905 2304 1072 2354 29830
1090 2314 1156 2356 sq.

263 2435 285 2473 1
312 2430 623 2475 ἀτοπωτάτων
647 2434 682 2476 Ι
774 2438 798 2475 2
824 2433 933 2488 ὑμῖν
959 2433 1068 2476 BM
1082 2432 1215 2490 Bong
1234 2432 1239 2491 Ι
1261 2431 1407 2488 αὑτὴν
1433 2433 1478 2476 Β
1573 2435 1598 2474 3
1625 2431 1766 2487 αὐτῆς
1788 2433 1835 2476 Ρ

142 2487 260 2533 sed
299 2489 346 2532 in
378 2503 454 2534 ras
485 2490 555 2534 m²
615 2492 759 2548 αὐτῆς
786 2492 987 2536 OMoAI
1103 2496 1130 2534 4
1161 2508 1239 2547 μοι
1271 2506 1347 2535 om
1371 2491 1503 2548 Bong
1622 2495 1648 2533 6
1681 2491 1830 2561 πεφύ-

140 2562 278 2591 κασιν
305 2575 358 2580 -
388 2553 411 2592 7
435 2549 628 2607 χάριτας
659 2550 914 2606 praemisso
946 2550 1085 2594 titulo
1122 2554 1217 2594 Τοῦ
1248 2550 1365 2604 πρὸς
1396 2550 1478 2606 τὴν
1511 2549 1561 2594 ἐν
1593 2546 1830 2610 ἀντιοχεια

142 2606 335 2664 βουλήνε
368 2607 462 2665 λόγ.
487 2614 547 2664 κῆ
579 2609 697 2653 citat
726 2609 886 2652 Macar
916 2609 995 2653 fol.
1023 2614 1076 2652 91
1297 2614 1322 2652 6
1355 2609 1441 2665 γὰρ
1476 2623 1550 2652 om
1582 2608 1742 2652 Macar

142 2669 170 2709 8
195 2665 354 2718 ἄλλαις
378 2669 463 2711 Mo
586 2673 641 2711 10
673 2663 731 2724 ἦν
763 2682 837 2712 om
870 2670 904 2712 I
924 2671 930 2724 Ι
957 2666 1257 2725 τετυχηκότος
1280 2669 1326 2711 Ρ
1346 2669 1428 2711 sed
1453 2684 1477 2711 ο
1503 2670 1565 2724 (2)
1590 2667 1638 2710 in
1661 2680 1737 2710 ras
1761 2666 1830 2710 m²

204 2730 255 2768 11
289 2725 418 2782 ἡμῶν
442 2727 554 2771 ΒΜ
572 2726 707 2784 Bong
828 2732 883 2770 14
915 2732 1033 2782 μουὶ)
1073 2728 1129 2770 cf.
1156 2742 1200 2783 p.
1219 2732 1320 2781 421,
1334 2732 1385 2770 17
1511 2732 1565 2771 15
1597 2726 1829 2783 συμβολὴν

143 2812 229 2857 Mo
256 2814 261 2868 Ι
289 2801 586 2867 ἀποδείξεται
612 2816 697 2859 Mo
725 2817 910 2869 „malim
934 2813 1260 2867 ἀποδείξαιτε“
1286 2816 1352 2859 Re
1414 2817 1465 2858 at
1489 2815 1545 2858 cf.
1564 2813 1829 2870 φιλονεική-

142 2884 241 2915 σετε
271 2877 465 2928 p.211‚2
589 2879 642 2917 17
667 2874 790 2917 inter
812 2874 922 2930 ἡμῖν
947 2876 995 2918 et
1018 2874 1046 2930 ἡ
1071 2887 1146 2918 ras
1171 2878 1199 2916 4
1222 2874 1301 2917 litt
1325 2874 1451 2930 (ἡμῖν
1474 2874 1548 2918 vel
1572 2874 1600 2930 ἡ
1627 2875 1758 2931 βουῖ)
1784 2875 1829 2917 Α

202 2935 258 2974 20
293 2934 412 2991 σῷον
445 2933 512 2976 Re
633 2938 686 2976 21
721 2940 980 2989 μεταταῦτα
1015 2935 1098 2977 Mo
1126 2936 1132 2990 Ι
1160 2934 1245 2977 οὐκ
1278 2933 1343 2978 ἔτι
1377 2934 1505 2978 ΜοΑ
