1992 3094
632 97 971 146 PRAEFATIO
1004 100 1237 148 CRITICA
1692 110 1767 154 LV

99 235 353 287 ferendam
404 251 507 286 esse
554 237 817 286 lectionem
864 241 1043 290 codicis
1099 243 1144 291 V
1183 241 1480 308 ἐγκλίναντες
1532 250 1768 296 assentior

0 385 1 388 Ἰ
100 311 282 361 00118ὺο
321 326 367 373 p.
402 311 524 371 261,
551 311 580 358 5
622 307 688 370 ὥς
727 309 780 362 δὲ
818 311 1077 363 ἐνέκλιναν.

211 402 258 449 p.
293 385 416 445 357,
451 386 478 432 1
516 378 580 432 “A
628 380 674 433 δ’
724 383 846 452 ὑπὲρ
893 395 979 436 τοῦ
1034 387 1325 454 Περικλέους
1378 389 1403 440 ὁ
1462 392 1768 456 Θουκυδίδης

0 452 1 508 f
99 459 273 523 φησίν,
314 456 386 507 ὅτι
424 463 482 526 τῇ
522 460 713 527 τελευτῇ
754 460 1084 527 λαμπρότερον
1122 461 1321 525 ἔδειξεν,
1372 463 1487 513 ὅσον
1526 458 1588 528 ἦν
1625 464 1769 525 αὐτὸς

99 537 202 593 τοῖς
247 530 520 598 πράγμασι,
573 527 708 581 ταῦτ’
758 530 821 582 ἂν
866 533 964 599 ἕχοι
1010 554 1080 594 τις
1132 535 1284 585 εἰπεῖν
1329 536 1409 585 καὶ
1462 536 1569 600 περὶ
1615 539 1767 588 τοῦδε.

100 606 459 656 Herwerdenus
514 606 746 655 coniecit:
800 606 976 667 ἔδειξεν
1026 608 1140 668 ὅσος
1192 602 1256 673 ἧν
1304 609 1471 673 αὐτός,
1524 608 1626 675 <ἣ>
1671 616 1769 671 τοῖς

100 680 373 747 πράγμασι,
436 679 693 729 Polakius:
748 679 950 746 ἔδειξεν,
1006 681 1117 742 ὅσος
1170 675 1248 746 ἦν,
1299 681 1402 748 (ἢ)
1454 683 1618 743 αὐτοῖς
1671 689 1769 744 τοῖς

99 754 372 822 πράγμασι,
411 755 591 801 mirum
635 754 689 802 in
733 756 932 804 modum
977 759 1180 819 uterque
1219 772 1412 805 sensum
1459 753 1577 806 loci'
1598 759 1767 806 simili·

100 829 420 891 tudinemque
459 828 822 891 Thucydidiam
860 845 1186 892 corrumpens.
1249 829 1374 886 Quid
1415 832 1542 878 enim
1581 831 1768 894 Thucy·

17 923 20 925 ’
100 903 238 952 didos
270 895 344 967 (H
368 903 453 962 65,
480 895 536 967 3)
571 904 644 950 ait
674 903 733 950 de
764 902 987 952 Pericle?
1024 902 1190 967 ἐπειδὴ
1223 901 1487 967 ἀπέθανεν,
1517 902 1595 953 ἐπὶ
1626 902 1769 953 πλέον

100 975 170 1027 ἔτι
207 974 435 1042 ἐγνώσθη
475 971 506 1038 ἡ
546 975 756 1041 πρόνοια
795 975 947 1026 αὐτοῦ
987 974 1017 1040 ἡ
1058 975 1106 1036 ἐς
1143 976 1227 1026 τὸν
1265 975 1485 1040 πόλεμον.
1563 977 1767 1035 Quibus-

101 1067 212 1100 cum
264 1050 547 1112 discrepant
600 1067 726 1113 quae
780 1051 857 1098 illi
910 1051 1238 1112 coniecerunt,
1301 1050 1610 1099 concordant·
1646 1067 1769 1113 quae

100 1123 242 1174 libris
279 1124 468 1172 tradita
507 1126 634 1172 sunt.
710 1125 954 1174 Neutrum
993 1127 1157 1173 autem
1198 1123 1315 1173 ὅσον
1352 1124 1461 1172 usui
1498 1124 1769 1172 Libaniano

30 1206 32 1210 '
100 1199 313 1247 maxime
352 1198 612 1247 convenire
651 1198 751 1247 loci
789 1199 1127 1247 demonstrant
1164 1201 1198 1246 t.
1230 1197 1307 1246 ΙΠ
1348 1198 1465 1258 159,
1492 1200 1521 1245 2
1562 1195 1587 1247 ὁ
1626 1196 1770 1255 αὐτὸς

100 1271 344 1339 ἑκάτερον,
381 1278 477 1320 νῦν
517 1269 605 1336 μὲν
643 1279 802 1336 τοῦτο,
840 1278 935 1320 νῦν
974 1266 1019 1320 δ’
1062 1270 1240 1331 ἐκεῖνος
1284 1272 1402 1331 176,
1429 1274 1491 1318 11
1534 1269 1625 1318 οὐκ
1663 1269 1770 1318 ἴσον

103 1344 190 1410 ἥδε
227 1343 455 1409 κάκείνης
497 1347 619 1408 416,
648 1348 675 1394 7
717 1345 808 1395 οὐκ
848 1346 954 1395 ἴσον
991 1340 1061 1404 εἷς
1098 1343 1179 1394 καὶ
1218 1344 1307 1393 δύο
1347 1342 1460 1393 οὐδὲ
1507 1341 1652 1409 μέγας
1690 1341 1768 1391 καὶ

101 1418 285 1486 βραχὺς
323 1417 439 1469 οὐδὲ
478 1417 657 1486 ὡραῖος
694 1418 777 1468 καὶ
814 1417 1051 1485 ἄμορφος.

211 1511 259 1557 p.
293 1495 414 1555 357,
440 1495 471 1542 8
512 1500 706 1560 πρῶτον
746 1491 834 1558 μὲν
877 1492 968 1559 γὰρ
1016 1491 1106 1542 οὐκ
1151 1489 1362 1557 ἤνεγκαν
1408 1488 1494 1549 οὓς
1539 1489 1769 1552 πρότερον

99 1565 338 1632 ἤλαυνον,
377 1566 539 1617 ἔπειτα
576 1564 700 1632 <δὲ>
739 1564 1074 1624 δελεασθέντες
1112 1565 1309 1629 εἰρήνης
1343 1561 1555 1627 ὀνόματι.
1632 1562 1767 1620 Quod

101 1641 289 1691 inserui
335 1639 388 1691 δὲ
433 1645 547 1705 post
592 1640 753 1691 ἔπειτα
798 1658 894 1689 non
942 1639 1263 1689 necessarium
1306 1654 1407 1687 esse
1446 1635 1768 1684 Herwerdeno

101 1715 326 1765 concedo.

8 2636 11 2643 “
8 2315 41 2616 ,ρωικ-ιἋωῐέ
8 2237 35 2292 '⁸2¹
16 2182 34 2205 τ
20 2141 21 2144 „
30 2048 34 2079 ..
18 1988 33 2009 -,

213 1806 261 1853 Ρ.
296 1791 418 1852 358,
445 1792 477 1839 4
517 1783 629 1838 ὥστ’
685 1788 830 1856 ἔγωγε
876 1786 1105 1845 πολλάκις
1144 1784 1403 1848 ἐθαύμασα
1441 1790 1525 1831 τοῦ
1567 1781 1769 1844 Μήδου,

103 1860 170 1923 ὥς
206 1863 366 1929 παρὸν
404 1864 554 1913 πλείω
585 1864 753 1928 λαβεῖν
784 1861 875 1912 οὐκ
905 1859 1130 1926 ἠθέλησε.
1195 1860 1306 1906 Non
1339 1860 1413 1906 est
1443 1872 1528 1904 cur
1564 1852 1629 1913 ὡς
1658 1870 1767 1903 cum

105 1936 288 1987 Cobeto
328 1941 478 2001 atque
516 1938 845 1986 Herwerdeno
884 1936 936 1983 in
974 1941 1078 1992 πῶς
1115 1934 1194 1982 vel
1227 1931 1357 1989 ὅπως
1387 1933 1643 1978 mutemus.
1699 1926 1768 1975 Cf.

103 2028 150 2075 p.
179 2013 386 2075 10,163
426 2028 499 2075 ep.
528 2014 610 2061 21.

213 2102 259 2148 Ρ.
295 2087 416 2148 359,
442 2087 472 2134 3
515 2083 612 2134 Διὰ
650 2084 700 2133 τί
734 2077 842 2147 οὖν,
882 2076 919 2131 ὦ
958 2078 1067 2130 θεοὶ
1106 2077 1186 2128 καὶ
1226 2077 1475 2141 δαίμονες,
1518 2073 1583 2137 μὴ
1622 2079 1768 2121 ταῦτα

98 2156 398 2224 -έκυρώσατε;
438 2157 520 2208 διὰ
559 2159 607 2208 τί
637 2157 702 2222 μὴ
734 2157 787 2207 τὸ
821 2153 908 2221 μὲν
938 2154 1065 2219 ὑμᾶς
1095 2151 1411 2214 ἐπιστάμενον
1442 2146 1579 2214 γένος
1608 2144 1767 2195 εὔδαι-

99 2249 215 2297 μον,
253 2232 339 2283 τὸν
378 2230 430 2282 δὲ
469 2233 660 2291 τούτοις
699 2229 994 2294 εὐδαμονίας
1032 2226 1188 2275 αἴτιον
1226 2222 1561 2286 κατεστήσατες
1612 2218 1769 2267 Verba

105 2310 220 2355 sunt
249 2309 459 2371 integra.
528 2305 614 2356 τὸν
645 2303 696 2354 δὲ
734 2305 786 2353 id
826 2307 899 2353 est
930 2303 1173 2350 Iulianum
1202 2325 1269 2332 —
1295 2297 1352 2345 de
1385 2312 1480 2358 quo
1511 2294 1676 2343 stat-im
1710 2289 1768 2339 οὐ

104 2378 303 2444 βωμοὺς
339 2378 633 2444 ἀνέστησεν;
674 2381 764 2428 etc.
805 2405 873 2411 —
914 2379 989 2425 est
1026 2373 1332 2423 accusativus
1370 2368 1567 2427 obiecti,
1608 2363 1768 2414 εὐδαι-

105 2453 278 2516 μονίας
336 2454 495 2504 αἴτιον
548 2452 820 2516 praedieati
874 2451 937 2498 ad
982 2448 1182 2496 verbum
1233 2441 1558 2504 κατεστήσατε.
1633 2437 1770 2494 Quod

102 2542 282 2589 parum
332 2530 687 2591 perspexerunt
739 2523 1093 2574 Herwerdenus
1154 2523 1205 2567 et
1252 2516 1505 2571 Polakius‚
1565 2526 1767 2574 quorum

102 2600 189 2649 ille
227 2617 317 2664 pro
356 2600 673 2665 κατεστήσατε
716 2597 1024 2648 scribendum
1070 2593 1312 2643 coniciens
1358 2585 1658 2648 κατελεήσατε
1702 2608 1755 2615 -

8 2686 18 2740 ᾗ.
40 2694 53 2707 -·
103 2674 304 2724 volebat
330 2676 539 2724 scribere
563 2672 882 2737 κατηλεήσατε
909 2696 975 2703 -
1001 2666 1293 2717 sententiam
1324 2663 1500 2710 mirum
1531 2661 1768 2739 quan-tum

9 2744 11 2791 J
104 2746 405 2811 debilitavit,
458 2749 544 2797 ille
593 2746 756 2796 ἀΐδιον
806 2746 917 2807 post
965 2741 1121 2790 αἴτιον
1169 2741 1383 2787 inserens
1433 2749 1533 2781 rem
1582 2733 1769 2778 ratione

9 2878 15 2901 k·
43 2860 45 2862 -
99 2835 302 2882 prorsus
340 2822 620 2871 incredibili
658 2818 986 2884 exaggeravit.

6 2896 12 2918 ι

213 2911 262 2958 Ρ.
296 2897 418 2957 360,
455 2899 482 2944 7
523 2898 624 2953 τοῖς
663 2893 809 2958 ἱεροῖς
846 2886 1180 2953 ὑποχωρήσειν
1218 2881 1331 2940 τοὺς
1360 2878 1559 2941 τάφους.
1610 2872 1769 2921 Verba
