1992 3094
157 85 267 137 474
722 81 950 125 LLBANH
981 79 1205 124 ORATIO
1238 80 1273 123 L

158 221 322 288 νόμος
351 219 453 286 μὲν
483 199 746 284 οὐδαμοῦ,
779 224 941 269 τοῦτο
975 216 1036 269 δὲ
1066 217 1209 268 πολὺ
1241 215 1302 268 τὸ
1341 217 1523 284 ἔργον.
1597 214 1643 266 7.
1677 221 1842 268 τοῦτο

159 305 217 361 δὲ
257 309 388 360 ὅταν
426 312 584 374 εἴπω,
623 306 684 358 τὸ
724 304 962 374 ἀδίκημα
1002 303 1155 372 λέγω.
1232 302 1405 372 ἡδέως
1443 301 1492 356 δ’
1532 302 1602 356 ἃν
1641 303 1844 366 αὐτοὺς

159 396 407 466 ἐροίμην,
462 396 552 448 διὰ
598 397 656 446 τί
703 395 775 462 μὴ
822 394 913 446 καὶ
969 392 1182 455 οἰκέτας
1227 392 1318 445 καὶ
1364 394 1706 461 θεραπαίνας
1750 389 1843 444 καὶ

157 486 443 553 στρώματα
473 482 562 536 καὶ
595 483 760 551 σκεύη
793 482 879 535 καὶ
914 480 1119 550 ἁμάξας
1151 482 1385 549 ἄγουσιν
1416 479 1475 534 ἐκ
1505 490 1618 533 τῶν
1649 481 1843 533 οἰκιῶν

113 571 242 625 σὲπὶ
290 574 389 640 τὴν
434 579 530 640 τῆς
575 572 781 633 πόλεως
827 572 1032 640 χρείαν.
1109 571 1158 622 εἰ
1205 570 1309 640 γὰρ
1350 569 1434 622 ὅτι
1473 569 1592 622 οὐκ
1630 568 1842 633 ἔξεστι

156 663 447 731 φήσουσιν,
488 657 618 713 οὐδὲ
657 667 828 712 ταῦτα
866 658 1054 722 ἔξεστι.
1129 668 1245 721 πῶς
1284 653 1387 711 οὗν
1426 658 1488 711 τὸ
1529 660 1600 727 μὴ
1641 656 1843 721 ἐξεῖναι

153 758 410 815 τιμῶντες
449 742 532 811 οἷς
570 749 783 802 τούτων
822 747 1132 817 ἀπέχονται,
1171 747 1232 800 τὸ
1272 747 1406 800 αὐτὸ
1446 754 1611 800 τοῦτο
1653 745 1724 800 δι’
1763 742 1845 800 ὧν

153 845 411 890 ποιοῦσιν
442 837 749 905 ὑβρίζουσι;
789 838 879 890 καὶ
910 838 1020 906 μὴν
1050 833 1190 907 ὑπὲρ
1222 839 1446 889 πολλῶν
1478 836 1683 898 αὐτοὺς
1715 832 1842 889 οἶδα

155 927 246 978 διὰ
285 927 615 995 γραμμάτων
653 926 794 993 ὑμᾶς
832 924 1152 996 ἐρομένους,
1202 925 1250 977 εἰ
1295 924 1580 994 ποιητέον,
1626 925 1700 987 ὡς
1739 924 1841 978 οὐκ

88 1034 131 1067 ιο
156 1014 220 1066 ὃν
265 1014 426 1083 θέμις
475 1023 655 1068 ποιεῖν
703 1013 730 1067 3
779 1015 850 1083 μὴ
906 1022 1001 1083 τῆς
1053 1014 1309 1082 τοιαύτης
1364 1012 1617 1077 ἐξουσίας
1669 1011 1842 1083 ἔτυχε.

154 1112 267 1164 πῶς
307 1098 411 1155 οὗν
442 1103 508 1156 οὐ
548 1102 637 1156 καὶ
669 1102 793 1173 περὶ
825 1104 1038 1156 τούτων
1070 1104 1272 1173 ἤροντο
1306 1101 1395 1156 καὶ
1430 1103 1496 1155 τὰ
1525 1100 1654 1173 παρ’
1684 1102 1842 1169 ὑμῶν

154 1191 542 1259 ἀναμείναντες
588 1191 761 1254 οὕτως
806 1190 838 1259 ἢ
885 1189 1065 1262 ἔδρων
1110 1190 1143 1260 ἢ
1191 1192 1282 1256 οὕς
1333 1199 1441 1245 νῦν
1487 1189 1538 1243 δ’
1583 1190 1732 1263 αὐτῷ
1771 1197 1847 1263 τῷ

154 1288 353 1347 φυγεῖν
390 1282 451 1333 τὸ
493 1280 758 1350 ἐρωτῆσαι
795 1281 856 1333 τὸ
895 1282 968 1349 μὴ
1000 1290 1111 1334 τῶν
1147 1281 1379 1333 δικαίων
1418 1276 1561 1333 εἶναι
1599 1275 1842 1349 τοῦργον

155 1368 542 1436 δεδηλώκασιν.

89 1477 130 1509 15
265 1455 311 1508 8.
359 1454 479 1509 ”En
528 1461 747 1526 τοίνυν,
798 1459 846 1511 εἰ
895 1458 997 1525 μὲν
1046 1467 1157 1511 τῶν
1206 1456 1303 1527 ὑφ’
1350 1457 1508 1528 ὑμῶν
1556 1465 1720 1511 τοῦτο
1770 1453 1842 1526 ἦν

154 1542 529 1612 ἐγνωσμένων,
561 1547 753 1599 κοινὸν
784 1546 853 1599 ἂν
886 1543 954 1615 ἦν
976 1555 1141 1600 τοῦτο
1173 1557 1285 1600 τῶν
1315 1545 1412 1616 ὑφ’
1443 1546 1579 1615 ὑμῖν
1608 1549 1840 1614 πόλεων,

153 1633 334 1703 ὥσπερ
374 1630 443 1686 αὗ
479 1635 568 1687 καὶ
607 1636 672 1688 τὰ
711 1636 862 1689 ἄλλα.
932 1643 1040 1689 νῦν
1080 1634 1129 1689 δ’
1169 1636 1394 1690 ἀπιστία
1432 1637 1563 1699 τοὺς
1595 1636 1840 1689 ἄλλοθεν

155 1721 228 1784 ὡς
272 1722 410 1791 ἡμᾶς
455 1722 784 1793 ἐρχομένους
830 1727 939 1793 ἔχει
988 1733 1211 1796 πρᾶγμα
1263 1733 1494 1788 τοιοῦτο,
1532 1724 1624 1778 καὶ
1675 1724 1840 1778 ἀκού-

155 1830 316 1872 οντας
360 1809 450 1863 καὶ
499 1812 756 1880 ὁρῶντας.
834 1815 1086 1883 ἔρχονται
1133 1814 1237 1884 γὰρ
1285 1812 1346 1867 ἐκ
1390 1816 1608 1867 πόλεων
1654 1812 1715 1866 ἐν
1754 1807 1840 1877 αἷς

66 1908 268 1955 RH555
299 1907 462 1952 τοῦτο
503 1900 605 1953 οὐκ
645 1903 776 1970 ἔστι,
816 1900 907 1954 καὶ
948 1902 1048 1971 οὐχ
1089 1902 1356 1971 ἡγοῦνται
1393 1903 1490 1966 τὰς
1527 1902 1712 1956 αὑτῶν
1754 1906 1761 1967 Ι
1807 1903 1837 1956 3

87 2006 130 2039 ει
156 1995 291 2056 χρῆν
330 1990 472 2056 ἔχειν
512 1989 613 2041 οὐκ
650 1987 812 2059 ἔχειν,
852 1988 967 2043 ἀλλ’
1002 1984 1143 2043 εἶναι
1182 1989 1312 2060 παρ’
1344 1992 1476 2060 ἡμῖν
1514 1990 1543 2044 3
1583 1992 1655 2061 μὴ
1696 1987 1839 2045 εἶναι

154 2074 384 2141 βέλτιον.
1975 2141 1979 2146 ,

265 2163 312 2216 9.
356 2163 522 2229 Ἴδοις
561 2165 608 2219 δ’
649 2168 740 2235 ἄν,
789 2163 830 2220 ὦ
877 2171 1132 2237 βασιλεῦ,
1179 2167 1270 2222 καὶ
1317 2168 1521 2232 αὐτοὺς
1566 2171 1696 2232 τοὺς
1743 2171 1837 2239 ἄρ·
1973 2164 1992 2213 ,³¹

156 2270 349 2319 χοντας
410 2247 493 2316 οἷς
554 2256 620 2308 οὐ
685 2264 944 2309 ποιοῦσιν
1005 2251 1085 2310 ὧν
1146 2258 1320 2326 δρῶσι
1380 2265 1837 2327 κατηγοροῦντας.

1973 1722 1992 1764 -22

1967 1771 1992 1831 ᾗ

274 2403 327 2442 10
358 2399 476 2443 Plat.
503 2398 638 2456 Gorg.
666 2400 801 2443 505D

1968 2408 1992 2503 „M
1982 2140 1992 2151 2

273 2536 297 2574 3
331 2529 455 2576 διατί
487 2533 532 2575 Ρ
589 2533 712 2577 διατὶ
742 2534 778 2576 Ι
905 2538 933 2577 4
964 2533 1145 2590 ἀμάξας
1174 2536 1257 2579 AI
1291 2538 1297 2592 1
1339 2535 1507 2592 ἄγουσι
1537 2537 1571 2579 Ι
1709 2539 1734 2578 5
1767 2532 1838 2578 ὅτι

157 2589 297 2642 ἔξεστι
330 2589 419 2634 Got
449 2591 530 2634 sod
562 2608 615 2648 γρ
649 2592 734 2634 οὐκ
767 2592 909 2644 ἔξεστι
941 2592 990 2635 in
1021 2606 1155 2650 marg
1277 2599 1330 2638 10
1364 2595 1522 2653 ἔτυχεν
1553 2595 1646 2639 AP
1674 2594 1755 2638 sed
1787 2592 1836 2636 in

155 2648 242 2691 hoc
273 2664 321 2692 εν
352 2650 401 2692 in
432 2664 452 2692 ε
485 2663 598 2705 corr,
629 2651 659 2692 1
688 2650 779 2693 edd
909 2656 961 2694 12
994 2655 1057 2695 τῶ
1087 2665 1162 2695 om
1196 2652 1288 2697 Got
1421 2657 1474 2696 13
1505 2652 1703 2710 τοῦργον
1735 2653 1782 2695 Ρ

158 2710 211 2749 16
244 2704 301 2750 ἂν
333 2709 378 2752 Ρ
406 2708 486 2750 sed
519 2725 549 2751 α
579 2708 629 2752 in
659 2722 734 2751 ras
767 2709 837 2752 m⁴
878 2710 883 2767 Ι
926 2708 1009 2765 ὑφ’
1030 2697 1092 2754 ‘P
1122 2712 1204 2755 sed
1233 2729 1263 2756 v
1294 2712 1343 2755 in
1373 2725 1450 2756 ras
1481 2711 1552 2755 m²
1689 2715 1740 2754 17
1775 2708 1836 2754 ἂν

156 2764 246 2808 Got
293 2772 298 2820 1
349 2765 400 2811 δὲ
432 2767 498 2810 Re
717 2772 770 2812 18
803 2768 864 2818 ὡς
896 2767 985 2812 Got
1016 2769 1097 2812 sed
1129 2769 1175 2820 ἐς
1205 2770 1255 2813 in
1285 2784 1421 2828 marg
1469 2771 1476 2829 Ι
1525 2777 1736 2815 τοιοῦτον
1767 2769 1835 2812 Re

214 2828 270 2866 20
305 2824 388 2876 τὰς
418 2825 569 2869 αὐτῶν
602 2824 626 2870 ὃ
659 2825 750 2870 Got
780 2827 860 2871 sed
892 2827 950 2871 τὰ
981 2828 1134 2872 αὑτῶν
1166 2828 1196 2872 ἃ
1227 2829 1277 2872 in
1307 2843 1442 2887 marg
1498 2831 1504 2885 Ι
1562 2829 1716 2873 αὐτῶν
1747 2829 1780 2871 Ι

155 2886 210 2924 24
243 2889 427 2926 ποιοῦσι
459 2884 492 2925 Ι
