1992 3094
155 107 266 160 420
662 106 890 150 LIBANH
922 105 1147 150 ORATIO
1179 106 1346 150 XLVII

151 243 217 296 δὲ
258 242 348 296 ἐπὶ
394 244 490 305 τὰς
527 252 639 294 τῶν
686 250 1032 311 στρατηγῶν,
1083 234 1124 313 ᾧ
1171 241 1339 311 πένης
1392 261 1450 295 τε
1496 241 1587 295 καὶ
1636 242 1846 312 ἀθυμό-

154 351 307 401 τερος
348 331 376 385 ὁ
417 331 646 400 μάχιμος
685 333 930 398 γίγνεται
970 329 1104 400 μέρη
1145 351 1201 383 τε
1241 331 1610 399 ὑποδημάτων
1653 341 1848 401 φορῶν

154 418 243 472 καὶ
283 421 559 488 χλαμύδος
607 420 854 471 εἴδωλον.
932 419 1195 482 πολλάκις
1235 416 1296 471 δὲ
1338 420 1429 472 καὶ
1469 419 1574 472 ἀπὸ
1617 428 1712 488 τῆς
1750 440 1846 488 γα·
1988 480 1992 481 ⁷

109 531 130 561 4
156 509 317 575 στρὸς
356 509 388 576 ἡ
431 508 602 577 φορά,
649 505 776 559 ὥστ’
814 509 1052 575 ἄγουσιν
1091 506 1178 560 ἐπὶ
1225 509 1320 570 τὰς
1364 508 1536 576 μάχας
1574 518 1848 561 πεινῶντα

65 609 168 652 RII
187 614 271 652 522
306 598 541 665 σώματα.
619 596 704 648 33.
750 597 756 665 Ι
805 595 1086 664 ἐξεύρηται
1128 596 1190 648 δὲ
1227 594 1319 648 καὶ
1359 598 1498 649 ἄλλα
1536 598 1850 665 σοφίσματα

155 686 472 755 χρυσίτιδος
519 693 618 753 γῆς
665 685 732 737 οὐ
773 686 951 754 χείρω.
1027 685 1306 753 βραδυτὴς
1344 693 1439 752 τῆς
1478 687 1685 753 βουλῆς
1722 684 1850 754 περὶ,

155 774 316 842 τιμὴν
364 773 465 825 οὐκ
513 772 745 841 ἀρχαίαν
791 771 918 840 μέν,
974 773 1343 824 εἰσελθοῦσαν
1394 773 1455 825 δὲ
1509 773 1678 842 ὅμως,
1733 770 1849 827 εἶτα

155 860 304 915 τοῦτ’
353 861 526 930 ὀργὴν
581 860 862 928 ἐποίησεν,
926 854 1034 913 εἷθ’
1081 862 1136 913 αἱ
1201 860 1533 929 καταλλαγαὶ
1588 865 1848 931 χρήματα.

153 954 400 1019 χρήματα
457 950 518 1002 δὲ
572 949 854 1002 κάκεῖθεν·
910 950 1241 1019 στρατιώτης
1296 949 1563 1018 ἀγοραῖον
1618 950 1850 1021 ἐρεθίζει

89 1060 132 1093 10
157 1040 423 1092 σκώπτων
477 1037 568 1091 καὶ
626 1042 826 1102 κνίζων
881 1038 1084 1106 ῥήμασι
1138 1039 1228 1090 καὶ
1291 1040 1708 1108 λαμβανόμενος
1760 1041 1849 1093 καὶ

155 1128 329 1181 ἕλκων
374 1128 463 1180 καὶ
514 1126 900 1195 ἐπισπώμενος.
981 1120 1087 1179 εἷθ’
1129 1126 1158 1179 ὁ
1197 1124 1298 1192 μὲν
1337 1127 1563 1180 ἅπτεταί
1606 1145 1722 1190 πως
1757 1127 1849 1180 καὶ

157 1218 335 1284 αὐτός,
367 1225 479 1269 τῶν
506 1216 906 1285 πεπραγμένων
939 1216 1001 1268 δὲ
1032 1215 1134 1268 οὐκ
1167 1216 1305 1268 ἴσων
1336 1212 1478 1268 εἶναι
1512 1218 1849 1284 δοκούντων,

155 1307 225 1373 μὴ
274 1306 378 1375 γὰρ
427 1301 569 1357 εἶναι
617 1305 812 1372 φωνὴν
858 1303 891 1372 ἣ
938 1313 1093 1373 χεῖρα
1139 1313 1254 1366 τοῖς
1294 1305 1568 1367 τοιούτοις
1615 1303 1702 1357 ἐπὶ
1749 1306 1849 1358 τὸν

157 1394 520 1463 στρατιώτην,
561 1391 820 1462 ἀρπάζεθ’
862 1392 891 1445 ὁ
930 1392 1447 1461 κατηναγκασμένος
1487 1393 1720 1461 ἀλγῆσαι
1759 1393 1845 1446 καὶ

94 1503 135 1535 1⁵
161 1479 313 1535 ἔστιν
355 1481 417 1535 ἐν
460 1492 575 1543 τοῖς
619 1483 862 1550 σημείοις
910 1482 1000 1534 καὶ
1043 1482 1104 1534 τὸ
1147 1482 1219 1550 μὴ
1262 1483 1599 1550 τυπτόμενος
1639 1481 1851 1535 ἀποθα-

158 1579 278 1623 νεῖν
333 1571 568 1623 ὠνεῑται.
660 1571 838 1623 πολλὰ
891 1577 1118 1622 τοιαῦτα
1171 1568 1298 1623 καθ’
1356 1569 1589 1639 ἑκάστην
1642 1570 1852 1639 ἡμέραν

160 1660 249 1712 καὶ
298 1661 574 1727 σπείρεται
628 1657 719 1712 καὶ
772 1662 1048 1728 θερίζεται
1101 1660 1269 1726 μικρὰ
1318 1660 1455 1728 πρὸς
1500 1660 1561 1712 τὸ
1610 1659 1853 1728 ῥηθησό-

163 1767 346 1816 μενον.
423 1748 483 1800 τὸ
541 1746 605 1800 δέ
656 1746 807 1800 ἐστιν
861 1749 916 1800 αἱ
970 1746 1119 1814 τιμαὶ
1171 1757 1283 1800 τῶν
1329 1747 1538 1818 ἀρχῶν,
1593 1749 1852 1818 ἄργυρος,

165 1837 336 1903 ἄχθος
391 1838 663 1904 καμήλων.
753 1835 843 1887 καὶ
903 1837 1219 1905 παραλείπω
1281 1835 1380 1888 τάκ
1441 1843 1535 1904 τῆς
1588 1835 1853 1905 ὑμετέρας

97 1946 141 1977 20
166 1926 340 1986 οἰκίας
387 1926 463 1986 εἰς
509 1925 604 1986 τὰς
651 1923 877 1977 ἐκείνων
922 1923 1051 1976 καθ’
1098 1923 1329 1977 ἕκαστον
1375 1922 1632 1977 ἐνιαυτὸν
1684 1925 1852 1978 ἰόντα.

165 2012 251 2065 34.
326 2016 383 2065 τί
441 2008 544 2065 οὖν
607 2013 693 2064 δεῖ
752 2013 886 2082 μετὰ
952 2020 1225 2065 τοσοῦτον
1286 2015 1498 2081 ὄμβρον
1560 2013 1853 2082 λημμάτων

164 2100 398 2163 ἀθλίους
446 2111 629 2154 ποιεῖν
675 2101 1010 2170 ἀνθρώπους
1062 2094 1146 2164 οἷς
1196 2101 1364 2154 οὐδὲν
1413 2099 1498 2155 ἔνι
1547 2103 1692 2170 πλὴν
1742 2111 1853 2154 τῶν

77 2201 282 2245 RH523
316 2189 522 2258 ἀγρῶν;
569 2191 624 2242 τί
667 2188 716 2242 δ’
755 2189 940 2256 ἀσεβεῖ
984 2192 1134 2262 πόρῳ
1173 2191 1240 2242 τὰ
1273 2189 1282 2261 Ι
1315 2191 1499 2243 αὑτῶν
1539 2189 1628 2243 ε’πὶ
1670 2194 1853 2257 μεῖζον

284 2325 308 2362 6
343 2319 461 2363 Plut.
490 2320 547 2362 de
579 2334 680 2375 cup.
708 2320 797 2364 div.
823 2336 866 2376 p.
888 2325 972 2363 526
991 2320 1027 2363 Β

286 2443 310 2480 2
345 2435 519 2494 γίνεται
550 2437 690 2481 1BM
813 2443 840 2480 4
873 2437 984 2482 ὥστε
1017 2439 1157 2482 ΙΒΜ
1285 2444 1310 2482 5
1343 2437 1395 2483 δὲ
1428 2453 1503 2483 om
1538 2442 1598 2484 M
1716 2444 1741 2482 6
1772 2444 1854 2495 τῆς

166 2502 299 2552 τιμῆς
321 2503 401 2552 τῆς
425 2498 594 2554 βουλῆς
616 2498 650 2539 Ι
765 2501 788 2539 7
815 2498 922 2552 περὶ
944 2497 1029 2552 τὴν
1052 2498 1188 2554 τιμὴν
1213 2499 1324 2542 ΒΜ
1442 2503 1496 2541 13
1526 2495 1646 2542 εἶναι
1671 2498 1832 2554 φωνὴν

170 2557 430 2611 „interpone
455 2559 528 2600 δεῖ
549 2561 630 2599 aut
654 2554 835 2630 οἴονται
858 2559 957 2600 δεῖν
983 2552 1133 2600 εἷναι“
1165 2557 1233 2600 Re
1357 2562 1410 2600 14
1443 2556 1695 2612 ἁρπάζεται
1718 2558 1792 2601 IB

728 2631 752 2657 ο
788 2631 834 2658 οι

170 2672 226 2714 cf.
252 2676 283 2715 t.
310 2673 352 2715 II
377 2677 486 2726 97,ss
614 2677 666 2715 15
701 2671 904 2729 σημείοις
936 2676 994 2718 Μ
1035 2677 1040 2730 Ι
1082 2677 1253 2718 θανεῖν
1289 2674 1463 2719 OIBM
1582 2679 1635 2717 16
1668 2675 1854 2719 ὠνεῖται

171 2731 333 2787 scripsi
395 2731 566 2787 ὤνηται
597 2731 706 2774 libri
738 2732 828 2775 edd
860 2733 941 2776 sed
973 2739 1086 2788 „aut
1117 2734 1298 2778 ὠνεῖται
1333 2735 1411 2790 leq.
1437 2739 1500 2778 est
1523 2739 1606 2778 aut
1629 2733 1853 2789 ἐώνηταῠ*

172 2789 240 2833 Re
363 2794 416 2833 18
448 2787 549 2835 τόδ’
578 2790 671 2834 Got
704 2793 710 2846 Ι
745 2787 791 2835 δ’
820 2791 887 2835 Re
1010 2796 1063 2834 19
1095 2789 1364 2848 παραλείπω
1396 2794 1442 2836 Ρ
1470 2793 1552 2836 sed
1584 2810 1615 2835 α
1646 2794 1708 2849 (2)
1740 2794 1788 2836 eb
1817 2809 1852 2835 ω

170 2848 217 2890 in
249 2861 324 2891 ras
356 2848 426 2891 m²
557 2854 609 2891 19
642 2849 736 2893 τ’ἀκ
769 2851 814 2893 A
872 2849 931 2893 τὰ
959 2846 1006 2893 ’κ
1038 2852 1084 2894 Ρ
1139 2850 1196 2894 τὰ
1229 2849 1319 2894 Got
1454 2857 1508 2895 23
1542 2853 1728 2906 „malim
1759 2857 1855 2900 τοῖς

171 2905 262 2948 vm
294 2907 361 2950 Re
403 2909 409 2963 ι
453 2908 604 2951 αὐτῶν
637 2907 703 2951 Re
764 2909 917 2952 αὐτῶν
949 2909 1059 2952 libri
1092 2909 1182 2953 Got
1926 2880 1956 2946 ἕ»
