1992 3094
519 116 746 162 LIBANII
778 117 1002 163 ORATIO
1033 119 1152 164 PRO
1185 119 1439 166 TEMPLIS
1715 123 1816 193 1οἶ

240 253 328 306 37.
353 251 520 306 Ὅταν
543 256 740 306 τοίνυν
770 252 860 306 καὶ
893 261 992 307 τοῦ
1021 258 1386 324 σεσυληκότος
1417 259 1819 326 μνημονεύωσι,

127 343 188 396 τὸ
235 342 337 409 μὲν
383 342 456 405 ὡς
502 342 604 395 οὐκ
652 341 739 395 ἐπὶ
774 343 882 410 ,τὰς
927 346 1134 407 θυσίας
1184 348 1460 413 προῆλθε,
1515 348 1818 415 παρείσθω,

126 429 264 484 ἄλλα
302 431 392 493 τίς
425 431 432 500 Ι
476 430 619 484 οὕτω
659 431 905 500 μεγάλην
942 442 1054 485 τῶν
1091 431 1216 502 περὶ
1257 435 1322 486 τὰ
1371 435 1490 502 ἱερὰ
1527 439 1656 505 χρή·
1698 448 1907 492 ΒΠ184

126 538 267 587 ματα
306 518 511 572 δέδωκε
550 521 713 588 δίκην
751 522 816 573 τὰ
856 517 957 589 μὲν
996 521 1160 584 αὐτὸς
1199 522 1369 575 αὑτὸν
1399 525 1616 591 μετιών,
1656 526 1722 577 τὰ
1762 523 1811 576 δ’

123 608 228 676 ἤδη
268 608 358 661 καὶ
397 607 639 670 τεθνεὼς
681 607 909 677 πάσχων
949 606 1028 660 ἐπ’
1062 607 1333 677 ἀλλήλους
1371 629 1430 662 τε
1470 611 1669 664 ἰόντων
1707 622 1819 666 τῶν
1865 635 1883 666 5

127 695 185 750 ἐκ
223 704 324 749 τοῦ
363 695 562 765 γένους
607 694 698 748 καὶ
748 695 1104 762 λελειμμένον
1151 698 1407 767 μηδενός;
1457 694 1634 752 καίτοι
1673 704 1817 754 πολὺ

123 783 343 852 βέλτιον
385 781 455 854 ἧν
495 784 642 856 αὐτῷ
681 793 794 837 τῶν
833 783 924 837 ἀπ’
958 785 1172 838 ἐκείνου
1220 787 1374 849 τινὰς
1420 788 1609 856 ἄρχειν
1646 788 1678 857 ἢ
1718 792 1819 858 τὴν

123 872 418 942 ἐπώνυμον
471 873 619 946 αὐτῷ
667 881 782 936 τοῖς
836 875 1275 943 οἰκοδομήμασιν
1322 874 1588 938 αὔξεσθαι
1634 880 1817 945 πόλιν,

105 950 194 1015 ’δι’
225 962 296 1031 ἣν
345 960 436 1015 καὶ
492 962 667 1031 αὐτὴν
719 963 864 1031 πλὴν
916 971 1029 1015 τῶν
1082 961 1194 1016 ἐκεῖ
1246 973 1423 1026 κακῶς
1475 967 1819 1034 τρυφώντων

121 1052 366 1115 ἅπαντας
401 1051 740 1120 ἀνθρώπους
771 1053 882 1120 ἔχει
912 1051 1335 1122 καταρωμένους
1370 1053 1375 1120 Ι
1410 1061 1474 1123 τῇ
1508 1063 1669 1122 σφῶν
1700 1067 1741 1110 R
1762 1067 1903 1112 11185

120 1140 307 1194 αὐτῶν
346 1140 550 1210 ἀπορίᾳ
588 1126 690 1209 τὴν
729 1140 996 1210 εὐπορίαν
1036 1139 1216 1210 ἐκείνῃ
1255 1141 1607 1211 παρέχοντας.
1842 1168 1881 1198 11

233 1229 317 1281 38.
370 1229 480 1282 Καὶ
520 1229 654 1282 ὅταν
692 1231 889 1282 τοίνυν
933 1228 1046 1296 μετ’
1079 1229 1292 1283 ἐκεῖνον
1331 1232 1431 1284 τὸν
1479 1230 1693 1284 ἐκείνου
1734 1231 1817 1285 λέ-

122 1332 258 1386 γωσι
311 1316 402 1371 καὶ
458 1319 531 1381 ὡς
583 1321 812 1371 καθεῖλε
866 1319 1004 1381 νεὼς
1058 1319 1160 1371 οὐκ
1216 1318 1418 1372 ἐλάττω
1472 1321 1598 1389 περὶ
1652 1328 1814 1374 τοῦτο

119 1408 485 1476 πονησάντων
508 1416 620 1460 τῶν
651 1408 1081 1476 καθαιρούντων
1112 1408 1143 1476 ἢ
1176 1417 1288 1460 τῶν
1312 1409 1815 1477 οἰκοδομησάντων,

122 1527 191 1534 -
231 1496 407 1558 οὕτως
445 1496 548 1549 οὐκ
586 1491 658 1563 ἦν
704 1493 904 1566 ῥᾴδιον
942 1496 1195 1565 ἀλλήλων
1243 1496 1518 1562 διαζεῦξαι
1565 1500 1696 1560 τοὺς
1735 1501 1813 1550 λί-
1839 1521 1879 1553 15

117 1589 264 1647 θους
310 1585 532 1652 δεσμοῖς
580 1586 963 1654 ἰσχυροτάτοις
1013 1585 1523 1654 εἰσενηνεγμένουςλ
1563 1617 1635 1623 --
1683 1587 1816 1639 ὅταν

118 1668 225 1726 οὖν
278 1681 449 1727 ταῦτα
503 1673 753 1741 λέγωσιν,
809 1673 914 1742 ἐγὼ
971 1676 1155 1740 μεῖζόν
1201 1695 1251 1727 τι
1303 1678 1668 1744 προστίθημι,
1731 1675 1814 1728 ὅτι

238 1847 266 1885 4
298 1842 457 1886 Zos.11
483 1846 538 1885 29
662 1847 687 1886 9
722 1842 781 1887 cf.
806 1842 877 1886 t.1
904 1846 1003 1895 202,
1025 1847 1078 1886 12

239 2002 261 2041 1
295 2005 378 2042 τοῦ
386 1995 730 2071 σεσυληκότος]
756 1997 837 2042 τὸν
862 1996 1006 2054 μέγαν
1024 2001 1383 2041 Κωνσταντῖνον
1408 1995 1660 2042 αἰνίττεται
1689 1998 1754 2041 1⁷²

113 2061 228 2114 -1sq.
263 2055 514 2114 σημείωσαι
546 2056 576 2100 ἃ
603 2057 716 2113 φησὶ
748 2057 855 2111 περὶ
886 2064 977 2100 τῶν
1009 2063 1226 2113 μοναχῶν
1251 2054 1609 2101 Κωνσταντίνου
1642 2056 1667 2100 ὁ
1699 2057 1811 2101 ἄνο-

117 2131 203 2172 μος
240 2117 321 2160 καὶ
358 2115 653 2190 παμβέβηλος
699 2117 779 2160 καὶ
819 2115 965 2166 ὄντως
1004 2115 1178 2190 ἄνομος
1223 2114 1599 2172 κεκεντρισμένος
1637 2118 1692 2172 (ἲ)
1732 2117 1810 2160 καὶ

117 2173 272 2226 πάσας
318 2173 537 2227 αἰωνίους
582 2174 665 2225 τὰς
704 2173 839 2225 δίκας
878 2172 1080 2230 ὀφείλων
1124 2170 1189 2218 ὧν
1227 2174 1333 2227 περὶ
1371 2175 1422 2218 τὸ
1462 2173 1637 2231 ἀληθὲς
1675 2173 1813 2233 σέβας

62 2283 70 2291 ,
119 2233 327 2293 ἐξύβρισε
350 2234 414 2279 Af
479 2230 514 2278 ὦ
538 2234 720 2291 τλήμων
745 2233 955 2292 Λιβανιε,
985 2233 1140 2278 πόθεν
1165 2232 1189 2277 ὁ
1216 2233 1433 2308 διάβολος
1463 2232 1703 2290 ἐνοίκησεν
1736 2234 1810 2278 ἐπὶ

119 2293 191 2338 σοὶ
221 2294 301 2337 καὶ
333 2293 413 2337 διὰ
445 2301 528 2337 σοῦ
561 2295 824 2366 βλασφημεῖ
859 2293 916 2337 τὰ
956 2308 1229 2348 παρανομα;
1277 2311 1312 2336 ω
1353 2306 1492 2347 φυσις
1530 2293 1811 2349 ἀθλιωτάτη,

119 2349 244 2406 ola?
239 2359 380 2409 ηρεῖς
410 2369 530 2396 κατα
560 2352 646 2409 τὴν
677 2350 952 2407 ἐλευθερίαν
985 2353 1064 2395 καὶ
1096 2350 1362 2395 ἀναπλασιν
1394 2358 1475 2408 τῆς
1505 2351 1812 2408 ἀνθρωπίνης
1893 2373 1898 2377 ·

119 2410 315 2466 φύσεως.
371 2411 479 2456 ἐλεῶ
512 2426 575 2466 σε,
607 2410 858 2467 ταλαίπορε
892 2411 972 2455 διὰ
1003 2410 1088 2466 τὴν
1115 2409 1388 2465 ἐλευθερίαν
1420 2417 1503 2466 τῆς
1527 2409 1812 2466 φιλοσοφίας

118 2470 186 2514 ΔΡ
308 2474 362 2514 12
396 2468 597 2530 ἐκείνου]
622 2469 729 2515 υἱὸν
762 2484 978 2527 suprascr
1004 2471 1047 2514 V
1052 2469 1070 2494 ²

238 2637 261 2677 1
294 2633 644 2690 μνημονεύωσιν
668 2633 703 2676 Ι
848 2637 872 2676 3
905 2632 1116 2703 χρήματα
1149 2646 1224 2675 om
1250 2633 1320 2684 Ι,
1325 2632 1598 2684 ‚addendum
1630 2632 1810 2676 videtur

117 2695 202 2735 aut
245 2690 542 2750 ἠσεβηκότων
588 2698 672 2737 aut
711 2693 870 2749 potius
916 2690 1249 2748 ἠσεβημένων“
1291 2667 1358 2734 R'e
1540 2695 1565 2733 5
1610 2688 1653 2734 τ’
1682 2690 1749 2734 Re

121 2753 176 2793 10
217 2750 574 2807 καταρωμένους
606 2751 643 2795 Ο
672 2752 753 2795 sed
785 2751 908 2794 inter
938 2767 969 2793 α
1000 2751 1048 2793 et
1080 2767 1105 2804 ρ
1139 2763 1213 2792 ras
1241 2755 1262 2792 1
1297 2749 1376 2793 litt
1558 2755 1609 2793 11
1654 2750 1808 2793 αὐτῶν

118 2821 195 2852 om
219 2808 310 2853 Got
443 2815 496 2853 12
529 2815 621 2853 τῶν
652 2811 687 2853 Ι
816 2815 869 2853 16
902 2809 967 2860 εἰς
999 2808 1048 2852 ἓν
1081 2807 1395 2864 συνηγμένους
1426 2807 1810 2865 (συνηνεγμένονς

118 2865 275 2924 Anim)
292 2868 397 2912 coni
413 2868 480 2913 Re
542 2867 918 2925 εἰσεληλαμένους
941 2867 1045 2911 coni
1065 2866 1208 2910 Orelli
1263 2882 1372 2910 num
1391 2867 1800 2924 συνεζευγμένους.
1787 2873 1807 2899 ‘²

180 2930 233 2970 17
267 2925 355 2984 ἐγὼ
388 2941 465 2971 om
487 2926 580 2971 Got
606 2931 611 2982 Ι
640 2931 794 2983 μεῖζον
827 2926 869 2970 τί
900 2927 974 2970 IB
