1992 3094
204 92 312 144 476
770 88 997 133 LIBANII
1029 87 1253 132 ORATIO
1286 88 1322 131 L

118 239 158 282 R
177 239 218 282 H
237 244 321 283 556
353 223 422 294 ἦν
461 226 521 278 δὲ
555 226 615 278 τὸ
655 224 832 277 πάντα
863 225 1071 294 τρόπον
1102 222 1445 292 ἀσχημονεῖν,
1467 221 1663 292 ἑορτὴν
1692 232 1895 278 ποιεῖν.
1954 278 1956 283 ,

204 316 365 367 τοῦτό
410 335 493 377 τις
530 313 768 366 κατιδὼν
813 314 1071 381 βασιλεὺς
1113 310 1352 379 ἐπιεικὴς
1389 309 1481 364 καὶ
1529 312 1770 381 σώφρων
1807 314 1895 366 αἰ-

204 402 466 471 σχυνθεὶς
503 399 604 469 μὲν
642 410 756 463 τοῖς
794 400 1207 469 πραττομένοις,
1247 399 1487 468 ἀλγήσας
1523 398 1573 452 δ’
1610 397 1749 471 ὑπὲρ
1789 409 1894 454 τοῦ
1959 390 1966 427 1

203 493 405 559 χωρίου
452 491 615 543 παύει
661 491 763 558 τὴν
801 489 887 542 ἐπὶ
935 490 1210 551 τοιούτοις
1258 489 1501 542 σύνοδον
1539 487 1630 541 καὶ
1676 489 1892 552 παύσας

160 600 179 632 5
204 580 496 647 εὐδοκιμεῖ.
557 580 648 632 καὶ
679 577 863 641 οὐδεὶς
890 578 1026 647 πρὸς
1058 577 1228 630 αὐτὸν
1257 578 1323 630 τὰ
1355 585 1450 645 τῆς
1482 576 1672 648 ἑορτῆς
1703 580 1895 647 ἔλεγεν

202 666 291 736 ἔτη
339 666 457 720 οὐδ’
504 668 576 730 ὡς
621 668 686 720 τὰ
731 669 1099 737 κεκρατηκότα
1146 667 1231 719 δεῖ
1277 675 1498 736 κρατεῖν
1545 667 1638 719 διὰ
1683 665 1890 730 τέλους.

202 755 319 809 ἀλλ’
357 755 672 824 ἐξεβέβλητο
711 763 876 808 τοῦτο
923 763 1018 823 τῆς
1055 756 1294 824 Δάφνης
1331 756 1392 808 τὸ
1432 757 1647 824 νόσημα
1685 757 1892 826 χρόνον
1961 822 1964 827 ¹

201 845 397 912 πολύν,
437 844 536 907 ἕως
568 843 701 898 αὐτὸ
741 844 910 897 πάλιν
950 844 1150 912 ἄνδρες
1181 842 1345 906 ἀξίως
1375 844 1646 897 τοιούτων
1683 842 1896 915 ἑορτῶν

200 934 520 1002 βεβιωκότες
560 934 869 1001 εἰσήγαγον.
949 933 1031 985 12.
1088 934 1142 985 αἱ
1181 933 1316 986 κατὰ
1355 942 1467 986 τῶν
1506 934 1893 1001 βουλευόντων

136 1042 178 1074 10
200 1022 400 1090 πληγαὶ
452 1022 543 1074 διὰ
594 1023 790 1074 κακίαν
841 1021 1125 1091 ἀρχόντων
1179 1023 1256 1083 εἰς
1309 1019 1443 1084 ἔθος
1495 1017 1647 1090 ἧκον.
1733 1019 1881 1074 τοῦτ’

112 1122 315 1166 RII557
349 1110 512 1172 αὐτὸς
561 1108 566 1180 Ι
617 1108 892 1180 ἀνῄρηκας
939 1112 1113 1183 νόμῳ,
1163 1110 1269 1163 κάν
1318 1119 1434 1174 τοῖς
1480 1109 1727 1173 ἐπαίνοις
1771 1118 1893 1172 τοῖς

199 1197 322 1268 περὶ
362 1206 465 1251 σοῦ
504 1208 615 1252 τῶν
653 1199 908 1268 μεγάλων
946 1201 1037 1252 καὶ
1083 1207 1247 1253 τοῦτο
1289 1201 1454 1252 ἔστιν.
1533 1197 1621 1252 ἐπὶ
1661 1199 1756 1261 τὰς
1794 1199 1892 1251 διὰ

199 1295 310 1339 τῶν
347 1289 565 1355 θηρίων
603 1290 946 1356 λειτουργίας
984 1288 1249 1356 ἀνάγκαις
1279 1289 1440 1357 ἤγετό
1479 1307 1562 1351 τις
1599 1290 1887 1357 πρότερον.

200 1377 268 1427 σὺ
309 1377 526 1444 γνώμης
565 1384 727 1428 τοῦτο
768 1375 1029 1446 ἐποίησας
1068 1377 1473 1430 οὔτεκωλύων
1510 1375 1893 1445 βουλομένους
1968 1447 1969 1450 ¹

110 1474 314 1519 RH558
348 1464 473 1517 οὔτε
512 1463 688 1517 ἕλκων
727 1466 973 1528 ἄκοντας.
1023 1466 1029 1534 Ι
1079 1463 1170 1518 καὶ
1218 1465 1346 1518 οὔτε
1393 1463 1634 1532 ἐνόμιζες
1674 1464 1891 1518 ἀδικεῖν
1982 1531 1992 1539 .-

134 1573 176 1605 16
198 1549 319 1604 ἔθει
368 1554 669 1621 μαχόμενος
719 1554 846 1606 οὔτε
897 1555 1117 1623 ἠδίκεις.
1194 1551 1354 1623 μηδὲ
1404 1556 1693 1607 ἔστωσαν
1744 1553 1891 1606 ἀνε-

201 1648 366 1702 ψιῶν
413 1641 603 1708 γάμοι
650 1641 930 1711 γέγραφας
977 1642 1038 1696 ἐν
1086 1641 1307 1714 ἐξουσία
1353 1646 1528 1713 πολλῇ
1575 1650 1675 1695 τοῦ
1714 1642 1889 1712 πράγ-
1968 1639 1992 1702 ,ὲ

198 1747 365 1795 ματος
411 1730 581 1791 ὄντος.
665 1731 753 1783 καὶ
804 1741 916 1784 τῶν
963 1731 1319 1802 φαινομένων
1365 1745 1454 1785 σοι
1505 1731 1736 1784 δικαίων
1783 1730 1890 1784 οὐκ

199 1810 269 1882 ἦν
307 1815 335 1868 ὁ
374 1825 473 1870 τοῦ
511 1819 678 1888 ἔργου
710 1822 911 1889 χρόνος
943 1821 1334 1891 δυνατώτερος.
1403 1820 1541 1890 πρὸς
1571 1825 1740 1872 ταῦτα
1773 1819 1896 1884 ἔδεις

134 1924 177 1957 20
199 1904 397 1970 βλέψαι
427 1908 557 1970 τοὺς
588 1909 752 1977 τῆσδε
784 1918 879 1978 τῆς
910 1911 1118 1972 πόλεως
1151 1910 1420 1980 ἄρχοντας
1450 1909 1539 1962 καὶ
1571 1908 1643 1977 μὴ
1675 1910 1890 1974 μᾶλλον

200 1993 526 2062 αἰδεσθῆναι
573 1997 671 2050 τὸν
709 2007 820 2050 τῶν
859 1998 1211 2068 ἀδικημάτων
1250 2001 1456 2068 χρόνον
1493 1997 1526 2066 ἢ
1565 1998 1627 2050 τὸ
1668 1997 1891 2049 δίκαιον·
1964 2015 1967 2019 ’

200 2076 340 2133 εἶναι
379 2090 548 2136 ταῦτα
585 2091 920 2139 πεπαῦσθαι.

317 2246 341 2284 2
367 2242 571 2287 Iulianus
605 2245 661 2289 cf.
676 2250 976 2302 p.302‚178q.
1041 2247 1134 2290 t.11
1151 2252 1366 2302 314‚7sq.
1429 2244 1886 2300 Amm.XXV4,lsq.

258 2298 326 2343 De
358 2300 628 2347 Constantio
661 2305 887 2361 cogitavit
927 2305 1241 2350 Gothofredus
1281 2305 1389 2350 Cod.
1423 2305 1596 2349 Theod.
1630 2304 1714 2348 XV
1739 2309 1779 2358 6,
1798 2308 1823 2346 2
1974 2316 1992 2358 {J

200 2362 224 2399 9
258 2358 314 2401 cf.
340 2374 383 2415 p.
403 2364 539 2414 48‚25
558 2377 623 2419 sq,
759 2368 813 2407 10
847 2364 903 2408 cf.
930 2365 990 2408 ad
1014 2380 1059 2421 p.
1080 2370 1213 2420 29,ss
1234 2380 1300 2420 sq.
1425 2369 1480 2408 13
1514 2363 1570 2408 cf.
1595 2379 1640 2420 p.
1662 2366 1796 2417 173,8
1815 2377 1885 2418 sq.
1972 2363 1992 2392 ⁵2

199 2419 246 2459 et
275 2432 318 2473 p.
348 2422 430 2461 163
462 2422 556 2464 not.
586 2427 607 2464 1
733 2428 786 2467 16
820 2423 1030 2467 Ambros.
1064 2437 1135 2480 ep.
1161 2424 1239 2467 LX
1263 2429 1303 2468 8.
1367 2423 1522 2467 Aurel.
1540 2423 1661 2467 vict.
1689 2422 1800 2478 epit.
1826 2425 1888 2464 48
1961 2405 1992 2476 ,fi

318 2570 340 2606 1
372 2566 424 2610 τὸ
449 2568 494 2611 Ρ
522 2568 603 2611 sed
635 2585 659 2612 ο
692 2569 741 2611 in
769 2582 843 2612 ras
867 2569 937 2612 m²
964 2572 969 2626 Ι
999 2572 1183 2625 „malim
1206 2575 1404 2615 ποιοῦν“
1429 2570 1497 2614 Re
1620 2574 1645 2611 3
1679 2565 1731 2613 δὲ
1755 2568 1823 2611 Re

199 2656 224 2694 5
256 2652 489 2711 εὐδοκίμει
511 2656 578 2699 Re
602 2657 741 2700 Anim
863 2662 888 2700 6
921 2658 995 2714 ἔτη
1020 2659 1065 2701 A
1090 2659 1171 2702 sed
1202 2676 1257 2716 γρ
1290 2658 1378 2714 ἔθη
1410 2658 1460 2701 in
1491 2671 1625 2714 marg
1685 2629 1762 2712 ἕτθη
1794 2657 1829 2699 Ι

199 2709 287 2766 ἔθη
315 2712 395 2756 ΟΡ
415 2714 496 2757 sed
526 2715 575 2758 in
607 2714 695 2759 1100
725 2732 750 2759 τ
781 2730 922 2772 supra
951 2720 989 2760 θ
1021 2732 1105 2773 pos
1137 2717 1207 2760 m²
1269 2717 1326 2762 cf.
1351 2717 1381 2760 1.
1409 2721 1462 2760 21
1588 2720 1642 2759 10
1672 2721 1808 2759 τοῦτο
1833 2711 1882 2758 τ’

198 2769 336 2821 αὐτὸς
366 2772 399 2814 Ι
515 2779 564 2816 11
587 2773 839 2834 ἀνῄρηκας
870 2776 1035 2832 scripsi
1067 2778 1255 2820 auctore
1283 2777 1351 2820 Re
1413 2774 1616 2834 ἀνῄρηκε
1646 2773 1758 2818 libri
1789 2773 1884 2818 edd

259 2832 312 2870 14
345 2830 399 2872 σὺ
430 2832 612 2887 γνώμης
642 2833 854 2877 Monnier
889 2834 991 2878 coll.
1016 2850 1062 2891 p.
1083 2840 1246 2890 173‚12
1309 2835 1580 2892 συγγνώμης
1607 2833 1719 2876 libri
1751 2831 1843 2877 edd
1869 2831 1876 2890 Ι

197 2892 331 2930 τοῦτο
362 2889 408 2932 Ρ
436 2890 517 2932 sed
550 2906 574 2933 ο
607 2893 668 2947 (2)
700 2892 748 2933 in
780 2906 854 2935 ras
886 2892 956 2935 m²
1014 2891 1143 2937 τοῦτ’
1170 2894 1238 2936 Re
1377 2898 1430 2937 16
1463 2892 1523 2950 μὴ
1557 2892 1607 2937 δὲ
1640 2892 1766 2936 ΑΡΙ
1790 2889 1885 2934 Grot
