1992 3094
440 157 669 202 LIBANH
699 155 923 201 ORATIO
956 156 1039 199 AD
1071 155 1327 201 ICARIUM
1691 158 1754 208 11

66 298 255 364 κακόν,
286 295 423 348 ὥστε
454 293 560 346 κᾶν
590 293 763 363 μηδὲν
794 291 1061 346 ἐντεῦθεν
1096 292 1398 361 βλάπτηται
1429 293 1489 344 τὸ
1524 293 1756 359 δίκαιον,

68 385 206 439 ἀλλὰ
260 385 412 437 δοκεῖ
465 402 541 451 γε.
618 389 1048 451 σωφρονοῦντος
1103 379 1151 432 δ’
1191 380 1260 433 ἂν
1314 385 1396 449 εἴη
1447 379 1536 433 καὶ
1592 388 1756 433 τοῦτο

67 472 323 528 δεδιέναι.
399 473 495 534 τὰς
539 471 641 540 μὲν
688 471 940 532 εἰσόδους
986 471 1186 532 ταύτας
1231 467 1502 538 μηδέποτε
1542 470 1757 538 ἴδοιμεν

68 560 192 631 μηδ’
225 558 295 614 αὖ
357 562 454 623 τὰς
508 558 595 613 ἐπὶ
649 561 781 622 τοὺς
835 560 1110 621 δυνατοὺς
1169 568 1281 611 τῶν
1342 557 1757 626 ἀσθενεστέρων

64 650 408 718 καταφυγάς,
461 652 522 702 αἳ
555 650 686 711 τοὺς
724 645 826 717 μὲν
866 647 1211 716 ἐγύμνωσαν,
1258 656 1374 721 τοῖς
1414 647 1475 700 δὲ
1514 650 1758 717 χρήματα
1804 668 1823 700 ε

63 740 316 808 ἤνεγκαν.

179 827 261 880 17.
301 827 410 880 Καὶ
446 827 512 879 τὰ
542 827 679 896 πρὸς
713 824 719 896 Ι
755 827 885 888 τοὺς
916 833 1032 888 τοῖς
1065 823 1426 894 ὀρχουμένοις
1458 825 1596 892 ὑπη-
1635 837 1676 880 R
1701 836 1743 880 Π
1762 840 1845 880 100

65 923 376 986 ρετοῦντας,
417 918 474 969 οἳ
509 917 639 978 τοὺς
678 916 947 984 ἄρχοντας
986 913 1175 976 αὐτοῖς
1213 913 1508 982 ὑπηρετεῖν
1546 911 1757 982 ἠξίουν,

63 1004 240 1068 οὕτως
278 1005 459 1073 ὥσπερ
499 1011 607 1057 νῦν
647 1002 836 1073 ἐχέτω,
883 1006 1095 1071 μᾶλλον
1135 1001 1218 1070 δέ,
1271 1003 1454 1072 ὥσπερ
1503 997 1612 1071 εἶχε
1651 1002 1756 1070 πρὸ

63 1100 163 1147 τοῦ
202 1094 302 1162 τὴν
340 1094 554 1161 πολλὴν
590 1093 760 1163 ὕβριν
807 1090 1109 1160 δεξαμένου
1148 1091 1407 1161 θεάτρου.
1485 1089 1657 1143 ἐποίει
1696 1090 1759 1143 δὲ
1783 1114 1824 1145 ιο

63 1189 235 1235 ταῦτα
279 1181 312 1250 ἡ
362 1180 450 1234 ἐπὶ
489 1182 550 1234 τὸ
590 1180 832 1251 θέατρον
880 1180 1010 1243 ὁδός
1049 1194 1153 1233 σου
1201 1187 1297 1248 τῆς
1342 1180 1509 1249 αὐτῆς
1554 1178 1759 1248 ἡμέρας

23 1315 26 1319 .
66 1269 318 1340 δευτέρα,
364 1278 588 1339 πρᾶγμα
636 1270 737 1323 οὐκ
786 1271 986 1332 εἰωθός
1034 1285 1137 1322 σοι.
1214 1266 1305 1321 καὶ
1359 1264 1485 1336 ἧκες
1538 1265 1641 1336 μὲν
1694 1263 1757 1320 εὗ

62 1368 241 1412 ποιῶν
280 1360 466 1422 ἄσιτος
510 1359 600 1412 καὶ
640 1359 865 1427 ἄποτος,
917 1359 989 1421 ὡς
1027 1356 1329 1426 μηδέτερον
1369 1356 1430 1410 ἐν
1467 1363 1543 1428 τῷ
1588 1372 1759 1426 προσ-

67 1449 193 1520 ώπω
233 1446 436 1511 δείξαις
473 1456 590 1511 τοῖς
628 1449 935 1515 κεκληκόσι,
974 1449 1106 1509 τοὺς
1138 1443 1199 1498 δὲ
1234 1447 1294 1499 τὸ
1326 1447 1541 1499 τούτων
1572 1445 1759 1513 γέμειν

62 1537 343 1607 συρίττειν
383 1535 695 1590 ἀνέπειθεν.
770 1536 852 1588 18.
892 1545 1012 1599 ταῖς
1042 1536 1145 1603 μὲν
1177 1530 1282 1588 οὖν
1319 1535 1600 1597 τοιαύταις
1629 1520 1757 1603 κλή-
1782 1557 1822 1589 15

64 1638 220 1678 σεσιν
259 1623 540 1695 ἐρρῶσθαι
581 1624 780 1694 λέγειν,
820 1623 882 1678 ἐν
914 1625 976 1678 δὲ
1013 1633 1133 1687 ταῖς
1170 1626 1516 1694 παρουσιάις,
1557 1622 1619 1686 ἃς
1656 1623 1757 1676 οὐκ

65 1715 240 1768 ἔνεστι
279 1715 596 1783 διαφυγεῖν,
635 1724 748 1767 τῶν
786 1714 888 1782 μὲν
928 1712 1306 1780 δεικνυμένων
1345 1712 1518 1781 μηδὲν
1550 1714 1758 1780 φαίνου

65 1803 363 1872 θαυμάζων
403 1804 540 1872 μηδὲ
581 1804 734 1866 ἱστὰς
772 1803 911 1872 πρὸς
943 1802 1082 1855 αὐτά
1111 1804 1242 1864 τοὺς
1274 1801 1620 1870 ὀφθαλμούς,
1659 1801 1758 1853 τὸν

66 1890 262 1960 ὅμιλον
312 1889 372 1945 δὲ
418 1893 551 1960 μήτε
598 1891 822 1961 ἐκφόβει
867 1891 1044 1959 μάτην
1091 1893 1224 1959 μήτε
1275 1891 1576 1959 θεράπευε,
1633 1887 1750 1941 ἀλλ’

66 1983 193 2033 ἴσον
216 1979 454 2050 ἀπεχέτω
487 1989 700 2051 τρυφῆς
731 2000 789 2033 τε
819 1978 911 2033 καὶ
945 1979 1202 2049 ἀθυμίας.
1265 1980 1313 2032 εἰ
1346 1979 1407 2032 δὲ
1439 1977 1757 2045 ἀσελγαίνοι
1783 2000 1824 2032 20

65 2087 135 2136 τι,
173 2068 421 2132 ἀπειλαῖς
459 2068 906 2141 σωφρονιζέσθω.
985 2068 1014 2121 ὃ
1061 2066 1152 2121 καὶ
1193 2068 1329 2137 πρὸς
1368 2068 1468 2120 τὸν
1518 2064 1759 2129 Ἀλεξαν-

66 2155 244 2226 δρέων
283 2158 460 2226 δῆμον
515 2158 729 2212 ἐκεῖνον
775 2159 873 2211 τὸν
920 2156 1142 2226 ἕτοιμον
1187 2157 1266 2219 εἰς
1314 2155 1487 2226 ὀργὴν
1532 2156 1636 2224 ’ἤδη
1677 2150 1762 2217 τις

189 2307 243 2347 10
275 2303 333 2347 of.
360 2303 483 2348 or.X
506 2303 579 2347 t.1
602 2319 646 2360 p.
666 2308 750 2347 399
765 2318 831 2359 sq.
951 2308 1004 2347 16
1037 2302 1166 2346 Dem.
1193 2316 1237 2359 p.
1257 2306 1401 2357 62‚21
1437 2303 1484 2344 et
1516 2305 1617 2355 526,
1643 2304 1697 2343 29
1751 2284 1761 2291 ’

69 2365 126 2404 22
159 2361 215 2405 cf.
241 2362 388 2406 Amm.
408 2362 535 2406 XXII
562 2368 630 2416 11,
650 2367 752 2418 3sq.
788 2377 894 2405 cum
925 2363 1038 2406 nota
1068 2360 1247 2404 Valesii

189 2491 244 2531 16
276 2487 444 2547 λέγειν]
477 2488 578 2544 ἤτοι
610 2486 730 2546 λέγε·
766 2488 1022 2543 ἐρρῶσθαι·
1057 2486 1310 2542 ἐφθάρθαι
1345 2486 1388 2529 V
1396 2485 1413 2511 ²

189 2618 211 2656 1
246 2611 468 2659 ἐντεῦθεν
501 2614 667 2671 scripsi
699 2627 723 2657 e
750 2615 794 2658 V
849 2613 1061 2657 ἐνταῦθα
1092 2611 1263 2668 reliqui
1293 2611 1404 2655 libri
1436 2611 1527 2654 edd
1648 2614 1673 2652 2
1708 2610 1757 2654 δὲ

69 2669 136 2715 Re
257 2677 282 2715 3
315 2672 417 2732 μὲν]
451 2674 595 2728 „addi
625 2674 755 2717 velim
786 2669 900 2716 οὖν“
933 2671 1001 2715 Re
1138 2675 1164 2713 4
1199 2670 1259 2727 μὴ
1285 2667 1332 2714 δ’
1362 2670 1487 2715 PIV
1616 2673 1641 2712 8
1676 2669 1759 2711 αὐ-

67 2737 166 2782 τοῖς
187 2732 233 2775 Ρ
261 2732 343 2775 sed
370 2727 384 2746 ’
418 2732 469 2775 in
495 2730 506 2746 ³
545 2745 647 2776 corr
669 2731 740 2775 m⁵
824 2737 983 2780 αυτοῖς
1006 2730 1051 2775 Α.
1127 2730 1288 2779 αὑτοῖς
1318 2729 1386 2772 Re
1539 2731 1593 2771 10
1624 2726 1760 2784 ὕβριν

68 2801 145 2832 om
166 2788 234 2834 Re
357 2796 408 2834 11
443 2791 543 2835 ἐπεὶ
566 2791 669 2835 Mor
729 2803 848 2846 quae
880 2790 1139 2844 sequuntur
1168 2802 1314 2843 usque
1347 2788 1408 2831 ad
1439 2803 1483 2844 p.
1505 2792 1574 2840 16,
1594 2790 1646 2830 18
1678 2786 1759 2830 τὸν

70 2847 289 2904 δεύτερον
320 2861 395 2892 om
419 2849 521 2895 Mor
643 2854 696 2893 12
729 2846 923 2903 δευτέρα
957 2862 981 2892 e
1013 2847 1208 2902 δεύτερα
1239 2861 1341 2891 corr
1367 2846 1437 2889 P³
1559 2850 1612 2890 13
1645 2841 1754 2901 μηδ’

70 2903 226 2961 ἕτερον
249 2907 425 2954 ΑΡΜο
548 2913 602 2953 16
635 2907 710 2966 ἃς]
736 2905 794 2950 ἂν
821 2907 905 2951 Mo
1027 2911 1080 2951 17
1113 2913 1206 2950 τῶν
1238 2905 1320 2963 μὲν
1349 2906 1384 2948 Ι
1409 2905 1491 2948 sed
1513 2908 1532 2918 ‘
1567 2906 1614 2948 et
1638 2904 1647 2918 “
1691 2903 1762 2947 m³

136 2969 191 3009 20
224 2961 324 3011 ἴσον
353 2968 436 3012 Mo
462 2967 469 3026 Ι
496 2974 578 3012 τοῦ
609 2972 790 3022 τρυφῆς
811 2967 846 3009 Ι
867 2969 873 3022 Ι
901 2963 1162 3021 ἀσελγαίνει
1193 2962 1237 3008 τί
1271 2965 1315 3008 V
1429 2968 1483 3006 2³2
1515 2961 1585 3014 τίς
1615 2964 1649 3006 Ι
