1992 3094
468 137 697 182 LIBANII
727 138 951 184 ORATIO
983 140 1065 184 AD
1097 140 1353 186 ICARIUM
1752 146 1785 199 9

98 275 539 345 ἀγανακτοῦντας
600 274 693 327 διὰ
749 284 861 330 τῶν
921 277 987 329 τὰ
1046 276 1174 347 παρ’
1214 276 1440 332 ἐκείνων
1502 279 1563 333 ἐν
1614 298 1787 351 παρα-

96 365 279 436 βύστῳ
317 365 662 433 πραττόμενα
701 363 804 417 οὐκ
843 363 1218 435 ἀγνοούντων,
1270 367 1303 419 ἃ
1343 373 1400 420 εἴ
1430 388 1512 431 τις
1552 369 1630 431 εἰς
1669 378 1788 437 φῶς

97 454 247 521 ἄγοι,
297 461 408 505 τῶν
447 452 661 505 δώδεκα
699 457 853 505 θεῶν
891 452 1094 507 ὃέοιντ’
1125 453 1195 507 ἂν
1242 457 1319 518 εἰς
1366 460 1655 527 σωτηρίαν.
1733 459 1785 511 οἱ

96 543 201 611 γὰρ
240 542 308 610 δὴ
347 548 454 594 νῦν
493 540 848 608 ἀδικούμενοι
886 541 1003 611 μέν,
1051 543 1199 606 ὅπως
1245 541 1306 597 δὲ
1345 552 1508 599 τοῦτο
1547 546 1786 616 πάσχου-

97 644 189 684 σιν
227 630 329 683 οὐκ
365 630 570 693 εἰδότες
601 632 829 698 γνόντες
860 630 1093 699 ἥξουσιν
1125 631 1212 685 ἐπὶ
1244 634 1346 702 τὴν
1377 635 1556 703 δίκην,
1594 635 1787 698 παῖδες
1832 656 1852 688 5

96 717 186 772 καὶ
232 727 488 786 γυναῖκες
534 717 624 771 καὶ
673 720 808 772 ὅσον
855 719 916 773 ἐν
962 722 1105 791 γήρᾳ
1143 719 1354 790 τροφῆς
1393 722 1786 791 ἀποστερεῖται.

99 808 181 861 12.
218 809 223 877 Ι
259 809 371 860 ἔστι
411 807 474 860 δὲ
512 808 696 861 αὐτῶν
727 808 794 861 οὐ
827 817 990 862 τοῦτο
1024 808 1260 878 ἀδίκημα
1297 813 1491 880 μόνον,
1532 811 1649 864 ἀλλ’
1694 825 1737 868 R
1759 824 1873 868 1198

97 895 217 950 οὐδ’
256 896 560 965 ἀριθμῆσαι
613 894 812 967 ῥᾴδιον
865 898 932 950 τὰ
985 896 1115 951 καθ’
1155 897 1387 968 ἑκάστην
1440 899 1665 970 ἡμέραν,
1719 902 1786 954 τά

95 983 194 1055 μὲν
234 990 361 1038 εἴσω
401 995 613 1054 τειχῶν,
661 987 727 1038 τὰ
767 983 827 1039 δὲ
867 986 992 1055 ἔξω,
1040 987 1178 1041 ὥστε
1223 998 1340 1051 τοῖς
1386 988 1571 1042 οὐκέτι
1618 990 1786 1042 δυνα-

94 1073 280 1142 μένοις
318 1073 567 1143 ἀντέχειν
610 1074 913 1143 ἀναγκαῖον
952 1078 1198 1145 γίγνεται
1235 1078 1296 1130 τὸ
1335 1077 1692 1146 ὑποκύπτειν,
1733 1079 1785 1132 οἱ
1810 1101 1853 1133 10

96 1161 146 1216 δ’
170 1163 199 1216 ὅ
240 1183 290 1216 τι
322 1162 391 1216 ἂν
422 1161 659 1216 ἐθέλωσι
690 1173 802 1217 τῶν
835 1163 1063 1218 ἐκείνων
1094 1168 1304 1235 λαβεῖν,
1336 1168 1550 1235 ἔλαβον.
1615 1174 1787 1220 ταῦτα

95 1254 289 1306 τοίνυν
335 1253 548 1305 ἅπαντα
585 1253 652 1306 τὰ
691 1253 1024 1322 βεβιασμένα
1069 1262 1168 1307 τοῦ
1216 1257 1566 1323 βοηθοῦντος
1605 1257 1654 1308 εἰ
1693 1256 1785 1309 202-

95 1343 274 1409 βοιτο,
324 1339 490 1405 δείξει
528 1343 628 1410 τὴν
668 1344 894 1411 γνώμην
932 1343 1337 1412 ἀποσεισάμενοι
1382 1345 1484 1413 τὴν
1522 1343 1785 1413 ἀνάγκην,

95 1430 185 1483 καὶ
230 1432 569 1499 κατηγόρους
622 1432 747 1493 ὄψει
793 1434 1034 1494 πολλοὺς
1087 1433 1178 1485 καὶ
1224 1435 1354 1496 τοὺς
1400 1441 1508 1486 νῦν
1555 1438 1786 1501 θρασεῖς

98 1518 380 1585 περιδεεῖς.
1810 1543 1850 1576 1⁵

210 1607 291 1660 13.
334 1603 519 1661 Οἶσθα
550 1605 653 1677 μὲν
685 1604 789 1662 οὖν
820 1619 932 1662 τῶν
964 1608 1025 1663 ἐν
1058 1611 1196 1680 ζώνῃ
1238 1610 1618 1679 γεγενημένων
1656 1612 1786 1673 τοὺς

97 1697 314 1764 κακούς,
351 1705 491 1767 χρῆν
529 1697 719 1764 μέντοι
759 1714 819 1751 σε
862 1699 950 1752 καὶ
991 1701 1124 1762 τοὺς
1162 1699 1412 1767 ἀγαθοὺς
1451 1697 1657 1752 εἰδέναι
1695 1698 1785 1752 καὶ

97 1785 168 1853 μὴ
220 1786 393 1852 μόνον
447 1784 692 1849 ἐκείνους
746 1795 946 1855 μισεῖν,
1001 1787 1139 1840 ἀλλὰ
1193 1788 1283 1840 καὶ
1337 1787 1538 1840 τούσδε
1584 1790 1786 1855 φιλεῖν.

99 1872 201 1925 οὐκ
237 1875 321 1927 ἔνι
361 1874 422 1927 δὲ
455 1874 657 1937 αὐτοὺς
697 1874 1110 1944 ἀγνοουμένους
1141 1880 1447 1945 φιλεῖσθαι.
1523 1878 1786 1945 προσήκει

97 1965 290 2016 τοίνυν
327 1977 388 2016 σε
427 1964 517 2016 καὶ
555 1965 952 2017 πυνθάνεσθαι
989 1963 1080 2018 καὶ
1130 1965 1437 2032 βούλεσθαι
1474 1964 1787 2034 μανθάνειν
1808 1986 1852 2018 20

98 2050 189 2104 καὶ
248 2053 494 2119 βελτίονί
542 2073 600 2106 τε
654 2052 920 2122 βλέμματι
973 2054 1204 2116 τούτους
1258 2054 1395 2124 ὁρᾶν
1452 2051 1542 2106 καὶ
1597 2056 1785 2106 λαλεῖν

98 2140 313 2203 τούτοις
357 2141 520 2209 ἥὸιον
565 2140 657 2195 καὶ
706 2143 937 2195 δικαίων
982 2152 1157 2212 τιμῶν
1195 2140 1389 2205 ἀξιοῦν
1437 2142 1527 2196 καὶ
1573 2143 1645 2210 μὴ
1692 2141 1786 2194 διὰ

99 2229 199 2296 τὴν
237 2227 401 2284 ε’νίων
434 2233 709 2299 πονηρίαν
739 2232 878 2299 πρὸς
910 2232 1043 2284 ὅλον
1075 2232 1478 2299 διαβεβλῆσθαι
1508 2230 1569 2283 τὸ
1601 2228 1784 2291 ἔθνος.

220 2365 241 2402 1
276 2359 404 2404 Dem.
432 2374 494 2406 or.
513 2360 662 2405 XXIV
686 2366 907 2418 p.715‚21
1061 2365 1114 2404 16
1148 2362 1206 2406 ef.
1232 2377 1276 2418 p.
1295 2366 1366 2413 42,
1384 2366 1451 2404 17.
1483 2362 1555 2405 t.1
1578 2376 1622 2417 p.
1643 2364 1783 2414 257‚9

218 2482 244 2521 2
287 2477 318 2522 ἃ
342 2505 397 2511 -
425 2484 451 2523 3
477 2477 710 2536 σωτηρίαν
742 2480 803 2523 ad
834 2493 991 2524 versus
1029 2479 1298 2524 comoediae
1328 2479 1516 2523 Atticae
1553 2478 1786 2523 revocavit

101 2533 304 2580 Kockius
335 2537 407 2583 Fr.
435 2552 550 2583 com.
575 2539 672 2583 Att.
698 2538 762 2582 111
792 2554 837 2595 p.
859 2543 961 2592 478,
988 2543 1072 2582 369
1111 2539 1162 2582 in
1192 2539 1313 2582 hanc
1351 2538 1572 2582 formam:
1616 2537 1646 2581 ἅ
1678 2533 1723 2594 y’
1745 2535 1793 2580 εἴ

100 2609 169 2645 τις
198 2595 265 2645 εἰς
293 2596 346 2641 τὸ
371 2604 472 2653 φῶς
494 2597 615 2655 ἄγοι,
649 2595 765 2652 σάφ’
788 2598 905 2652 ἴσθι,
927 2605 1020 2642 τῶν
1047 2600 1054 2654 Ι
1082 2598 1265 2643 δώδεκα
1286 2600 1417 2642 θεῶν
1442 2593 1615 2641 δέοιντ’
1637 2594 1697 2640 ἂν
1721 2595 1786 2645 εἰς

102 2652 330 2710 σωτηρίαν
358 2657 364 2711 Ι
392 2661 418 2700 2
443 2653 487 2713 γ’
516 2660 624 2713 post
645 2656 677 2701 ἃ
700 2657 770 2701 Re
794 2657 842 2700 in
859 2660 903 2701 A
929 2656 1024 2714 legi
1047 2669 1294 2714 perperam
1317 2669 1526 2700 asserens
1633 2659 1659 2697 3
1684 2653 1787 2710 ἄγει

101 2712 215 2758 ΙΜο
238 2713 340 2758 Mor
460 2719 486 2759 6
519 2716 569 2760 ἐν
593 2715 731 2800 γήρᾳὶ]
757 2715 898 2773 ἐγήρα
924 2716 1009 2761 Mo
1025 2715 1128 2760 Mor
1253 2720 1276 2759 7
1302 2712 1349 2760 δ’
1378 2716 1446 2759 Re
1567 2718 1592 2758 9
1624 2720 1786 2770 τειχῶν

39 2806 44 2811 .
101 2771 148 2816 P
175 2772 256 2815 sed
287 2788 326 2817 ει
359 2775 406 2818 et
429 2777 448 2787 '⁴
481 2774 530 2817 in
553 2789 629 2819 ras
653 2790 700 2819 m
750 2775 757 2833 Ι
785 2772 830 2819 δ’
851 2775 919 2819 Re
949 2777 954 2831 Ι
983 2775 1068 2819 οὐκ
1094 2774 1159 2820 ἔτι
1182 2776 1228 2819 A
1366 2778 1420 2818 10
1453 2771 1629 2830 γίνεται
1653 2774 1684 2816 Ι
1707 2776 1713 2826 1
1741 2770 1788 2815 οἳ

102 2830 194 2875 ΑΡ
269 2831 322 2876 οἴ
335 2833 454 2878 ΙΜο
484 2834 566 2878 sed
596 2833 646 2878 in
676 2833 767 2878 hoc
798 2851 815 2877 ι
846 2834 970 2878 inser
994 2833 1077 2888 ω’,
1112 2834 1156 2878 V
1301 2838 1352 2876 11
1385 2833 1497 2890 τῶν]
1530 2829 1644 2886 παρ’
1681 2830 1787 2875 coni

102 2886 203 2932 Mor
322 2895 377 2935 16
409 2891 492 2947 μὲν
517 2890 602 2937 οὖν
634 2907 709 2936 om
733 2894 767 2936 I
885 2898 936 2935 17
972 2907 1019 2936 σε
1052 2906 1127 2935 om
1155 2894 1197 2937 V
1311 2896 1368 2935 20
1401 2906 1450 2935 σε
1482 2905 1557 2935 om
1583 2892 1668 2935 Mo
1695 2889 1786 2933 edd

162 2951 218 2991 23
248 2955 340 2996 τῶν
373 2950 458 2996 Mo
482 2951 584 2995 Mor
