1992 3094
179 99 285 152 458
695 96 923 140 LIBANII
954 96 1178 140 ORATIO
1210 96 1354 140 XLIX

91 246 292 289 RII577
326 229 479 287 οὗτοι
521 234 582 286 δὲ
611 233 955 286 τούναντίον.
1028 231 1109 284 11.
1150 232 1251 285 τὸν
1282 227 1387 284 οὖν
1421 235 1427 298 Ι
1462 232 1711 302 πονηρὸν
1749 240 1870 294 ταῖς

181 325 406 389 βουλαῖς
452 323 644 390 καιρὸν
690 323 1077 390 πεποιήκασιν,
1126 319 1249 373 ὥστ’
1289 325 1345 373 εἴ
1385 340 1508 373 τινα
1556 322 1644 373 δεῖ
1681 322 1868 373 δοκεῖν

181 410 387 479 ἐχθρὸν
426 407 567 463 εἶναι
605 420 715 463 τῶν
755 413 999 478 βουλῶν,
1046 411 1176 471 τοὺς
1223 417 1494 462 τοσοῦτον
1541 410 1725 462 αὐτῶν
1764 429 1869 478 φυ-

181 500 472 560 λάττοντας
519 499 654 551 ὅσον
705 498 892 560 αὐτοῖς
938 499 1160 567 τηρήσει
1215 498 1276 549 τὸ
1325 498 1661 567 κερδαίνειν,
1717 517 1870 564 νομι-

137 609 155 641 5
181 586 352 639 στέον.
453 590 510 639 οἳ
559 587 940 656 προδεδώκασι
994 583 1097 654 μὲν
1150 587 1246 647 τὰς
1300 585 1483 638 αὑτῶν
1538 584 1598 638 ἐν
1652 593 1726 657 τῷ
1774 586 1871 647 τὰς

179 675 400 743 βουλάς,
440 676 821 744 προδεδώκασι
861 675 922 727 δὲ
960 676 1055 737 τὰς
1087 673 1184 743 ὑφ’
1215 675 1373 743 ὑμῶν
1413 673 1714 743 εὑρημένας
1752 683 1871 736 ταῖς

180 766 406 831 βουλαῖς
438 764 716 832 ὠφελείας.
788 765 841 816 οἱ
882 760 942 816 δὲ
981 764 1247 831 πατρίδας
1285 771 1584 825 κακοῦντες
1616 772 1728 826 πῶς
1768 763 1872 816 οὐκ

181 850 249 904 ἂν
287 850 377 904 καὶ
417 851 634 920 γονέας;
675 854 727 906 οἱ
769 850 828 905 δὲ
868 851 1114 914 ἐκείνους
1152 855 1303 914 τίνος
1343 850 1614 919 φείσαιντ’
1655 853 1745 916 ἄν;
1789 852 1872 914 τίς

181 941 281 1009 γὰρ
331 939 401 993 ἂν
449 942 527 1008 εἴη
576 951 689 1003 τοῖς
733 961 794 1009 γε
837 942 1112 1003 τοιούτοις
1151 943 1335 1010 φίλος;
1385 941 1436 993 οἱ
1477 939 1526 993 δ’
1563 940 1703 1009 ὑπὲρ
1743 960 1872 1010 χρη-

116 1050 157 1082 10
181 1030 363 1096 μάτων
396 1037 638 1082 τοιοῦτοι
678 1033 853 1081 ποίων
892 1026 994 1098 μὲν
1025 1027 1338 1098 ἀπόσχοιντ’
1375 1027 1444 1081 ἀν
1476 1027 1870 1097 ἀναθημάτων;

180 1119 355 1170 ποίων
380 1116 429 1169 δ’
462 1117 531 1170 ἂν
555 1118 768 1187 τάφων;
801 1121 911 1170 τίνι
942 1116 990 1169 δ’
1023 1117 1093 1170 ἂν
1124 1120 1360 1186 συνήθει
1395 1118 1872 1186 συνοδοιποροῦν-

180 1226 267 1268 τες
305 1204 491 1275 ἔχοντί
533 1227 594 1274 γε
634 1210 866 1276 χρυσίον
906 1207 1007 1259 οὐκ
1046 1206 1116 1259 ἂν
1157 1212 1306 1277 εἰπερ
1349 1205 1515 1274 ἐξείη,
1562 1207 1872 1268 κτείναντες

182 1294 498 1364 ἀφέλοιντο;

295 1383 376 1435 12.
434 1383 542 1437 Καὶ
574 1393 755 1453 τοῦτο,
789 1381 830 1437 ὦ
863 1388 1109 1454 βασιλεῦ,
1141 1385 1335 1437 κοινὸν
1366 1384 1427 1437 τὸ
1465 1386 1653 1451 κακόν,
1687 1382 1782 1435 ε’άν
1813 1402 1872 1435 τε

116 1493 157 1526 15
183 1472 407 1525 Πάλτον
448 1478 599 1543 εἴπῃς
639 1471 736 1526 ἐάν
774 1493 830 1525 τε
860 1472 1273 1543 Ἀλεξάνδρειαν
1303 1474 1404 1541 τὴν
1437 1474 1737 1526 δεικνῦσαν
1774 1473 1873 1524 τὸν

171 1558 528 1630 Ἀλεξάνδρου
575 1563 773 1632 νεκρὸν
813 1561 909 1615 ἐάν
949 1582 1005 1615 τε
1046 1562 1328 1624 Βαλανεάς
1368 1561 1464 1614 ε’άν
1503 1581 1561 1614 τε
1606 1561 1707 1629 τὴν
1746 1560 1872 1629 ἡμε-

182 1647 357 1719 τέραν.
435 1648 609 1721 μέτρῳ
658 1647 757 1718 μὲν
806 1651 908 1720 γὰρ
958 1649 1349 1719 διαφέρουσιν,
1398 1650 1430 1718 ἡ
1473 1648 1520 1702 δ’
1562 1650 1698 1718 αὐτὴ
1735 1668 1873 1702 παν-

183 1744 350 1805 ταχοῦ
390 1740 567 1800 νόσος.

296 1825 377 1877 13.
434 1828 631 1879 Καίτοι
678 1829 921 1895 φήσουσι
968 1827 1229 1895 λέγεσθαι
1275 1835 1390 1889 τοῖς
1431 1828 1664 1897 ἄρχουσι
1710 1827 1874 1879 κατά-

117 1934 159 1966 20
184 1916 349 1980 λογον
380 1923 490 1966 τῶν
523 1914 885 1983 ἀποδράντων
916 1914 1006 1968 καὶ
1039 1925 1151 1968 τῶν
1183 1915 1390 1978 ἀτελεῖς
1418 1915 1621 1978 αὐτοὺς
1647 1919 1874 1978 πολλοῖς

144 2004 403 2071 ·τρόποις
457 2007 848 2072 πεποιηκότων.
933 2003 1049 2058 ἔστι
1104 2004 1165 2057 δὲ
1214 2005 1274 2057 τὸ
1325 2001 1425 2073 μὲν
1477 2004 1578 2057 οὐκ
1630 2003 1872 2071 ἐκείνων,

184 2089 319 2142 ἀλλὰ
372 2100 480 2143 τῶν
531 2111 588 2144 τε
642 2092 926 2162 ἀρχόντων
979 2094 1068 2146 καὶ
1123 2103 1235 2146 τῶν
1289 2091 1375 2145 ἐπὶ
1431 2101 1547 2155 τοῖς
1601 2093 1873 2155 τοιούτοις

95 2190 196 2232 RH
214 2196 297 2233 578
331 2180 631 2249 γράμμασι,
687 2191 797 2234 τῶν
847 2181 853 2253 Ι
902 2183 1003 2248 μὲν
1058 2181 1302 2244 ἀπειλαῖς
1354 2181 1557 2234 οὐδένα
1609 2181 1873 2250 κρύπτειν

185 2265 424 2333 ἐώντων,
471 2278 582 2320 τῶν
622 2267 681 2322 δὲ
729 2272 884 2342 φόβῳ
925 2271 1103 2323 πάντα
1151 2272 1229 2332 εἰς
1266 2270 1438 2339 μέσον
1478 2269 1742 2338 ἀγόντων.
1821 2270 1873 2346 οἱ

118 2376 159 2408 25
187 2365 429 2421 γενναῖοι
490 2357 549 2409 δὲ
605 2359 720 2410 οἵδε
775 2367 873 2411 τοῦ
925 2360 1240 2428 πράγματος
1289 2360 1366 2421 εἰς
1412 2362 1599 2429 κρίσιν
1645 2359 1875 2426 ἥκοντος

306 2550 325 2586 1
360 2544 403 2588 τί
437 2544 521 2590 οὖν
555 2548 664 2590 BM
691 2547 824 2604 Bong
950 2553 974 2592 3
1007 2556 1109 2599 ταῖς
1140 2550 1330 2606 βουλαῖς
1360 2550 1405 2592 Β
1526 2553 1553 2590 4
1586 2547 1756 2598 αὐτοὺς
1785 2547 1821 2589 Ι

186 2608 211 2646 5
245 2604 396 2646 αὐτῶν
428 2606 462 2648 Ι
605 2609 630 2648 8
665 2607 704 2650 εἰ
737 2607 791 2649 Μ
825 2607 958 2664 Bong
1117 2613 1141 2651 9
1176 2605 1235 2651 ἂν
1268 2607 1337 2663 εἴη
1371 2607 1535 2663 scripsi
1598 2606 1657 2650 ἄν
1688 2622 1732 2649 τι
1762 2604 1872 2648 libri

186 2662 317 2718 Bong
377 2661 436 2706 ἂν
468 2659 497 2722 ᾗ
526 2664 594 2708 Re
717 2670 769 2708 10
796 2664 1036 2723 ἀπέχοιντ’
1064 2667 1132 2710 Re
1254 2672 1307 2710 11
1341 2664 1435 2710 τίνι
1460 2692 1515 2698 —
1545 2670 1597 2709 13
1623 2663 1871 2720 ἀφέλοιντο

187 2720 302 2763 citat
325 2721 439 2764 Plan
466 2723 493 2766 l.
517 2722 545 2766 1.
673 2728 724 2766 12
759 2723 903 2780 ἤνπερ
929 2727 974 2770 Ρ
997 2726 1077 2768 sed
1102 2743 1160 2781 ην
1184 2725 1234 2767 in
1258 2739 1332 2768 ras
1365 2724 1434 2767 m²
1461 2724 1466 2783 Ι
1496 2722 1614 2779 ἐξείη
1649 2723 1813 2779 scripsi

188 2779 262 2835 ἐξῇ
294 2779 402 2823 libri
430 2781 546 2824 Plan
571 2782 662 2825 edd
785 2788 838 2826 15
870 2783 1048 2840 πάλτην
1082 2783 1229 2835 εἴποις
1251 2786 1285 2827 Ι
1401 2789 1455 2827 16
1488 2783 1773 2837 ἀλέξανδρον
1797 2783 1872 2826 ΙΒ

248 2843 300 2880 19
334 2839 631 2895 γράφεσθαιὶ)
783 2847 838 2885 20
872 2844 1041 2892 αὐτοὺς
1071 2844 1106 2886 Ι
1242 2848 1295 2886 21
1330 2859 1381 2886 το
1414 2844 1460 2887 Ρ
1506 2844 1511 2898 1
1563 2842 1647 2885 οὐκ
1680 2856 1754 2884 om
1784 2841 1819 2884 Ι

189 2900 242 2937 23
276 2900 323 2940 et
355 2903 410 2940 24
441 2915 532 2942 των
565 2901 610 2943 Ρ
729 2906 784 2943 25
818 2900 916 2945 οἵδε
948 2904 993 2945 Ρ
1023 2902 1103 2944 sed
1137 2900 1149 2915 '
1179 2901 1229 2943 in
1260 2915 1335 2944 ras
1368 2901 1437 2944 m³
1499 2898 1598 2944 οἶδε
1629 2901 1674 2944 Α
