1992 3094
143 95 251 148 408
650 94 879 138 LIBANII
910 93 1133 138 ORATIO
1166 93 1333 138 XLVII

149 232 194 285 8.
253 231 623 299 λαμβάνοντες
663 226 767 283 οὖν
806 231 859 282 οἱ
905 230 1207 298 πράκτορες
1231 227 1369 282 ἀντὶ
1411 238 1638 297 καρπῶν
1675 230 1839 298 τραύ-

147 340 287 388 ματα
334 318 781 388 ἀναστρέφουσιν
829 319 906 380 εἰς
954 319 1090 371 ἄστυ
1143 325 1217 390 τῷ
1257 317 1383 385 περὶ
1437 327 1550 380 τοῖς
1607 318 1840 386 ἱματίοις

150 409 333 475 αἵματι
382 409 679 475 δηλοῦντες
719 407 752 459 ἃ
791 409 1121 459 πεπόνθασι.
1199 405 1290 459 καὶ
1337 407 1435 459 τὸν
1481 406 1583 474 μὲν
1625 406 1840 472 θυμού-

147 516 317 563 μενον
357 496 458 548 οὐκ
500 498 747 564 ἔχουσιν,
795 496 828 564 ἡ
875 496 979 563 γὰρ
1026 503 1126 548 τοῦ
1167 496 1265 548 τὸν
1303 495 1512 564 μισθὸν
1551 496 1842 563 εἰληφότος

103 586 382 651 5δύναμις
429 584 531 637 οὐκ
578 584 662 654 ἐᾷ,
715 584 982 637 ἀκούουσι
1031 581 1090 636 δὲ
1139 586 1192 637 οἱ
1240 585 1551 653 δυστυχεῖς,
1608 583 1692 636 ὅτι
1741 585 1842 652 χρὴ

148 674 511 741 καταβάλλειν
550 672 582 740 ἢ
623 673 1099 742 μαστιγουμένους
1135 673 1402 726 ἀπειπεῖν.
1479 674 1532 725 οἱ
1573 670 1632 724 δὲ
1673 673 1843 740 οὔσης

147 763 248 828 μὲν
296 761 535 830 ἀνάγκης
580 770 744 814 τοῦτο
796 771 1002 829 ποιεῖν,
1057 763 1122 814 τὰ
1177 759 1238 814 δὲ
1290 764 1436 831 παρὰ
1491 770 1602 814 τῶν
1656 760 1846 830 ἀγρῶν

150 851 522 919 ἀπεγνωκότες
581 852 669 903 καὶ
733 852 974 914 δεδιότες
1029 850 1185 916 ἕτερα
1239 851 1545 921 τραύματα,
1609 852 1843 919 χρυσίου

150 938 199 991 δ’
240 939 341 991 οὐκ
381 941 539 1002 ὄντος
586 938 707 991 οὐδ’
747 939 1018 1009 ἀργυρίου
1064 945 1314 993 πωλοῦσι
1361 940 1462 1008 μὲν
1502 941 1845 1006 θεραπαίνας

88 1049 127 1080 ιο
151 1033 518 1095 θρηνοῦντες,
566 1033 814 1081 πωλοῦσι
855 1029 916 1081 δὲ
956 1028 1329 1095 ἀκολούθους,
1376 1027 1629 1098 τροφέων
1667 1028 1845 1093 υἱούς,

153 1116 729 1184 ἀντιλαμβανομένους
804 1127 916 1170 τῶν
999 1126 1098 1169 τοῦ
1174 1121 1494 1180 πωλοῦντος
1577 1117 1847 1186 γονάτων.

154 1206 201 1257 9.
249 1202 502 1274 ἔρχονται
544 1206 605 1258 δὲ
643 1204 734 1258 καὶ
773 1207 849 1268 εἰς
888 1206 1110 1276 ἀγρούς,
1152 1207 1252 1275 οὐχ
1293 1207 1365 1269 ὡς
1404 1208 1675 1275 πρότερον
1713 1206 1846 1272 μετὰ

64 1307 105 1348 R
127 1306 271 1349 11506
304 1303 416 1347 τῶν
446 1293 671 1363 τέκνων,
704 1293 820 1348 ἀλλ’
854 1295 1271 1362 ἀποδωσόμενοι
1302 1298 1435 1364 μετὰ
1467 1305 1610 1348 τῶν
1608 1295 1847 1365 ὠνησο-

154 1382 349 1450 μένων.
426 1383 515 1435 και
571 1384 804 1451 τράπεζα
859 1384 1045 1446 αὐτοῖς
1099 1386 1258 1452 κοινὴ
1305 1386 1692 1452 παρατίθεται,
1748 1384 1848 1451 τὴν

90 1492 130 1524 15
155 1473 317 1540 τιμὴν
365 1472 425 1524 δὲ
464 1479 557 1540 τῆς
597 1480 695 1540 γῆς
735 1474 914 1541 φόρον
954 1473 982 1526 ὁ
1022 1474 1311 1541 πεπρακὼς
1350 1472 1684 1541 γιγνομένην
1723 1470 1847 1542 ὁρᾷ.

156 1558 315 1623 ἐξιὼν
355 1556 415 1612 δὲ
455 1570 567 1612 τῶν
605 1559 891 1632 πατρῴων,
932 1564 1044 1614 ε”στι
1083 1560 1132 1613 δ’
1164 1558 1232 1614 οὗ
1264 1560 1353 1614 καὶ
1385 1559 1686 1635 παππῴων,
1727 1558 1848 1629 βλέ-

155 1667 275 1700 πων
316 1649 393 1710 εῑς
430 1651 562 1711 τοὺς
601 1648 826 1703 ἐκείνων
865 1648 1078 1719 τάφους
1114 1652 1203 1703 καὶ
1243 1660 1417 1719 τιμῶν
1455 1660 1569 1713 τοῖς
1609 1652 1700 1703 διὰ
1738 1660 1849 1703 τῶν

158 1746 356 1806 χειρῶν
409 1739 678 1805 φιλήμασι
733 1739 1069 1807 συγγνώμην
1125 1741 1270 1808 ἔχειν
1324 1738 1492 1802 ἀξιῶν
1546 1739 1850 1848 ἀπέρχεται.

158 1822 272 1878 εἶτα
323 1827 551 1894 φροντὶς
597 1824 736 1896 ὑπερ
784 1835 994 1896 τροφῆς
1043 1827 1190 1899 αὐτῷ
1232 1848 1288 1881 τε
1343 1829 1433 1881 καὶ
1487 1827 1708 1897 γυναικὶ
1759 1826 1850 1880 καὶ

92 1936 136 1967 20
158 1916 374 1981 παισίν,
422 1907 537 1966 εἶτα
584 1914 902 1982 οὐδαμόθεν
943 1915 1282 1984 φαινομένης
1322 1915 1353 1984 ἡ
1393 1923 1493 1968 τοῦ
1533 1925 1853 1985 προσαιτεῖν

163 2002 384 2071 ἀνάγκη.
466 2002 547 2055 10.
608 2002 752 2055 οὕτω
801 2005 1101 2072 βουλευτὴς
1147 2006 1350 2072 βουλῆς
1398 2004 1736 2073 ἐξαλείφεται
1784 2005 1850 2057 οὐ

162 2093 407 2159 σπόγγου
472 2091 758 2161 γράμματα
820 2091 1218 2162 ἀφαιροῦντος,
1282 2091 1397 2145 ἀλλ’
1453 2091 1630 2145 οὐκέτ’
1683 2093 1852 2161 οὔσης

163 2180 365 2242 οὐσίας.
442 2178 593 2232 ταῦτ’
632 2178 890 2243 ἐλάττους
936 2190 1083 2233 ποιεῖ
1128 2182 1222 2244 τὰς
1267 2183 1474 2250 βουλὰς
1513 2181 1635 2234 ἀντὶ
1681 2183 1852 2248 μειζό-

161 2288 293 2334 νων,
333 2267 483 2321 ταῦτ’
522 2268 744 2336 ὀλίγους
789 2271 918 2332 τοὺς
964 2268 1093 2322 καθ’
1133 2268 1365 2338 ἑκάστην
1405 2268 1526 2322 ἀντὶ
1566 2271 1852 2322 πλειόνων.

283 2417 307 2455 6
341 2412 398 2456 cf.
423 2428 467 2468 p
489 2418 623 2467 13,12
748 2419 804 2458 24
837 2413 893 2458 cf.
919 2393 1238 2470 p.456‚23sq.'

283 2551 308 2588 2
341 2546 470 2600 παρὰ
501 2547 642 2590 ΙΒΜ
758 2552 786 2590 4
818 2546 862 2591 οἱ
894 2549 930 2591 Ι
954 2547 1035 2591 sed
1068 2563 1092 2590 ο
1126 2560 1227 2590 eras
1357 2551 1382 2590 5
1416 2545 1456 2601 ὅ,
1487 2544 1531 2590 τί
1563 2547 1608 2590 Β
1739 2551 1763 2589 7
1798 2547 1852 2590 οὐ

164 2611 299 2647 τοῦτο
335 2605 372 2649 C
496 2608 522 2647 8
555 2603 873 2674 ἀπεγνωκότες
902 2607 948 2650 P
977 2606 1059 2650 sed
1090 2622 1243 2663 πεγνω
1276 2605 1326 2648 in
1356 2619 1430 2649 ras
1462 2606 1532 2648 m²
1665 2610 1688 2648 9
1723 2604 1774 2650 δὲ
1807 2606 1853 2648 Β

167 2662 256 2706 Got
305 2665 310 2718 Ι
361 2661 463 2707 οὐδ’
502 2666 547 2708 P
576 2665 658 2708 sed
691 2681 747 2708 ov
778 2664 827 2707 in
856 2679 932 2708 ras
963 2664 1034 2707 m²
1162 2670 1215 2707 14
1247 2663 1330 2722 μὲν
1363 2665 1522 2715 αυτοῖς
1552 2665 1598 2708 Β
1649 2668 1654 2718 Ι
1703 2681 1852 2719 παρα-

165 2719 349 2765 τίθεται
373 2722 506 2778 κοινὴ
531 2724 673 2767 ΙΒΜ
776 2729 830 2767 16
853 2724 1082 2779 πατρώων
1107 2726 1154 2766 eb
1177 2724 1421 2767 παππώων
1445 2725 1556 2767 ΒΜ
1665 2727 1718 2766 19
1745 2725 1854 2766 ante

169 2782 360 2833 φροντὶς
391 2795 464 2823 ras
499 2788 523 2823 2
557 2782 635 2825 litt
666 2783 711 2825 A
908 2787 962 2825 20
996 2783 1128 2825 παισὶ
1161 2784 1195 2825 Ι
1388 2787 1440 2824 21
1475 2788 1557 2837 τῆς
1588 2783 1754 2839 βουλῆς
1785 2782 1854 2825 Re

258 2845 309 2882 22
353 2838 502 2883 οὐκέτ’
541 2842 586 2884 Β
679 2842 763 2884 οὐκ
804 2839 866 2885 ἔτ’
902 2841 1072 2896 reliqui
1111 2841 1220 2884 libri
1261 2838 1384 2884 sed'
1422 2844 1481 2897 (2)
1523 2855 1624 2884 eras
1665 2843 1736 2884 P*

170 2901 223 2938 23
257 2905 400 2940 ταῦτα
435 2900 573 2942 IBM
691 2905 746 2942 24
779 2899 1076 2955 καθεκάστην
1109 2901 1293 2943 PIBM
