1992 3094
192 57 261 108 27
269 57 299 108 8
741 30 968 98 LIBANH
1000 54 1222 99 ORATIO
1254 55 1333 98 XL

306 195 402 252 Qui
438 198 492 243 in
532 195 656 243 duas
689 194 1064 258 distinguuntur
1094 195 1312 242 familias
1344 211 1554 256 quarum
1585 197 1721 257 prior
1753 196 1882 244 codi-
1962 159 1970 223 η’

194 270 333 320 cibus
384 267 647 330 ΟΡαΑΡΙ,
698 269 856 316 altera
903 269 1067 316 codice
1100 269 1148 315 V
1190 271 1482 317 continetur.
1561 268 1882 333 Cognationis
1967 302 1982 330 2:

195 345 445 393 vinculum
500 359 597 405 quo
652 343 837 406 singuli
889 343 1020 390 inter
1072 358 1122 390 se
1176 343 1426 391 coniuncti
1481 345 1621 403 sunt,
1675 345 1884 391 stemma
1970 391 1973 396 ,

193 436 239 481 p.
269 419 372 466 189
413 418 724 479 propositum
762 419 811 464 te
851 417 1006 465 docet.

306 492 470 539 Unum
497 492 660 539 locum
691 491 990 538 Macarius
1024 485 1594 557 Chrysocephalusl)
1629 492 1882 553 excerpsit.
1971 517 1978 521 2

307 638 479 687 Oratio
524 640 741 701 primum
789 655 812 686 e
854 638 1017 686 codice
1058 638 1311 686 Marciano
1359 655 1387 685 a
1425 638 1467 684 B
1479 654 1506 686 o
1516 656 1550 686 n
1559 638 1656 702 gio
1667 655 1698 686 v
1708 654 1737 685 a
1746 656 1778 686 n
1788 655 1819 685 n
1828 638 1847 685 i
1856 655 1884 687 o

195 707 289 780 (=
329 706 495 779 Bong)
541 712 764 760 Venetiis
820 728 947 760 anno
999 714 1064 760 17
1072 713 1140 760 54
1187 729 1234 774 p.
1272 714 1559 760 151—165
1615 712 1884 761 innumeris
1967 696 1973 735 Ῑ

195 804 306 836 cum
335 787 527 835 mendis
560 787 694 834 edita
727 789 814 847 est,
847 802 1057 848 quorum
1087 786 1322 849 pleraque
1356 786 1634 835 Reiskius
1667 780 1764 853 (=
1789 781 1884 853 Re)
1971 811 1974 816 ’

195 861 696 910 Animadversionum
720 861 971 908 volumine
1005 861 1178 922 quinto
1210 877 1255 922 p.
1277 861 1566 908 552—559
1601 860 1885 920 divinando,

194 936 435 984 nonnulla
475 935 626 984 etiam
666 934 887 983 adhibito
920 934 1084 982 codice
1109 934 1402 997 Augustano
1442 935 1494 981 in
1525 934 1741 983 editione
1781 949 1884 983 sus·
1967 929 1985 954 ³

194 1010 313 1057 tulit
353 1025 502 1071 quam
538 1025 665 1057 uxor
702 1009 854 1071 prelis
894 1009 1142 1056 commisit
1182 1001 1238 1075 (t.
1264 1009 1315 1056 II
1345 1026 1392 1071 p.
1420 1001 1751 1075 364—379).
1826 1008 1886 1056 In

194 1084 322 1131 hanc
355 1084 507 1131 etiam
537 1099 721 1146 magna
749 1099 866 1145 pars
890 1084 1120 1130 notarum
1144 1082 1642 1131 Animadversionum
1672 1081 1885 1132 transiit.
1970 1087 1973 1091 ’

306 1157 473 1205 Pauca
513 1157 803 1221 corrigenda
840 1156 1044 1219 reliquit
1085 1155 1119 1204 G
1132 1173 1159 1204 o
1168 1157 1199 1204 b
1210 1173 1235 1205 e
1244 1158 1267 1204 t
1276 1173 1318 1204 o.

318 1301 360 1355 1)
393 1297 459 1342 Cf.
485 1301 517 1343 t.
536 1297 557 1340 Ι
579 1313 623 1354 p,
644 1302 743 1342 351.
