1992 3094
539 124 766 169 LIBANII
797 123 1021 170 ORATIO
1052 124 1134 169 DE
1164 124 1402 170 VINCTIS
1709 125 1820 178 375

130 268 229 314 τοῦ
262 259 526 314 δεδέσθαι
556 260 835 330 μένοντος.
897 259 987 314 ἐπὶ
1019 262 1123 330 γὰρ
1154 261 1216 314 τὸ
1248 268 1343 329 τῆς
1366 259 1626 330 δευτέρας
1650 259 1819 330 ἀρχῆς

130 355 330 418 οἴκημα
374 348 573 418 πέμπει
619 351 685 402 τὰ
732 349 954 419 σώματα
998 353 1225 412 πολλοῖς
1262 351 1438 403 πολλὰ
1477 353 1817 418 προστιθείς,

129 438 268 491 ὥστε
328 437 599 507 ἀλλήλους
662 445 1100 501 καταπατοῦντες
1160 437 1500 492 ἀπώλλυντο.
1591 446 1818 492 τοιαῦτα

127 536 239 579 τῶν
284 531 468 580 καλῶν
513 527 727 580 τούτων
772 526 960 580 αὐλῶν
1004 526 1323 580 ἀπέλαυσαν
1369 528 1423 580 οἱ
1469 528 1817 596 ταλαίπωροι.

129 611 224 668 εἶτ’
263 614 324 668 ἐν
364 615 431 668 οὐ
470 619 699 678 πολλαῖς
735 614 960 685 ἡμέραις
998 611 1165 679 αὖθις
1201 611 1311 685 εἶχε
1348 619 1574 679 πλειόυς
1612 615 1645 685 ἢ
1683 618 1817 684 πρό·
1863 639 1883 672 5

128 709 271 757 σθεν
308 705 369 757 τὸ
410 705 621 772 οἴκημα.
698 702 788 757 καὶ
827 712 998 757 ταῦτα
1036 705 1138 758 οὐκ
1177 705 1429 774 ἠγνοεῖτο
1469 703 1587 774 μέν,
1627 703 1816 778 ἐκείνω

128 793 190 846 δὲ
228 792 422 847 ἐδόκει.

239 882 325 935 32.
384 885 616 952 Φανήτω
665 883 733 951 δὴ
780 882 1069 936 κάνταῦθα
1113 884 1175 937 τὸ
1223 891 1318 952 τῆς
1358 891 1456 952 σῆς
1495 887 1817 953 φιλανθρω-

125 972 267 1040 πίας,
304 968 346 1024 ὦ
379 974 623 1040 βασιλεῦ.
656 983 658 985 ’
690 969 781 1022 καὶ
814 971 888 1033 ὡς
917 967 1020 1038 μὲν
1049 967 1256 1039 ἔθηκας
1287 972 1462 1040 νόμον
1492 972 1815 1039 βοηθοῦντα

125 1068 241 1122 τοῖς
281 1061 496 1112 δεθεῖσι
535 1059 657 1128 περὶ
695 1060 794 1113 τὸν
833 1062 1056 1129 χρόνον,
1098 1066 1264 1112 τοῦτο
1305 1058 1369 1112 δέ
1406 1058 1558 1113 ἐστιν
1597 1061 1676 1123 εἰς
1713 1052 1816 1129 τὴν
1841 1083 1883 1115 ιο

127 1150 403 1218 σωτηρίαν
435 1140 812 1217 αὐτῶν,ὀῖδα.
883 1141 1009 1202 οἶδα
1046 1147 1236 1217 μέντοι
1274 1148 1513 1217 κάκεῖνο,
1553 1148 1636 1202 ὅτι
1676 1150 1814 1217 ἅπερ

125 1236 196 1292 ἂν
242 1238 308 1291 οὐ
356 1237 611 1304 κειμένου
660 1245 760 1290 τοῦ
806 1239 1009 1306 νόμου,
1064 1245 1236 1290 ταῦτα
1289 1235 1380 1290 καὶ
1434 1237 1816 1307 γεγραμμένου

125 1326 443 1396 πέπρακται.
521 1327 587 1380 οὐ
632 1327 735 1396 γὰρ
777 1328 956 1379 ὄντων
994 1336 1106 1379 τῶν
1144 1329 1411 1395 βεβαιοῦν
1450 1326 1654 1389 αὐτοὺς
1692 1326 1814 1380 ἐθε-

125 1417 336 1468 λόντων
389 1415 665 1468 δικαστῶν
718 1415 1006 1484 γράμματά
1067 1416 1172 1468 εἰσι
1229 1416 1237 1484 Ι
1291 1416 1490 1484 μόνον,
1551 1424 1668 1479 τοῖς
1698 1428 1904 1472 RII462

126 1502 514 1573 ἀδικουμένοις
579 1501 640 1556 δὲ
711 1503 776 1557 οὐ
845 1503 1182 1573 παρέπονται
1251 1512 1542 1567 ποιοῦντες
1614 1505 1816 1568 αὐτοὺς
1839 1526 1881 1559 15

122 1600 238 1655 τοῖς
283 1590 414 1661 παρ’
451 1591 663 1646 ἑαυτῶν
708 1589 892 1661 ἔργοις
938 1602 1050 1645 τῶν
1095 1593 1436 1661 ἠδικηκότων
1485 1596 1814 1661 κρείττονας.

124 1681 210 1734 33.
266 1680 383 1735 ἀλλ’
416 1682 551 1736 ὅταν
590 1684 661 1734 σὺ
701 1686 827 1750 μέν,
868 1678 910 1734 ὦ
951 1692 1186 1750 γενναῖε,
1226 1687 1536 1752 νομοθετῇς
1575 1681 1609 1734 ἃ
1646 1697 1814 1749 προσ-

123 1773 258 1839 ήκει,
296 1772 505 1840 βραχὺς
544 1768 606 1824 δὲ
644 1771 860 1824 τούτων
891 1764 924 1842 ᾖ
956 1772 1121 1838 λόγος
1151 1779 1267 1832 τοῖς
1306 1768 1392 1823 ἐπὶ
1432 1777 1533 1823 τοῦ
1574 1770 1815 1835 δικάζειν

123 1859 213 1911 καὶ
244 1860 346 1928 τὴν
377 1859 562 1912 αὑτῶν
593 1861 820 1928 γνώμην
851 1858 974 1912 ἀντὶ
1007 1868 1120 1911 τῶν
1152 1858 1238 1912 σοὶ
1274 1859 1593 1912 δοκούντων
1615 1868 1812 1912 ποιῶσι

124 1948 341 2017 κυρίαν,
382 1949 510 2001 οὔτε
546 1948 648 2001 οὐκ
680 1947 887 2001 εἰδέναι
926 1955 1096 2000 ταῦτα
1128 1947 1267 2014 ὑμᾶς
1297 1947 1466 2000 καλὸν
1506 1947 1633 2000 οὔτε
1672 1949 1813 2001 εἰδό-
1838 1969 1881 2002 so

33 2048 42 2054 ’
124 2054 219 2098 τας
251 2035 445 2104 φέρειν
475 2037 696 2107 ῥᾳδίως,
729 2034 845 2090 ἀλλ’
871 2035 933 2090 ἐν
963 2044 1028 2106 τῇ
1060 2046 1172 2088 τῶν
1205 2035 1651 2104 ἐπανισταμένων
1679 2037 1814 2105 ὑμῖν

124 2126 307 2192 μερίδι
360 2128 490 2189 τοὺς
542 2127 829 2188 τοιούτους
881 2124 1082 2178 θετέον
1134 2123 1224 2178 καὶ
1285 2123 1570 2193 μισητέον,
1629 2125 1811 2193 ὥσπερ

124 2211 382 2277 ἐκείνους.
457 2214 547 2267 καὶ
588 2215 692 2283 γὰρ
733 2209 887 2267 οὗτοι
925 2214 992 2266 τὰ
1029 2211 1265 2282 ὑμέτερα
1302 2213 1469 2282 ὑμᾶς,
1515 2210 1643 2266 καθ’
1676 2213 1812 2267 ὅσον

243 2378 268 2417 2
301 2373 358 2417 cf.
382 2389 428 2430 p.
449 2378 583 2430 186,9
706 2378 732 2418 9
765 2373 874 2418 Cod.
899 2372 1153 2418 Theod.IX
1178 2377 1256 2426 3,ss
1304 2372 1361 2416 cf.
1387 2388 1432 2430 p.
1452 2377 1537 2416 356
1661 2378 1716 2417 12
1749 2373 1806 2418 of.
1892 2390 1907 2395 »ν

32 2495 36 2497 -
124 2447 169 2488 p.
189 2437 355 2487 174,14
371 2448 437 2490 sq.
562 2438 617 2478 14
650 2432 707 2477 ef.
731 2448 776 2490 p.
797 2437 988 2488 77‚4sq.
1112 2437 1165 2476 17
1199 2432 1256 2476 cf.
1282 2431 1382 2476 t.11
1406 2436 1543 2486 408‚6

35 2590 42 2598 ’
241 2586 269 2623 4
300 2583 454 2626 καλῶν
485 2594 561 2626 om
594 2583 639 2625 Β
688 2584 694 2637 Ι
745 2581 897 2624 αὐλῶν
928 2580 1103 2624 τούτων
1134 2580 1180 2623 Β
1230 2582 1235 2635 Ι
1282 2579 1558 2634 ἀπήλαυσαν
1593 2579 1750 2624 OPaB

32 2662 46 2695 ,ὁ
124 2638 182 2682 cf.
206 2654 250 2696 p.
278 2643 377 2692 168,
397 2645 443 2693 7;
477 2645 577 2695 338,
596 2644 651 2683 17
776 2644 802 2682 5
834 2637 1044 2693 πρόσθεν
1076 2638 1241 2695 scripsi
1273 2652 1298 2682 e
1333 2639 1445 2684 01³1
1470 2639 1553 2682 sed
1583 2638 1633 2681 in
1664 2639 1752 2682 hoc
1783 2656 1810 2682 ν

125 2697 216 2741 add
241 2699 323 2752 m⁸‚
349 2700 451 2744 BV
502 2698 685 2754 πρόσθε
708 2698 878 2754 reliqui
901 2697 1011 2742 libri
1035 2697 1127 2742 edd
1249 2702 1272 2740 7
1299 2695 1347 2741 δ’
1374 2698 1441 2741 Re
1564 2702 1619 2741 10
1643 2695 1689 2742 δ’
1718 2697 1810 2742 edd

36 2806 40 2812 ,
186 2762 238 2800 11
272 2758 426 2802 αὐτῶν
458 2758 623 2814 scripsi
654 2759 843 2801 auctore
874 2756 941 2800 Re
1026 2756 1171 2813 αὐτὴν
1202 2755 1312 2800 libri
1344 2756 1435 2800 edd
1580 2761 1634 2800 15
1665 2759 1809 2811 παρέ-

36 2823 47 2876 'g
123 2830 292 2859 πονται
324 2816 487 2873 scripsi
518 2831 544 2862 e
578 2818 619 2861 V
678 2815 960 2870 παρέσονται
992 2815 1162 2871 reliqui
1193 2815 1303 2859 libri
1334 2815 1425 2859 edd
1466 2817 1473 2871 Ι
1514 2815 1674 2867 ἀστοῖς
1703 2817 1749 2860 Β

126 2878 179 2917 17
213 2878 472 2931 νομοθετῇς
500 2877 536 2919 Ι
561 2876 642 2920 sed
673 2893 728 2931 ης
759 2888 815 2918 ex
846 2891 912 2925 εις
942 2889 1044 2918 corr
1073 2874 1144 2917 m⁸
1339 2879 1392 2918 19
1426 2875 1579 2918 αὐτῶν
1610 2875 1694 2918 IV
1717 2873 1810 2918 Got

29 2934 57 3094 ἰ
183 2937 237 2976 21
270 2933 382 2990 ἡμῖν
415 2935 458 2978 V
571 2939 627 2977 23
659 2932 871 2978 καθόσον
910 2934 953 2978 U
958 2934 1001 2975 V
