1992 3094
733 753 939 806 XXXV
978 752 1238 826 (XXXIII
1266 753 1355 826 R).

441 875 674 937 ΠΡΟΣ
722 874 949 936 ΤΟΤΣ
998 874 1112 936 OT
1158 873 1643 936 ΛΕΓΟΝΤΑΣ.

108 1032 209 1076 RII
228 1039 313 1078 284
431 1022 476 1074 1.
529 1022 637 1074 Καὶ
685 1019 776 1088 ἐμὲ
815 1022 907 1074 καὶ
953 1023 1054 1090 τὴν
1099 1023 1266 1074 πόλιν
1311 1022 1401 1074 καὶ
1441 1021 1581 1088 ὑμᾶς
1631 1020 1721 1074 καὶ
1760 1024 1894 1084 τοὺς

196 1111 495 1180 ὑμετέρους
541 1110 775 1181 πατέρας
823 1111 1025 1175 ζῶντάς
1070 1130 1128 1163 τε
1174 1109 1264 1163 καὶ
1303 1112 1748 1178 τετελευτηκότας
1795 1112 1890 1164 δα-

195 1201 451 1270 κρύσειεν
498 1200 566 1252 ἄν
612 1220 694 1262 τις
741 1201 961 1262 εἰκότως
1008 1199 1157 1268 ὁρῶν
1202 1200 1304 1267 τὴν
1350 1198 1621 1269 ὑμετέραν
1666 1197 1727 1252 ἐν
1772 1208 1892 1262 τοῖς

152 1308 171 1341 5
197 1290 570 1359 δικαστηρίοις
610 1288 878 1357 ἀφωνίαν.
947 1284 1011 1356 ἧς
1049 1288 1216 1341 πάλαι
1247 1288 1349 1357 μὲν
1387 1288 1522 1356 ὑμῖν
1562 1286 1688 1356 ἐξῆν
1719 1288 1890 1356 ἀπηλ-

196 1378 398 1446 λάχθαι
453 1378 523 1446 μὴ
570 1378 666 1439 τὰς
717 1375 847 1443 ἐμὰς
902 1376 1215 1445 ἀτιμάσασι.
1243 1376 1614 1446 παραινέσεις,
1670 1376 1889 1444 γένοιτο

196 1465 244 1518 δ’
277 1465 347 1519 ἂν
385 1467 475 1519 καὶ
515 1473 640 1533 νῦν,
681 1471 736 1518 εἴ
767 1486 860 1533 μοι
900 1464 1192 1534 προσέχειν
1224 1463 1530 1534 ἐθελήσετε,
1569 1473 1665 1533 τῆς
1700 1466 1888 1534 αἰσχύ-

195 1575 294 1624 νης
346 1560 500 1617 ἴασις.
578 1555 626 1607 2.
675 1555 900 1624 εὔχομαι
947 1557 1143 1607 τοίνυν
1187 1563 1303 1617 τοῖς
1347 1555 1448 1622 τὴν
1486 1556 1652 1607 πόλιν
1699 1555 1889 1623 ἔχουσι

193 1645 295 1713 τὴν
333 1642 602 1714 ἡμετέραν
641 1649 798 1706 θεοῖς
837 1644 1040 1696 δοῦναί
1074 1664 1167 1710 μοι
1206 1641 1331 1712 περὶ
1370 1638 1449 1695 ὧν
1487 1644 1600 1711 ἥκω
1642 1645 1887 1711 συμβου-

129 1751 170 1783 10
195 1733 424 1799 λεύσων,
473 1734 648 1784 εἰπεῖν
694 1752 751 1785 τε
790 1734 1022 1800 μετρίως
1067 1731 1157 1784 καὶ
1195 1730 1566 1800 πειθομένους
1611 1731 1753 1799 ὑμᾶς
1793 1736 1886 1784 λα-

193 1823 330 1889 βεῖν.
406 1821 599 1874 κοινὸν
645 1822 749 1889 γὰρ
792 1822 859 1888 δὴ
898 1828 997 1872 τοῦ
1037 1839 1094 1872 τε
1135 1820 1392 1888 λέγοντος
1441 1820 1532 1872 καὶ
1569 1829 1681 1872 τῶν
1719 1820 1883 1872 ἀκου-

194 1910 372 1962 όντων
410 1909 470 1961 τὸ
509 1908 705 1977 κέρδος
743 1909 842 1961 τὸν
879 1909 981 1976 μὲν
1013 1908 1288 1979 εἰρηκέναι
1320 1906 1475 1971 δόξαι
1515 1909 1580 1960 τὰ
1611 1907 1887 1976 βέλτιστα,

313 2071 351 2115 Ο
414 2092 470 2106 =
505 2070 650 2113 codex
681 2069 928 2113 Chisianus

310 2130 355 2173 A
418 2151 473 2165 =
505 2129 797 2172 Monacensis
829 2144 896 2186 gr.
919 2133 1004 2172 483
1038 2128 1375 2185 (Augustanus)

310 2188 355 2230 P
416 2210 470 2224 =
504 2188 747 2231 Palabinus
780 2203 847 2245 gr.
875 2192 959 2230 282

311 2249 372 2291 M
416 2270 471 2283 =
504 2247 797 2291 Monacensis
829 2261 894 2302 gr.
920 2251 1002 2290 101

308 2307 343 2349 Ι
413 2328 467 2342 =
501 2306 766 2349 Marcianus
799 2306 998 2362 append.
1025 2304 1125 2349 XCI
1149 2310 1174 2348 2

310 2367 372 2409 M
415 2387 469 2401 =
503 2365 768 2408 Marcianus
800 2380 867 2422 gr.
892 2369 978 2408 437

308 2425 353 2466 Β
417 2445 471 2460 =
504 2424 786 2467 Barberinus
818 2424 860 2467 H
884 2429 937 2467 41

316 2483 360 2526 V
415 2505 470 2519 =
501 2483 876 2526 Vindobonensis
907 2483 1023 2539 phil.
1049 2498 1119 2540 gr.
1143 2481 1285 2525 XCIII

308 2635 328 2673 1
364 2633 412 2673 λε
442 2633 551 2673 ante
582 2631 700 2685 πρὸς
724 2632 782 2684 A,
817 2645 956 2686 supra
988 2630 1106 2685 πρὸς
1131 2630 1168 2674 Ο
1255 2636 1336 2672 τοῦ
1371 2630 1514 2672 αὐτοῦ
1548 2630 1657 2672 ante
1690 2629 1806 2684 πρὸς
1840 2628 1884 2673 V

190 2690 193 2734 ἑ
229 2688 363 2745 λόγος
394 2689 598 2739 εἰκοστὸς
630 2689 758 2739 ἕκτος
787 2692 896 2745 post
926 2688 1143 2745 λέγοντας
1174 2689 1218 2731 V
1242 2689 1367 2742 rubr,
1412 2702 1472 2744 μς
1504 2689 1556 2733 in
1577 2701 1711 2744 marg
1745 2689 1790 2741 G,
1824 2690 1878 2739 κζ

185 2748 233 2790 in
258 2761 392 2806 marg
416 2750 461 2792 B
598 2753 623 2791 3
655 2764 702 2792 τε
735 2762 809 2791 om
833 2750 867 2791 I
989 2754 1014 2792 5
1047 2747 1159 2805 ἡμῖν
1187 2749 1270 2791 Mo
1392 2752 1417 2790 6
1451 2747 1491 2790 εἰ
1519 2746 1578 2802 μὴ
1612 2747 1714 2790 Mor
1741 2749 1746 2803 Ι
1775 2747 1873 2790 ἀτι-

185 2806 356 2862 μάσητε
381 2807 482 2850 Mor
507 2807 589 2850 sed
613 2824 665 2863 γρ
685 2806 934 2862 ἀτιμάσασι
959 2807 1008 2849 in
1031 2821 1165 2863 marg
1288 2810 1341 2848 10
1365 2821 1414 2849 τε
1439 2820 1513 2849 om
1532 2807 1594 2850 M
1713 2810 1765 2848 11
1791 2811 1878 2848 τοῦ

186 2891 239 2897 —
270 2871 322 2908 12
349 2865 526 2922 κέρδος]
555 2866 607 2910 τὸ
633 2865 796 2919 κέρδος
819 2873 900 2909 τοῦ
925 2882 972 2910 τε
995 2866 1207 2922 λέγοντος
1230 2865 1310 2908 καὶ
1333 2872 1425 2908 τῶν
1450 2862 1719 2909 ἀκουόντων
1737 2864 1878 2907 IMR
1934 2863 1936 2866 ’

248 2929 299 2967 12
333 2925 384 2968 τὸ
416 2923 580 2979 κέρδος
610 2925 661 2968 τὸ
694 2925 776 2969 τὸν
811 2926 854 2968 V
923 2939 1035 2967 num
1067 2922 1230 2979 κέρδος
1259 2923 1340 2967 τὸί>
