1992 3094
193 129 424 174 XXXVIII
730 123 1069 169 PRAEFATIO
1104 123 1341 168 CRITICA

303 287 349 331 p.
378 270 539 328 507‚2
581 264 664 314 καὶ
694 269 799 313 τοῖν
831 264 1053 330 ῥείθροιν
1091 262 1143 312 τὸ
1185 260 1273 327 μὲν
1311 261 1503 327 ἀμφοῖν
1541 267 1650 311 ταῖν
1689 261 1880 332 πόλεων

194 342 340 407 μέσον
380 339 567 407 ὁρᾶται,
615 338 667 388 τὸ
715 335 760 387 δ’
797 337 876 387 ἐπὶ
923 338 1108 404 θάτερα
1149 345 1236 402 τῆς
1274 335 1388 396 νέας
1426 335 1595 385 κατιὸν
1635 335 1751 400 μετὰ
1789 335 1882 400 τὴν

192 417 391 479 ποίησιν
430 422 516 478 τῆς
555 413 711 477 νήσου
750 411 835 461 τὸν
874 411 1030 476 πόρον
1070 411 1333 476 συμβάλλει
1372 409 1453 459 καὶ
1492 411 1756 473 καθίστησι
1795 407 1881 458 τὸν

193 489 412 553 ποταμὸν
460 488 567 536 ἴσον
614 492 677 555 τῷ
719 484 836 552 πρὶν
883 486 1153 549 διαστῆναι.
1235 484 1549 534 Croenertus:
1600 485 1882 541 „Nachdem

191 565 291 613 sich
330 565 406 611 die
444 562 610 610 beidam
648 561 928 620 Flussarme
967 560 1142 608 wteder
1179 561 1410 619 vereiniyt
1444 560 1614 614 haben,
1653 560 1738 606 hat
1775 557 1882 606 δια-

193 644 379 701 στῆναι,
420 637 509 684 das
549 637 640 683 den
673 635 870 695 Beyriff
900 635 982 682 des
1019 635 1266 681 Trennens
1299 634 1490 689 enthcilt,
1530 634 1700 681 loe-men
1730 633 1883 680 Platz.

194 713 321 760 Man
369 712 539 758 kb'rmte
583 725 689 756 mm
735 715 1033 772 καταστῆναι
1078 708 1376 762 υονῦεεεενη,
1422 708 1577 754 na‘her
1619 707 1735 754 aber
1773 706 1886 766 lieqt

194 785 508 850 διαρρυῆναι,
556 797 688 831 ἰυοΖα
734 781 824 845 τὴν
870 780 1031 846 χώραν
1078 782 1470 830 hinzuzudenken
1511 783 1620 830 ‘ists‘
1695 780 1884 828 Iterum

194 860 489 907 sententiam
530 857 947 919 simplicissimam
981 848 1076 921 (=
1100 855 1260 903 reddit
1289 857 1496 914 fluvium
1517 869 1696 915 parem
1729 855 1771 901 ei
1801 855 1884 913 qui

194 936 299 981 erat
326 934 473 992 prius
511 946 658 990 quam
697 931 1004 985 divideretur,
1045 931 1076 976 i.
1110 946 1148 976 e.
1181 922 1359 994 unum)
1406 944 1584 991 pamm
1623 929 1882 976 intellexit.

304 1023 350 1067 p.
387 1006 594 1065 507,14
635 1003 820 1052 τούτων
860 1000 912 1051 δὲ
955 1003 1011 1051 αἵ
1046 1000 1134 1066 μὲν
1181 1007 1306 1068 τρεῖς
1352 1002 1576 1067 συζυγίαι
1624 1000 1758 1067 μέχρι
1797 1008 1884 1049 τοῦ

194 1080 379 1143 τείχους
411 1082 742 1143 προελθοῦσαι
778 1082 841 1144 τῷ
876 1076 1116 1144 περιβόλῳ
1149 1076 1496 1139 συνάπτονται,
1534 1073 1565 1139 ἡ
1600 1073 1651 1124 δὲ
1683 1075 1880 1140 τετάρτη

194 1150 460 1218 βραχυτέρα
501 1149 604 1215 μέν,
644 1151 852 1199 καλλίων
889 1148 939 1198 δὲ
981 1150 1098 1199 ὅσον
1130 1149 1416 1215 βραχυτέρα,
1456 1144 1564 1198 οἷον
1603 1153 1705 1208 τοῖς
1744 1149 1884 1213 βασι-

195 1227 339 1285 λείοις
385 1225 595 1291 ἐγγύθεν
645 1224 948 1290 ε’φορμοῦσιν
1003 1222 1194 1292 ἀπαντᾷ
1248 1221 1512 1290 γιγνομένη
1568 1219 1691 1288 [τοῖς
1745 1224 1884 1287 βασι-

195 1295 361 1364 λείοις]
411 1298 576 1357 αὐτοῖς
624 1297 731 1347 ἀντὶ
778 1298 1111 1364 προπυλαίων.
1188 1298 1286 1346 Vix
1334 1298 1565 1346 credibile
1613 1302 1687 1346 est
1734 1298 1885 1346 verba

196 1373 312 1422 ὅσον
360 1371 626 1437 βραχυτέρα
673 1373 849 1434 quibus
901 1373 1167 1436 singularis
1213 1374 1292 1420 vis
1339 1374 1469 1420 inest
1518 1372 1726 1420 delenda
1776 1373 1885 1419 visa

195 1463 296 1496 esse
348 1447 624 1495 Groenerto.
718 1448 790 1494 De
845 1463 896 1494 re
947 1447 1364 1510 palaeographiea
1413 1473 1486 1479 —-
1512 1449 1702 1494 ..censet
1753 1447 1883 1493 enim

195 1538 252 1569 ea
300 1538 324 1568 e
371 1521 710 1583 dittographia
757 1537 932 1568 vocum
978 1521 1303 1568 finitimarum
1351 1524 1459 1568 orta
1506 1536 1609 1568 esse
1647 1546 1721 1553 —
1759 1520 1886 1567 nihil

196 1595 337 1642 addo.

307 1685 354 1730 p.
382 1669 580 1727 508‚16
619 1667 760 1716 τοῦτό
795 1686 876 1731 μοι
916 1668 1057 1716 δοκεῖ
1086 1665 1180 1716 κᾶν
1221 1667 1376 1731 μόνον
1415 1666 1468 1716 ἐν
1507 1666 1643 1715 πόλει
1683 1666 1886 1730 φαύλως

197 1740 372 1808 ἐχούσῃ
412 1741 650 1804 κείμενον,
691 1741 797 1800 οῖἀς
835 1740 1015 1800 πολλὰς
1054 1739 1133 1790 ἐπὶ
1174 1737 1372 1809 Θρᾴκης
1412 1739 1619 1805 ὁρῶμεν,
1659 1740 1784 1789 ἔνθα
1824 1739 1884 1789 οὐ

196 1813 370 1863 πολλαὶ
418 1814 625 1878 καλύβαι
671 1822 868 1863 ποιοῦσι
915 1814 999 1874 τὰς
1045 1815 1232 1876 πόλεις,
1286 1814 1330 1863 εἰ
1374 1814 1560 1863 τούτων
1609 1819 1695 1882 μιᾷ
1742 1821 1884 1863 τοῦτο

197 1886 420 1951 ἐνέκειτο,
459 1887 652 1947 πάντως
684 1885 745 1936 ἂν
777 1893 1001 1954 παρεῖχεν
1040 1888 1093 1938 ἐν
1132 1888 1370 1956 ἐξετασμῳ
1404 1888 1592 1938 πόλεων
1624 1895 1682 1956 τῇ
1715 1906 1885 1951 κεκτη-

198 1960 319 2029 μένῃ
375 1965 795 2026 μεγαλαυχεῖσθαι.
890 1963 984 2011 Pro
1040 1967 1266 2028 παρεῖχεν
1321 1963 1599 2010 Schmidius
1661 1960 1886 2027 παρέχειν

199 2036 508 2084 scribendum
558 2036 705 2095 dixit,
757 2040 808 2083 at
858 2034 1214 2094 ἀνακολούθως
1264 2037 1456 2084 locutus
1509 2039 1583 2084 est
1631 2036 1885 2097 Libanius,

197 2113 255 2156 ut
295 2111 569 2157 enuntiatio
614 2109 657 2157 εἰ
700 2109 885 2158 τούτων
933 2115 1019 2178 μιᾷ
1067 2117 1208 2159 τοῦτο
1256 2108 1461 2159 ἐνέκειτο
1503 2111 1739 2170 ostendit,
1788 2126 1885 2171 qua

199 2185 446 2230 structura
492 2184 821 2244 participialis
869 2183 1022 2247 μόνον
1063 2183 1115 2232 ἕν
1154 2183 1290 2233 πόλει
1329 2183 1532 2246 φαύλως
1571 2183 1748 2251 ἐχούσῃ
1788 2183 1884 2231 κεί-
1937 2242 1951 2252 Δ.

199 2273 348 2318 μενον
388 2257 544 2303 denuo
585 2258 838 2318 excipitur.

309 2346 356 2390 p.
391 2331 558 2390 509,4
595 2328 773 2377 ε’κεῖναι
814 2327 864 2378 δὲ
905 2329 1061 2394 αὐτὴν
1101 2329 1192 2379 οὐκ
1232 2330 1376 2379 ἐῶσιν
1415 2326 1541 2379 εἶναι
1581 2331 1689 2394 δύο,
1729 2348 1884 2396 παρα-

201 2403 457 2466 ζευγνῦσαι
511 2402 599 2465 τὴν
654 2402 883 2469 δευτέραν
937 2411 993 2472 τῇ
1050 2403 1372 2472 πρεσβυτέρᾳ,
1435 2404 1660 2470 καθάπερ
1720 2407 1885 2452 πῶλον

201 2475 358 2537 μητρί.
434 2476 787 2523 Herwerdenus
836 2476 1064 2541 δευτέραν
1110 2481 1162 2526 in
1210 2476 1447 2542 νεωτέραν
1486 2481 1671 2526 mutari
1710 2478 1883 2541 voluit,

203 2553 253 2595 at
293 2564 482 2596 necesse
522 2566 618 2596 non
659 2554 746 2610 est,
786 2553 933 2598 immo
974 2569 1087 2599 vero
1129 2554 1247 2614 quia
1287 2553 1412 2600 dixit
1442 2546 1568 2600 εἶναι
1601 2551 1705 2600 δύο
1738 2551 1882 2599 Liba-

202 2623 311 2668 nius
367 2625 635 2670 commotus
690 2638 791 2671 esse
847 2626 1060 2685 videtur,
1114 2629 1170 2673 ut
1225 2642 1392 2674 vocem
1443 2626 1657 2674 eiusdem
1714 2627 1884 2686 stirpis

202 2696 498 2742 numeralem
540 2696 804 2744 adhiberet.

313 2785 358 2829 p.
394 2770 599 2829 505³,13
646 2768 803 2833 ὥσπερ
842 2768 931 2834 γὰρ
972 2769 1023 2819 έν
1062 2775 1166 2830 ταῖς
1204 2773 1457 2837 γεωργίαις
1496 2772 1548 2822 τὸ
1590 2769 1678 2836 μὲν
1718 2769 1883 2837 ὀλίγον

201 2839 375 2904 γήδιον
414 2841 618 2908 ῥᾳδίως,
662 2837 769 2890 οἷον
808 2841 859 2890 ἐν
900 2843 1170 2909 ζωγράφων
1209 2845 1431 2909 πίναξιν,
1470 2843 1701 2908 ἤσκηται,
1741 2846 1796 2893 αἱ
1831 2841 1883 2894 δὲ

204 2920 299 2960 τῶν
331 2912 636 2977 εὐδαιμόνων
668 2913 873 2980 ἄρουραι
904 2924 1044 2965 τοῦτο
1077 2917 1165 2982 οὐχ
1197 2917 1547 2982 ὑπομένουσιν,
1587 2917 1706 2966 ἀλλὰ
1745 2937 1884 2983 κεχυ-
