1992 3094
321 123 549 168 LIBANII
580 122 804 167 ORATIO
837 123 917 167 DE
952 122 1242 169 ANTIOCHI
1271 123 1478 169 UXORE
1671 124 1742 178 65

54 257 202 332 εἶχεν
240 258 328 314 ἐπὶ
367 267 462 328 τῆς
500 259 704 329 ἀγορᾶς
743 259 846 312 οὐκ
878 258 1071 328 ὀλίγον
1105 259 1373 314 τεθνάναι
1411 260 1513 328 μὲν
1551 259 1743 330 γέρον-

54 370 170 419 τας,
200 349 466 403 τεθνάναι
498 345 559 401 δὲ
590 348 799 401 παιδία.
861 346 951 401 καὶ
992 356 1173 418 γραῦν
1204 346 1265 402 δὲ
1299 347 1486 419 ἑώρων
1518 351 1745 403 παιδίον

57 438 343 509 φέρουσαν
389 436 523 490 αὐτὸ
578 445 742 490 τοῦτο
796 439 1036 505 βοῶσαν,
1091 437 1164 500 ὡς
1213 439 1262 491 εἰ
1314 441 1388 507 μή
1442 458 1523 501 τις
1574 440 1743 508 ἄρτου

55 528 339 596 μεταδοίη,
392 524 737 594 τεθνήξεται,
791 523 882 578 καὶ
930 526 1039 592 ἄμα
1082 526 1374 595 προῦτεινε
1420 528 1521 595 τὴν
1566 530 1744 596 τιμήν.

54 616 108 669 4.
157 614 187 668 ὁ
227 616 287 668 δὲ
325 616 488 684 ἄρτος
525 610 596 682 ἧν
633 614 1022 683 περιμάχητος,
1075 614 1165 668 καὶ
1213 615 1484 685 ἀλλήλους
1523 615 1744 669 ἐώθουν
1791 638 1812 671 5

56 707 151 760 καί
185 722 293 758 που
332 704 423 756 καὶ
462 701 732 772 ἕπληττον
782 703 872 756 καὶ
911 700 982 771 ἧν
1020 708 1232 758 πολλοῦ
1272 707 1392 757 τότε
1430 706 1492 758 τὸ
1534 705 1747 773 ἰσχύειν

58 793 226 858 ἄξιον.
303 793 332 847 ὁ
379 789 441 845 δὲ
487 791 886 862 ἀσθενέστερος
933 794 1101 862 ἄρτον
1147 794 1250 863 μὲν
1289 794 1391 846 οὐκ
1428 791 1629 863 ἔφερεν
1666 799 1745 847 οἴ-

55 883 211 951 καδε,
263 882 545 950 τραύματα
585 881 647 934 δὲ
684 879 775 934 καὶ
821 891 1237 951 κατερρωγυῖαν
1282 881 1505 950 ἐσθῆτα.
1581 890 1744 935 τοῦτο

53 980 169 1025 τῶν
219 970 663 1037 πολιτευομένων
715 969 950 1024 ἐκένωσε
996 972 1097 1040 τὴν
1143 974 1307 1025 πόλιν
1360 972 1450 1024 καὶ
1498 968 1639 1039 ἦσαν
1685 970 1747 1024 ἐν

56 1059 247 1129 ἀγροῖς
284 1060 346 1112 τὸ
386 1061 459 1128 μὴ
500 1065 1026 1134 συγκατακαυθῆναι
1067 1069 1186 1122 ταῖς
1223 1061 1407 1114 αὑτῶν
1446 1061 1646 1123 οἰκίαις
1684 1059 1746 1113 ἐν
1771 1083 1812 1114 ιο

56 1147 239 1218 κέρδει
276 1149 625 1218 ποιούμενοι·
665 1155 836 1201 ταῦτα
876 1150 980 1219 γὰρ
1020 1149 1284 1218 ἠλπίζετο.

169 1236 217 1290 5.
272 1235 367 1289 Ἐν
412 1237 588 1308 τούτῳ
636 1243 711 1309 τῷ
750 1238 995 1291 κλύδωνι
1042 1246 1183 1291 κινεῖ
1228 1237 1297 1307 μέ
1339 1258 1423 1300 τις
1461 1247 1630 1306 θεῶν,
1678 1238 1744 1291 οὐ

57 1326 163 1395 γὰρ
213 1323 347 1392 ἐμόν
400 1345 462 1393 γε
508 1326 568 1378 τὸ
616 1328 799 1395 ἔργον,
855 1328 1031 1379 εἰπεῖν
1076 1347 1129 1379 τι
1174 1328 1310 1396 πρὸς
1360 1328 1458 1380 τὸν
1508 1329 1746 1396 ἄρχοντα

56 1415 182 1483 περι
219 1422 320 1467 τοῦ
359 1417 753 1483 κατειληφότος
790 1415 1026 1483 πάθους,
1065 1414 1156 1468 καὶ
1194 1417 1481 1483 κομισθεὶς
1519 1417 1746 1469 οἰκετῶν

58 1503 333 1573 χερσίν,ὁ
304 1504 478 1573 ογὰρ
518 1504 682 1566 ἵππος
723 1506 915 1573 ἔτυχεν
954 1503 1125 1572 ἀπών,
1166 1506 1231 1557 τὰ
1270 1502 1371 1574 μὲν
1410 1503 1744 1573 ἐπιτιμήσας,
1771 1524 1812 1556 15

0 1642 1 1647 ,
57 1592 125 1644 τὰ
164 1592 224 1645 δὲ
261 1591 619 1662 παραινέσας,
674 1594 740 1646 τὰ
781 1593 843 1646 δὲ
882 1595 1155 1662 φοβήσας,
1211 1595 1326 1646 ἔστι
1373 1594 1435 1646 δὲ
1475 1594 1615 1647 ὅπου
1655 1591 1746 1645 καὶ

60 1679 279 1749 δεηθεὶς
331 1683 491 1748 μόλις
545 1680 823 1749 ἀπέστησα
876 1690 970 1751 τῆς
1024 1686 1230 1751 πολλῆς
1285 1684 1624 1751 φιλονεικίας
1677 1681 1747 1749 ἣν

60 1764 208 1838 εἶχεν
237 1766 377 1838 ὑπὲρ
410 1778 522 1822 τῶν
553 1769 860 1823 ἀδυνάτων.
924 1771 971 1823 6.
1007 1772 1075 1824 οὐ
1107 1772 1218 1840 μὴν
1250 1770 1459 1841 ἐξήρκει
1490 1791 1552 1839 γε
1582 1779 1744 1824 τοῦτο

57 1859 198 1923 πρὸς
236 1859 337 1926 τὴν
377 1858 779 1929 ἐπανόρθωσιν,
819 1858 937 1912 ἀλλ’
969 1861 1080 1912 ἔδει
1119 1858 1212 1912 καὶ
1250 1862 1380 1922 τοὺς
1418 1859 1748 1927 ἀρτοποιοὺς

180 1986 233 2026 16
267 1982 548 2036 οἰμὺ1182,
567 1987 620 2025 12
747 1987 800 2026 17
834 1983 1116 2038 cf..‚t1182
1136 1987 1191 2026 20

181 2090 234 2130 19
272 2085 450 2144 λέγεται
480 2086 561 2129 καὶ
592 2086 841 2141 ἀρτοποιὸς
872 2089 991 2143 (corr
1022 2084 1359 2142 ἀρτοκόπος)
1399 2086 1494 2130 ἀπὸ
1526 2093 1608 2130 τοῦ
1638 2084 1745 2129 πέτ-

60 2159 156 2190 τειν
193 2146 274 2190 καὶ
313 2144 633 2202 ἀρτοκόπος
671 2146 765 2190 ἀπὸ
795 2153 879 2190 τοῦ
911 2145 1116 2200 κόπτειν,
1156 2144 1459 2204 ἀρχαιότερον
1498 2145 1549 2190 δὲ
1579 2145 1631 2189 τὸ
1666 2143 1746 2190 διὰ

61 2205 254 2249 τοῦπΒ
279 2204 335 2248 ef.
354 2206 448 2250 not.
468 2204 541 2248 ad.
559 2220 604 2260 p.
624 2209 694 2260 28,
710 2210 778 2249 13.
806 2205 947 2249 schol.
968 2182 1247 2259 adt.1'1209‚
1260 2204 1381 2248 15R.
1414 2204 1583 2260 Phryn.
1602 2218 1646 2259 p.
1659 2207 1743 2247 222

62 2275 166 2306 cum
211 2265 323 2308 nota.
360 2263 604 2318 Lobeckii‚
651 2279 695 2320 p.
723 2269 778 2308 22
812 2265 882 2308 ed.
916 2263 1101 2308 Bekker
1132 2264 1304 2308 Anecd.
1338 2266 1385 2307 et
1423 2263 1511 2308 lex.
1546 2262 1649 2319 Seg.
1682 2263 1743 2306 ib.

62 2334 110 2378 p.
123 2326 223 2376 447,
240 2328 308 2367 25.

183 2438 206 2477 1
232 2430 322 2492 εἶχε
346 2434 452 2490 περὶ
476 2435 508 2478 1
625 2438 650 2477 3
685 2434 799 2479 αὐτὸ
825 2461 879 2466 -
906 2439 933 2476 4
965 2433 1239 2489 τεθνήξεται
1272 2433 1389 2477 citat
1411 2433 1529 2477 Plan
1560 2432 1639 2477 fol.
1662 2436 1745 2476 104

124 2496 150 2536 3
181 2493 301 2550 βοῶν
324 2493 442 2537 Plan
583 2498 608 2536 3
642 2493 683 2537 εἰ
714 2520 770 2526 -
802 2497 830 2536 4
861 2492 1135 2548 τεθνήξεται
1167 2492 1284 2536 citat
1314 2492 1569 2549 praemisso
1602 2490 1743 2549 Λιβά-

27 2575 29 2580 ’
63 2564 164 2602 νιος
193 2551 351 2596 Thom.
381 2552 505 2610 Mag.
539 2567 573 2595 s.
591 2568 631 2595 v.
662 2551 938 2607 τεθνήξεται
969 2567 1014 2608 p.
1042 2557 1143 2607 364,
1161 2557 1186 2595 2
1212 2552 1253 2594 R
1402 2557 1429 2594 4
1460 2550 1676 2606 τεθνήξει
1699 2551 1744 2594 Α

23 2627 27 2629 ’
59 2609 147 2654 ned
176 2610 226 2654 in
247 2624 380 2669 marg
410 2629 465 2669 γρ
489 2610 730 2667 τεθνήσει,
769 2613 815 2656 Ρ
844 2611 925 2656 sod
957 2612 979 2664 ξ
1012 2611 1062 2654 in
1084 2624 1161 2655 ras
1184 2610 1267 2664 ωδ,
1310 2611 1377 2654 Va
1415 2610 1496 2654 sed
1527 2608 1744 2663 τεθνήξε-

24 2687 28 2705 ι
62 2682 141 2712 ται
168 2668 217 2712 in
240 2683 386 2728 marg,
419 2671 546 2715 UMo
569 2670 718 2715 Thom
732 2670 852 2714 Plan
896 2669 1129 2765 οτεθνήσει
1155 2670 1191 2715 Ο
1219 2671 1285 2726 (et
1315 2669 1452 2713 Patm
1485 2669 1565 2712 sed
1597 2685 1651 2724 γρ
1676 2683 1745 2711 τε·

58 2751 286 2812 ὓνήξεται
315 2758 365 2802 in
389 2773 523 2815 marg
543 2758 630 2815 111²)
752 2764 778 2803 5
811 2730 919 2814 ἄρτι
926 2732 1028 2816 9V}
1056 2759 1221 2802 καὶ-
1257 2758 1442 2802 ἐώθουν
1474 2759 1521 2801 et
1554 2762 1576 2799 7
1605 2756 1745 2810 ἄρτον

62 2835 125 2848 ·-
155 2819 182 2858 8
214 2817 388 2874 ἐσθῆτα
421 2818 538 2861 citat
558 2818 677 2862 Plan
701 2818 731 2863 l.
749 2818 778 2861 l.
902 2822 928 2861 8
959 2818 1200 2873 τραύματα
1225 2816 1294 2875 δε]
1321 2816 1436 2860 ἀλλὰ
1465 2815 1597 2871 λιμὸν
1629 2814 1745 2858 Plan

40 2917 42 2921 .
128 2877 183 2917 10
214 2876 367 2920 αὐτῶν
407 2877 748 2922 VaBMUIMo
773 2877 906 2934 Bong
966 2876 1143 2921 ἑαυτῶν
1174 2877 1243 2920 Re
1365 2880 1418 2919 12
1449 2872 1519 2924 τίς
1550 2875 1688 2917 ΒΜ]

26 2938 35 2970 0
66 2933 126 2975 18
146 2929 191 2976 τί
209 2935 293 2979 Mo
353 2949 428 2979 om
446 2937 483 2980 V
510 2938 516 2992 Ι
542 2936 623 2981 τὸν
648 2951 724 2980 om
740 2937 774 2979 Ι
891 2941 945 2979 15
970 2935 1218 2993 ἐτύγχανεν
1236 2935 1273 2980 Ο
1294 2936 1342 2979 01:
1364 2951 1419 2992 γρ
1444 2934 1494 2976 in
1509 2946 1643 2990 marg
1661 2934 1745 2977 Mo

63 3035 66 3067 ,γ
154 3014 350 3050 Luunms
374 3017 432 3050 ed.
454 3017 691 3051 Foorster.
727 3019 798 3050 ΠΙ.
1452 3012 1478 3050 5
