1992 3094
171 628 189 660 5

214 118 245 170 8
731 115 959 160 LIBANII
990 113 1214 159 ORATIO
1247 113 1395 159 XXVI

214 255 298 307 δεῖ
350 253 496 322 παρὰ
539 261 651 305 τῶν
705 251 910 320 ὀλίγων
956 249 1181 304 ἐκείνων
1229 245 1308 303 ὧν
1357 247 1500 319 ἔφην
1550 247 1900 301 ἐπιτάττεται.

213 342 384 404 οὕτως
431 341 644 411 ἀκριβεῖ
698 341 840 411 λόγῳ
887 339 1085 408 κομιδῆ
1139 339 1339 409 μικρὸν
1385 339 1445 391 τὸ
1492 338 1593 406 τὴν
1643 334 1902 390 ἐναντίαν

214 444 301 482 σοι
340 426 687 497 τεταγμένον.

326 517 373 568 9.
415 512 614 569 ’Ἕνεκα
659 511 762 584 μὲν
801 510 904 578 οὖν
942 522 1042 568 τοῦ
1081 514 1254 583 μηδὲν
1291 523 1404 568 τῶν
1449 514 1718 567 τοιούτων
1758 509 1905 567 εἷναί

216 621 303 659 σοι
357 604 571 672 βλάβην
617 601 715 656 ἐᾶν
761 602 944 673 ἐχρῆν,
993 610 1102 655 νῦν
1148 600 1198 655 δ’
1229 599 1367 671 ὑπὲρ
1416 602 1585 655 αὐτοῦ
1633 609 1732 655 τοῦ
1783 610 1902 665 ταῖς

214 696 406 747 πόλεσι
458 693 559 761 τὴν
614 692 988 760 σωφροσύνην
1040 694 1349 745 λυσιτελεῖν
1401 694 1665 762 προσήκει
1712 710 1764 743 τι
1810 691 1902 743 καὶ

214 781 627 852 ἐπανορθῶσαι,
673 779 779 833 κᾶν
818 778 914 850 δέῃ
953 780 1103 843 τινὸς
1149 778 1395 833 ἐνταῦθα
1443 781 1611 849 δίκης.
1689 780 1755 833 οὐ
1796 781 1906 850 γὰρ

125 883 301 928 RII97
343 870 628 923 ἀπολεῖταί
662 881 752 922 σοι
789 870 851 922 τὸ
893 869 1080 923 δοκεῖν
1120 863 1263 922 εἶναι
1308 869 1315 937 Ι
1356 866 1514 941 πρᾴῳ
1555 869 1647 921 διὰ
1686 870 1787 937 τὴν
1824 888 1902 921 τι-

149 1071 191 1103 10

150 1513 192 1545 15

153 1955 196 1987 20

213 962 447 1029 μωρίαν·
509 954 641 1011 οὐδὲ
691 958 796 1028 γὰρ
846 964 921 1030 τῷ
962 959 1066 1011 Διῒ
1106 958 1167 1010 τὸ
1220 959 1407 1011 δοκεῖν
1461 953 1603 1010 εἶναι
1656 958 1903 1029 μειλιχίῳ

216 1049 307 1102 διὰ
344 1049 438 1110 τὰς
477 1048 751 1116 τιμωρίας.
827 1055 973 1099 ποιεῖ
1017 1047 1122 1116 γὰρ
1170 1046 1466 1117 ἀμφότερα.
1542 1044 1634 1099 καὶ
1682 1049 1752 1099 σὺ
1791 1048 1904 1099 τοί-

219 1158 322 1190 νυν
360 1137 421 1189 τὸ
462 1136 563 1203 μὲν
604 1137 803 1198 ἱκανῶς
843 1134 1188 1204 ἐπιδέδειξαι,
1227 1136 1290 1188 τὸ
1324 1135 1384 1188 δὲ
1417 1133 1608 1207 ἐκείνω
1641 1136 1905 1205 πρόσθες,

217 1226 361 1288 ὅπως
400 1223 799 1294 ἀμφοτέρωθεν
836 1225 1102 1294 παιδεύῃς
1140 1224 1201 1277 τὸ
1241 1224 1506 1293 ὑπήκοον,
1546 1230 1621 1296 τῷ
1654 1220 1756 1291 μὲν
1789 1226 1906 1277 πεί-

215 1320 357 1382 θων,
395 1319 470 1386 τῷ
504 1309 564 1366 δὲ
604 1311 939 1381 ἀναγκάζων.
1017 1309 1150 1366 οὐδὲ
1196 1314 1301 1383 γὰρ
1353 1315 1787 1382 φιλανθρωπίαν
1823 1310 1906 1366 ἔτι

215 1409 379 1456 τοῦτο
431 1405 700 1454 καλοῦσιν
751 1402 803 1454 οἱ
854 1404 1164 1470 κακοήθεις.
1213 1399 1358 1455 ’ἀλλ’
1391 1400 1497 1469 ἐγὼ
1537 1401 1640 1468 μὲν
1687 1401 1789 1454 οὐκ
1834 1400 1905 1455 ἄν

217 1496 441 1560 εἴποιμι,
479 1499 594 1553 τοῖς
630 1489 677 1543 δ’
709 1490 875 1544 οὐδὲν
908 1491 1163 1561 ἄρρητον.
1228 1490 1311 1543 10.
1349 1489 1681 1559 μαθέτωσαν
1711 1492 1906 1544 τοίνυν

218 1579 275 1632 oc
323 1579 569 1632 κάκιστοι
623 1579 849 1632 πάντων
902 1578 1235 1649 ἀνθρώπων,
1296 1582 1369 1641 ὡς
1422 1578 1524 1647 οὐχ
1578 1578 1751 1646 ἡδέως
1803 1579 1906 1648 μὲν

218 1668 481 1735 κολάζεις,
542 1676 660 1730 ταῖς
715 1665 774 1721 δὲ
830 1667 1092 1735 ἀνάγκαις
1147 1673 1322 1731 εἴκεις.
1409 1669 1638 1720 παίδευε
1693 1664 1754 1720 δὲ
1809 1667 1906 1720 αὐ-

218 1757 347 1818 τοὺς
400 1758 531 1824 μήτε
576 1756 845 1819 θανάτοις
897 1759 1028 1826 μήτε
1080 1761 1335 1825 πληγαῖς,
1387 1754 1504 1809 ἀλλ’
1543 1755 1771 1826 ἀρκείτω
1820 1756 1907 1809 δε-

220 1845 374 1913 σμός,
433 1842 537 1897 κᾶν
591 1845 652 1897 τὸ
708 1846 990 1914 ἄμεμπτον
1042 1842 1183 1915 ὑπὲρ
1237 1852 1337 1898 τοῦ
1391 1846 1909 1914 πεπλημμεληκότος

222 1932 461 2002 ἱκετεύῃ,
503 1932 815 2002 τυγχανέτω
854 1942 950 2002 τῆς
988 1934 1394 2005 φιλανθρώπου
1434 1934 1633 2002 ταύτης
1672 1934 1909 2004 χάριτος,

221 2021 366 2083 ὅπως
417 2020 550 2073 ὅσον
597 2019 798 2091 ἑτέρων
850 2021 942 2075 καὶ
987 2023 1157 2093 ταύτῃ
1206 2021 1510 2091 διαφέρεις,
1562 2022 1908 2089 μανθάνωσι.

224 2108 306 2160 11.
360 2110 490 2171 τοὺς
536 2106 636 2176 μὲν
683 2106 788 2164 οὖν
833 2113 1074 2174 πολλοὺς
1119 2111 1352 2173 τούτους
1398 2109 1458 2164 ἐκ
1504 2119 1615 2164 τῶν
1653 2111 1910 2181 θεάτρων

222 2198 372 2250 ἔστιν
413 2195 558 2249 ἑλεῖν
596 2212 710 2266 σοι,
757 2201 888 2261 τοὺς
927 2197 976 2251 δ’
1008 2201 1056 2252 εἰ
1093 2200 1166 2268 μὴ
1205 2208 1315 2252 τῶν
1355 2197 1638 2268 ἀρχόντων
1685 2200 1910 2269 ἄρχοιεν

341 2331 366 2370 9
399 2326 578 2370 Thue.I
604 2332 701 2382 126,
719 2334 759 2372 4.
814 2330 890 2372 Ar.
916 2329 1037 2373 Nub.
1057 2333 1155 2373 408.
1212 2328 1387 2372 Paus.1
1412 2332 1482 2383 37,
1500 2334 1540 2372 4.
1595 2329 1637 2372 II
1662 2334 1757 2385 9‚6.
1792 2333 1862 2384 20,
1882 2334 1904 2371 1

343 2449 365 2487 1
401 2443 590 2489 ἐκείνων
615 2459 690 2489 0111
715 2446 782 2488 Re
811 2446 816 2503 Ι
845 2445 1132 2490 ἐπιτάττεται
1158 2446 1362 2501 „mallem
1387 2447 1564 2490 abesse“
1589 2446 1656 2490 Re
1771 2451 1796 2490 5
1823 2445 1908 2491 ἐὰν

225 2505 310 2547 Mo
341 2502 443 2547 Mor
563 2507 588 2547 6
620 2502 664 2546 τί
686 2505 768 2548 IV
882 2509 908 2548 8
942 2519 1014 2549 σοι
1047 2519 1122 2549 0111
1146 2505 1248 2549 Mor
1275 2505 1280 2563 Ι
1307 2504 1441 2563 πράῳ
1472 2504 1583 2547 libri
1606 2506 1674 2549 Re
1797 2509 1822 2548 9
1853 2504 1907 2549 τὸ

222 2563 256 2604 Ι
283 2562 404 2604 sed
389 2578 413 2605 ο
445 2562 493 2605 in
517 2575 592 2606 ras
623 2564 677 2606 ut
700 2562 882 2606 videtur
914 2577 969 2607 ex
996 2582 1031 2608 ω
1065 2578 1165 2608 corr
1188 2564 1259 2608 m³
1380 2568 1434 2607 10
1468 2563 1522 2607 σὺ
1546 2565 1581 2606 Ι
1607 2565 1689 2607 sed
1712 2581 1741 2608 v
1774 2577 1831 2608 ex
1863 2579 1908 2607 οι

224 2634 325 2664 con·
348 2620 418 2663 m³
540 2626 593 2664 12
625 2621 826 2680 παιδεύῃ
860 2622 962 2666 Mor
1084 2628 1137 2667 12
1163 2626 1210 2668 et
1236 2627 1290 2666 13
1322 2623 1373 2666 τὸ
1399 2623 1443 2666 V
1562 2628 1615 2666 15
1646 2630 1743 2674 τοῖς
1773 2619 1905 2667 δ’-

226 2683 280 2723 16
311 2678 500 2724 πάντων
532 2693 608 2723 om
632 2679 733 2723 Mor
863 2686 915 2724 16
949 2681 1206 2737 ἄνθρωπον
1237 2682 1340 2725 Mor
1371 2682 1453 2726 sed
1484 2699 1538 2739 γρ
1565 2681 1909 2737 φιλάνθρωπον

223 2737 271 2780 in
295 2751 428 2794 marg
550 2743 602 2781 17
637 2737 832 2783 παίδευε
865 2740 1028 2796 scripsi
1089 2739 1213 2786 ποίει
1245 2739 1354 2784 libri
1387 2741 1477 2783 edd
1540 2741 1772 2798 αὐτοὺς]
1777 2741 1909 2795 ‚deest

224 2801 306 2840 aut
339 2797 584 2853 σώφρονας
615 2803 695 2841 aut
728 2798 940 2849 ἐπιεικεῖς
971 2805 1054 2844 aut
1084 2802 1173 2845 tale
1195 2801 1335 2856 quid“
1367 2799 1436 2842 Re
1559 2803 1612 2842 18
1645 2796 1840 2854 ἀρκείτω
1865 2800 1913 2844 Ρ

225 2854 305 2897 sed
338 2871 408 2899 κει
438 2855 485 2898 in
510 2869 585 2899 ras
610 2855 679 2900 111²
862 2861 913 2900 19
947 2859 1027 2901 καὶ
1060 2861 1144 2904 Mo
1167 2858 1269 2902 Mor
1307 2859 1313 2915 Ι
1351 2856 1748 2928 πεπλημεληκότος
1778 2859 1857 2902 ΡΙ

285 2918 337 2956 21
373 2913 615 2969 διαφέρειν
647 2914 749 2958 Mor
781 2916 859 2958 sed
893 2933 947 2972 γρ
973 2916 1212 2973 διαφέρεις
1242 2917 1290 2960 in
1315 2930 1448 2973 marg
1571 2922 1624 2960 23
1658 2915 1709 2960 δὲ
1740 2916 1809 2959 Re
