<?xml version="1.0" encoding="UTF-8"?>
<!DOCTYPE html PUBLIC "-//W3C//DTD XHTML 1.0 Transitional//EN"
    "http://www.w3.org/TR/xhtml1/DTD/xhtml1-transitional.dtd">
<html xmlns="http://www.w3.org/1999/xhtml" xml:lang="en" lang="en">
 <head>
  <title>
</title>
<meta http-equiv="Content-Type" content="text/html;charset=utf-8" />
  <meta name='ocr-system' content='tesseract 3.04.00' />
  <meta name='ocr-capabilities' content='ocr_page ocr_carea ocr_par ocr_line ocrx_word'/>
</head>
<body>
  <div class='ocr_page' id='page_1' title='image "./operarecensuitri03libauoft_0430.png"; bbox 0 0 1992 3094; ppageno 0'>
   <div class='ocr_carea' id='block_1_1' title="bbox 181 93 1347 152">
    <p class='ocr_par' dir='ltr' id='par_1_1' title="bbox 181 93 1347 152">
     <span class='ocr_line' id='line_1_1' title="bbox 181 93 1347 152; baseline -0.013 0"><span class='ocrx_word' id='word_1_1' title='bbox 181 99 290 152; x_wconf 84' lang='lat'><strong><em>360</em></strong></span> <span class='ocrx_word' id='word_1_2' title='bbox 705 95 934 139; x_wconf 81' lang='lat' dir='ltr'>LIBANII</span> <span class='ocrx_word' id='word_1_3' title='bbox 966 93 1191 139; x_wconf 80' lang='lat' dir='ltr'><strong>ORATIO</strong></span> <span class='ocrx_word' id='word_1_4' title='bbox 1224 95 1347 139; x_wconf 84' lang='lat' dir='ltr'><strong><em>XLV</em></strong></span> 
     </span>
    </p>
   </div>
   <div class='ocr_carea' id='block_1_2' title="bbox 96 230 1950 2430">
    <p class='ocr_par' dir='ltr' id='par_1_2' title="bbox 96 230 1950 2430">
     <span class='ocr_line' id='line_1_2' title="bbox 182 230 1875 302; baseline -0.002 -15"><span class='ocrx_word' id='word_1_5' title='bbox 182 235 416 302; x_wconf 85' lang='grc' dir='ltr'><strong><em>εἰληφὼς</em></strong></span> <span class='ocrx_word' id='word_1_6' title='bbox 463 235 673 294; x_wconf 81' lang='grc' dir='ltr'><strong><em>δίκαιος</em></strong></span> <span class='ocrx_word' id='word_1_7' title='bbox 720 230 790 284; x_wconf 76' lang='grc' dir='ltr'><strong><em>ἂν</em></strong></span> <span class='ocrx_word' id='word_1_8' title='bbox 829 236 950 299; x_wconf 86' lang='grc' dir='ltr'><strong><em>εἰήν</em></strong></span> <span class='ocrx_word' id='word_1_9' title='bbox 988 238 1052 300; x_wconf 76' lang='grc' dir='ltr'><strong><em>τῇ</em></strong></span> <span class='ocrx_word' id='word_1_10' title='bbox 1101 238 1168 300; x_wconf 72' lang='grc' dir='ltr'><strong><em>σῇ</em></strong></span> <span class='ocrx_word' id='word_1_11' title='bbox 1217 233 1384 301; x_wconf 81' lang='grc' dir='ltr'><strong><em>ψήφῳ</em></strong></span> <span class='ocrx_word' id='word_1_12' title='bbox 1424 235 1769 299; x_wconf 85' lang='grc' dir='ltr'><strong><em>θεραπεῦσαι</em></strong></span> <span class='ocrx_word' id='word_1_13' title='bbox 1811 233 1875 284; x_wconf 84' lang='grc' dir='ltr'><strong><em>τὸ</em></strong></span> 
     </span>
     <span class='ocr_line' id='line_1_3' title="bbox 183 323 645 390; baseline -0.004 -15"><span class='ocrx_word' id='word_1_14' title='bbox 183 323 645 390; x_wconf 79' lang='grc' dir='ltr'><strong><em>ἁμαρτανόμενον.</em></strong></span> 
     </span>
     <span class='ocr_line' id='line_1_4' title="bbox 295 404 1880 476; baseline -0.001 -14"><span class='ocrx_word' id='word_1_15' title='bbox 295 411 342 462; x_wconf 78' lang='grc'><strong><em>2.</em></strong></span> <span class='ocrx_word' id='word_1_16' title='bbox 401 405 586 462; x_wconf 82' lang='grc' dir='ltr'><em>Οἶσθα</em></span> <span class='ocrx_word' id='word_1_17' title='bbox 627 406 730 476; x_wconf 78' lang='grc' dir='ltr'><strong><em>μὲν</em></strong></span> <span class='ocrx_word' id='word_1_18' title='bbox 770 404 896 474; x_wconf 77' lang='grc' dir='ltr'><strong><em>οὖν,</em></strong></span> <span class='ocrx_word' id='word_1_19' title='bbox 945 405 986 461; x_wconf 83' lang='grc' dir='ltr'><em>ὦ</em></span> <span class='ocrx_word' id='word_1_20' title='bbox 1036 411 1291 475; x_wconf 79' lang='grc' dir='ltr'><strong><em>βασιλεῦ,</em></strong></span> <span class='ocrx_word' id='word_1_21' title='bbox 1338 408 1501 460; x_wconf 89' lang='grc' dir='ltr'><strong><em>τοῦτό</em></strong></span> <span class='ocrx_word' id='word_1_22' title='bbox 1548 426 1609 474; x_wconf 86' lang='grc' dir='ltr'><strong><em>γε</em></strong></span> <span class='ocrx_word' id='word_1_23' title='bbox 1658 408 1880 460; x_wconf 84' lang='grc' dir='ltr'><strong><em>δίκαιον</em></strong></span> 
     </span>
     <span class='ocr_line' id='line_1_5' title="bbox 185 492 1877 565; baseline -0.002 -14"><span class='ocrx_word' id='word_1_24' title='bbox 185 500 251 551; x_wconf 84' lang='grc' dir='ltr'><strong><em>ὃν</em></strong></span> <span class='ocrx_word' id='word_1_25' title='bbox 289 500 350 551; x_wconf 89' lang='grc' dir='ltr'><strong><em>τὸ</em></strong></span> <span class='ocrx_word' id='word_1_26' title='bbox 391 501 519 560; x_wconf 86' lang='grc' dir='ltr'><strong><em>τοὺς</em></strong></span> <span class='ocrx_word' id='word_1_27' title='bbox 554 494 656 565; x_wconf 73' lang='grc' dir='ltr'><strong><em>μὲν</em></strong></span> <span class='ocrx_word' id='word_1_28' title='bbox 697 495 883 560; x_wconf 83' lang='grc' dir='ltr'><strong><em>ἀξίους</em></strong></span> <span class='ocrx_word' id='word_1_29' title='bbox 914 497 1165 550; x_wconf 81' lang='grc' dir='ltr'><strong><em>θανάτου</em></strong></span> <span class='ocrx_word' id='word_1_30' title='bbox 1207 498 1493 564; x_wconf 80' lang='grc' dir='ltr'><strong><em>θνήσκειν,</em></strong></span> <span class='ocrx_word' id='word_1_31' title='bbox 1533 498 1663 558; x_wconf 86' lang='grc' dir='ltr'><strong><em>τοὺς</em></strong></span> <span class='ocrx_word' id='word_1_32' title='bbox 1704 492 1763 548; x_wconf 76' lang='grc' dir='ltr'><strong><em>δὲ</em></strong></span> <span class='ocrx_word' id='word_1_33' title='bbox 1803 497 1877 564; x_wconf 87' lang='grc' dir='ltr'><strong><em>μὴ</em></strong></span> 
     </span>
     <span class='ocr_line' id='line_1_6' title="bbox 140 583 1878 656; baseline -0.001 -17"><span class='ocrx_word' id='word_1_34' title='bbox 140 609 158 640; x_wconf 90' lang='lat'><strong>5</strong></span> <span class='ocrx_word' id='word_1_35' title='bbox 187 591 280 656; x_wconf 82' lang='grc' dir='ltr'><strong><em>ζῆν</em></strong></span> <span class='ocrx_word' id='word_1_36' title='bbox 318 606 374 639; x_wconf 88' lang='grc' dir='ltr'><strong><em>τε</em></strong></span> <span class='ocrx_word' id='word_1_37' title='bbox 413 585 504 639; x_wconf 83' lang='grc' dir='ltr'><strong><em>καὶ</em></strong></span> <span class='ocrx_word' id='word_1_38' title='bbox 551 595 847 656; x_wconf 80' lang='grc' dir='ltr'><strong><em>περιεῖναι,</em></strong></span> <span class='ocrx_word' id='word_1_39' title='bbox 894 588 1072 638; x_wconf 86' lang='grc' dir='ltr'><strong><em>καίτοι</em></strong></span> <span class='ocrx_word' id='word_1_40' title='bbox 1112 604 1173 652; x_wconf 90' lang='grc' dir='ltr'><strong><em>γε</em></strong></span> <span class='ocrx_word' id='word_1_41' title='bbox 1222 583 1294 637; x_wconf 79' lang='grc' dir='ltr'><strong><em>δι’</em></strong></span> <span class='ocrx_word' id='word_1_42' title='bbox 1325 584 1641 654; x_wconf 85' lang='grc' dir='ltr'><strong><em>ὑπερβολὴν</em></strong></span> <span class='ocrx_word' id='word_1_43' title='bbox 1681 588 1878 653; x_wconf 91' lang='grc' dir='ltr'><strong><em>φιλαν-</em></strong></span> 
     </span>
     <span class='ocr_line' id='line_1_7' title="bbox 184 671 1879 744; baseline -0.002 -16"><span class='ocrx_word' id='word_1_44' title='bbox 184 677 436 744; x_wconf 84' lang='grc' dir='ltr'><strong><em>θρωπίας</em></strong></span> <span class='ocrx_word' id='word_1_45' title='bbox 475 677 578 744; x_wconf 79' lang='grc' dir='ltr'><strong><em>ἤδη</em></strong></span> <span class='ocrx_word' id='word_1_46' title='bbox 619 673 729 727; x_wconf 83' lang='grc' dir='ltr'><strong><em>τινὶ</em></strong></span> <span class='ocrx_word' id='word_1_47' title='bbox 769 673 860 727; x_wconf 85' lang='grc' dir='ltr'><strong><em>καὶ</em></strong></span> <span class='ocrx_word' id='word_1_48' title='bbox 907 674 1121 727; x_wconf 85' lang='grc' dir='ltr'><strong><em>τούτων</em></strong></span> <span class='ocrx_word' id='word_1_49' title='bbox 1170 677 1264 741; x_wconf 83' lang='grc' dir='ltr'><strong><em>ζῆν</em></strong></span> <span class='ocrx_word' id='word_1_50' title='bbox 1311 671 1542 740; x_wconf 79' lang='grc' dir='ltr'><strong><em>ἔδωκας,</em></strong></span> <span class='ocrx_word' id='word_1_51' title='bbox 1591 671 1705 726; x_wconf 83' lang='grc' dir='ltr'><strong><em>ἀλλ’</em></strong></span> <span class='ocrx_word' id='word_1_52' title='bbox 1741 675 1879 726; x_wconf 83' lang='grc' dir='ltr'>ἔστω</span> 
     </span>
     <span class='ocr_line' id='line_1_8' title="bbox 185 760 1883 834; baseline -0.001 -18"><span class='ocrx_word' id='word_1_53' title='bbox 185 765 350 834; x_wconf 84' lang='grc' dir='ltr'><strong><em>κύρια</em></strong></span> <span class='ocrx_word' id='word_1_54' title='bbox 393 765 458 816; x_wconf 74' lang='grc' dir='ltr'><strong><em>τὰ</em></strong></span> <span class='ocrx_word' id='word_1_55' title='bbox 496 765 644 834; x_wconf 84' lang='grc' dir='ltr'><strong><em>παρὰ</em></strong></span> <span class='ocrx_word' id='word_1_56' title='bbox 683 773 795 816; x_wconf 84' lang='grc' dir='ltr'><strong><em>τῶν</em></strong></span> <span class='ocrx_word' id='word_1_57' title='bbox 833 767 1087 816; x_wconf 85' lang='grc' dir='ltr'><strong><em>παλαιῶν</em></strong></span> <span class='ocrx_word' id='word_1_58' title='bbox 1126 764 1325 830; x_wconf 86' lang='grc' dir='ltr'><strong><em>νόμων.</em></strong></span> <span class='ocrx_word' id='word_1_59' title='bbox 1402 770 1572 815; x_wconf 91' lang='grc' dir='ltr'><strong><em>ταῦτα</em></strong></span> <span class='ocrx_word' id='word_1_60' title='bbox 1619 761 1683 814; x_wconf 79' lang='grc' dir='ltr'><strong><em>δέ</em></strong></span> <span class='ocrx_word' id='word_1_61' title='bbox 1729 760 1883 815; x_wconf 83' lang='grc' dir='ltr'><strong><em>ἐστιν</em></strong></span> 
     </span>
     <span class='ocr_line' id='line_1_9' title="bbox 187 845 1883 924; baseline -0.001 -19"><span class='ocrx_word' id='word_1_62' title='bbox 187 852 565 921; x_wconf 83' lang='grc' dir='ltr'><strong><em>ἀποθνήσκειν</em></strong></span> <span class='ocrx_word' id='word_1_63' title='bbox 604 850 707 921; x_wconf 76' lang='grc' dir='ltr'><strong><em>μὲν</em></strong></span> <span class='ocrx_word' id='word_1_64' title='bbox 747 845 788 924; x_wconf 76' lang='grc' dir='ltr'><em>ᾧ</em></span> <span class='ocrx_word' id='word_1_65' title='bbox 821 871 873 905; x_wconf 93' lang='grc' dir='ltr'><strong><em>τι</em></strong></span> <span class='ocrx_word' id='word_1_66' title='bbox 917 853 1134 905; x_wconf 86' lang='grc' dir='ltr'><strong><em>τοιοῦτο</em></strong></span> <span class='ocrx_word' id='word_1_67' title='bbox 1175 853 1520 921; x_wconf 77' lang='grc' dir='ltr'><strong><em>τετόλμηται,</em></strong></span> <span class='ocrx_word' id='word_1_68' title='bbox 1570 854 1665 919; x_wconf 82' lang='grc' dir='ltr'><strong><em>ζῆν</em></strong></span> <span class='ocrx_word' id='word_1_69' title='bbox 1713 851 1774 903; x_wconf 80' lang='grc' dir='ltr'><strong><em>δὲ</em></strong></span> <span class='ocrx_word' id='word_1_70' title='bbox 1822 850 1883 913; x_wconf 88' lang='grc' dir='ltr'><strong><em>ὃς</em></strong></span> 
     </span>
     <span class='ocr_line' id='line_1_10' title="bbox 142 937 1880 1009; baseline -0.002 -14"><span class='ocrx_word' id='word_1_71' title='bbox 142 964 161 995; x_wconf 83' lang='lat'>9</span> <span class='ocrx_word' id='word_1_72' title='bbox 188 941 354 994; x_wconf 78' lang='grc' dir='ltr'><strong><em>οὐδὲν</em></strong></span> <span class='ocrx_word' id='word_1_73' title='bbox 385 944 713 1008; x_wconf 87' lang='grc' dir='ltr'><strong><em>τηλικοῦτον</em></strong></span> <span class='ocrx_word' id='word_1_74' title='bbox 748 941 988 1009; x_wconf 82' lang='grc' dir='ltr'><strong><em>ἠδίκηκε.</em></strong></span> <span class='ocrx_word' id='word_1_75' title='bbox 1058 941 1119 993; x_wconf 93' lang='grc' dir='ltr'><strong><em>τὸ</em></strong></span> <span class='ocrx_word' id='word_1_76' title='bbox 1161 937 1222 993; x_wconf 76' lang='grc' dir='ltr'><strong><em>δὲ</em></strong></span> <span class='ocrx_word' id='word_1_77' title='bbox 1261 939 1648 1009; x_wconf 88' lang='grc' dir='ltr'><strong><em>τετολμηκέναι</em></strong></span> <span class='ocrx_word' id='word_1_78' title='bbox 1688 940 1778 992; x_wconf 84' lang='grc' dir='ltr'><strong><em>καὶ</em></strong></span> <span class='ocrx_word' id='word_1_79' title='bbox 1817 939 1880 992; x_wconf 91' lang='grc' dir='ltr'><strong><em>τὸ</em></strong></span> 
     </span>
     <span class='ocr_line' id='line_1_11' title="bbox 96 1027 1882 1100; baseline -0.002 -15"><span class='ocrx_word' id='word_1_80' title='bbox 96 1042 302 1086; x_wconf 86' lang='lat' dir='ltr'>RH440</span> <span class='ocrx_word' id='word_1_81' title='bbox 336 1029 653 1098; x_wconf 79' lang='grc' dir='ltr'><strong><em>ἠδικηκέναι</em></strong></span> <span class='ocrx_word' id='word_1_82' title='bbox 693 1031 750 1082; x_wconf 92' lang='grc' dir='ltr'><strong><em>τί</em></strong></span> <span class='ocrx_word' id='word_1_83' title='bbox 784 1028 920 1082; x_wconf 88' lang='grc' dir='ltr'><strong><em>ποτέ</em></strong></span> <span class='ocrx_word' id='word_1_84' title='bbox 956 1028 1094 1093; x_wconf 85' lang='grc' dir='ltr'><strong><em>ἐστι;</em></strong></span> <span class='ocrx_word' id='word_1_85' title='bbox 1134 1030 1194 1082; x_wconf 88' lang='grc' dir='ltr'><strong><em>τὸ</em></strong></span> <span class='ocrx_word' id='word_1_86' title='bbox 1236 1027 1636 1098; x_wconf 80' lang='grc' dir='ltr'><strong><em>ἐξεληλέγχθαι.</em></strong></span> <span class='ocrx_word' id='word_1_87' title='bbox 1673 1027 1679 1100; x_wconf 84' lang='grc' dir='ltr'>Ι</span> <span class='ocrx_word' id='word_1_88' title='bbox 1716 1029 1788 1091; x_wconf 83' lang='grc' dir='ltr'><strong><em>ὡς</em></strong></span> <span class='ocrx_word' id='word_1_89' title='bbox 1818 1029 1882 1081; x_wconf 86' lang='grc' dir='ltr'><strong><em>τό</em></strong></span> 
     </span>
     <span class='ocr_line' id='line_1_12' title="bbox 187 1116 1882 1188; baseline -0.001 -17"><span class='ocrx_word' id='word_1_90' title='bbox 187 1139 246 1186; x_wconf 92' lang='grc' dir='ltr'><strong><em>γε</em></strong></span> <span class='ocrx_word' id='word_1_91' title='bbox 284 1119 390 1188; x_wconf 91' lang='grc' dir='ltr'><strong><em>πρὸ</em></strong></span> <span class='ocrx_word' id='word_1_92' title='bbox 435 1117 676 1188; x_wconf 79' lang='grc' dir='ltr'><strong><em>ἐλέγχων</em></strong></span> <span class='ocrx_word' id='word_1_93' title='bbox 716 1118 1025 1172; x_wconf 82' lang='grc' dir='ltr'><strong><em>ἀποθανεῖν</em></strong></span> <span class='ocrx_word' id='word_1_94' title='bbox 1065 1118 1231 1171; x_wconf 82' lang='grc' dir='ltr'><strong><em>οὐδὲν</em></strong></span> <span class='ocrx_word' id='word_1_95' title='bbox 1270 1117 1460 1187; x_wconf 82' lang='grc' dir='ltr'><strong><em>ἕτερόν</em></strong></span> <span class='ocrx_word' id='word_1_96' title='bbox 1499 1116 1651 1171; x_wconf 82' lang='grc' dir='ltr'><strong><em>ἐστιν</em></strong></span> <span class='ocrx_word' id='word_1_97' title='bbox 1690 1116 1722 1186; x_wconf 77' lang='grc' dir='ltr'>ἢ</span> <span class='ocrx_word' id='word_1_98' title='bbox 1762 1117 1882 1186; x_wconf 84' lang='grc' dir='ltr'><strong><em>ἠδι-</em></strong></span> 
     </span>
     <span class='ocr_line' id='line_1_13' title="bbox 187 1203 1884 1279; baseline -0.001 -19"><span class='ocrx_word' id='word_1_99' title='bbox 187 1213 408 1275; x_wconf 83' lang='grc' dir='ltr'><strong><em>κῆσθαι.</em></strong></span> <span class='ocrx_word' id='word_1_100' title='bbox 484 1208 576 1260; x_wconf 83' lang='grc' dir='ltr'><strong><em>καὶ</em></strong></span> <span class='ocrx_word' id='word_1_101' title='bbox 616 1209 720 1277; x_wconf 81' lang='grc' dir='ltr'><strong><em>γὰρ</em></strong></span> <span class='ocrx_word' id='word_1_102' title='bbox 755 1212 810 1260; x_wconf 75' lang='grc' dir='ltr'><strong><em>εἴ</em></strong></span> <span class='ocrx_word' id='word_1_103' title='bbox 841 1227 916 1279; x_wconf 79' lang='grc' dir='ltr'><strong><em>τῳ</em></strong></span> <span class='ocrx_word' id='word_1_104' title='bbox 954 1206 1259 1277; x_wconf 88' lang='grc' dir='ltr'><strong><em>πέπρακται</em></strong></span> <span class='ocrx_word' id='word_1_105' title='bbox 1292 1203 1394 1276; x_wconf 76' lang='grc' dir='ltr'><strong><em>μὲν</em></strong></span> <span class='ocrx_word' id='word_1_106' title='bbox 1426 1205 1581 1270; x_wconf 81' lang='grc' dir='ltr'><strong><em>ἄξιον</em></strong></span> <span class='ocrx_word' id='word_1_107' title='bbox 1611 1206 1884 1273; x_wconf 76' lang='grc' dir='ltr'><strong><em>θανάτου,</em></strong></span> 
     </span>
     <span class='ocr_line' id='line_1_14' title="bbox 188 1295 1886 1364; baseline 0 -16"><span class='ocrx_word' id='word_1_108' title='bbox 188 1295 340 1349; x_wconf 88' lang='grc' dir='ltr'><strong><em>τουτὶ</em></strong></span> <span class='ocrx_word' id='word_1_109' title='bbox 390 1295 450 1349; x_wconf 78' lang='grc' dir='ltr'><strong><em>δὲ</em></strong></span> <span class='ocrx_word' id='word_1_110' title='bbox 498 1295 933 1364; x_wconf 79' lang='grc' dir='ltr'><strong><em>συγκέκρυπται,</em></strong></span> <span class='ocrx_word' id='word_1_111' title='bbox 981 1303 1183 1349; x_wconf 87' lang='grc' dir='ltr'><strong><em>τοῦτον</em></strong></span> <span class='ocrx_word' id='word_1_112' title='bbox 1231 1295 1259 1349; x_wconf 89' lang='grc' dir='ltr'>ὁ</span> <span class='ocrx_word' id='word_1_113' title='bbox 1304 1298 1518 1358; x_wconf 90' lang='grc' dir='ltr'><strong><em>κτείνας</em></strong></span> <span class='ocrx_word' id='word_1_114' title='bbox 1559 1295 1737 1349; x_wconf 81' lang='grc' dir='ltr'><strong><em>ἀδικεῖ</em></strong></span> <span class='ocrx_word' id='word_1_115' title='bbox 1782 1295 1886 1363; x_wconf 88' lang='grc' dir='ltr'><strong><em>τὴν</em></strong></span> 
     </span>
     <span class='ocr_line' id='line_1_15' title="bbox 191 1384 1884 1454; baseline -0.001 -17"><span class='ocrx_word' id='word_1_116' title='bbox 191 1386 457 1454; x_wconf 75' lang='grc' dir='ltr'><strong><em>τιμωρίαν</em></strong></span> <span class='ocrx_word' id='word_1_117' title='bbox 495 1386 602 1454; x_wconf 89' lang='grc' dir='ltr'><strong><em>πρὸ</em></strong></span> <span class='ocrx_word' id='word_1_118' title='bbox 636 1393 730 1452; x_wconf 78' lang='grc' dir='ltr'><strong><em>τῆς</em></strong></span> <span class='ocrx_word' id='word_1_119' title='bbox 761 1387 995 1447; x_wconf 83' lang='grc' dir='ltr'><strong><em>πίστεως</em></strong></span> <span class='ocrx_word' id='word_1_120' title='bbox 1028 1385 1227 1453; x_wconf 77' lang='grc' dir='ltr'><strong><em>λαβών.</em></strong></span> <span class='ocrx_word' id='word_1_121' title='bbox 1306 1384 1353 1437; x_wconf 84' lang='lat'><strong><em>3.</em></strong></span> <span class='ocrx_word' id='word_1_122' title='bbox 1403 1389 1526 1437; x_wconf 77' lang='grc' dir='ltr'><strong><em>ἴσθι</em></strong></span> <span class='ocrx_word' id='word_1_123' title='bbox 1557 1387 1755 1437; x_wconf 84' lang='grc' dir='ltr'><strong><em>τοίνυν</em></strong></span> <span class='ocrx_word' id='word_1_124' title='bbox 1794 1397 1884 1436; x_wconf 92' lang='grc' dir='ltr'><strong><em>σοι</em></strong></span> 
     </span>
     <span class='ocr_line' id='line_1_16' title="bbox 126 1471 1886 1542; baseline 0 -17"><span class='ocrx_word' id='word_1_125' title='bbox 126 1493 165 1526; x_wconf 90' lang='lat'><strong><em>15</em></strong></span> <span class='ocrx_word' id='word_1_126' title='bbox 192 1472 396 1542; x_wconf 82' lang='grc' dir='ltr'><strong><em>φονέας</em></strong></span> <span class='ocrx_word' id='word_1_127' title='bbox 427 1475 590 1536; x_wconf 84' lang='grc' dir='ltr'><strong><em>ὄντας</em></strong></span> <span class='ocrx_word' id='word_1_128' title='bbox 621 1476 751 1536; x_wconf 86' lang='grc' dir='ltr'><strong><em>τοὺς</em></strong></span> <span class='ocrx_word' id='word_1_129' title='bbox 783 1471 871 1526; x_wconf 81' lang='grc' dir='ltr'><strong><em>ἐπὶ</em></strong></span> <span class='ocrx_word' id='word_1_130' title='bbox 910 1475 976 1526; x_wconf 80' lang='grc' dir='ltr'><strong><em>τὰ</em></strong></span> <span class='ocrx_word' id='word_1_131' title='bbox 1008 1476 1148 1542; x_wconf 83' lang='grc' dir='ltr'><strong><em>ἔθνη</em></strong></span> <span class='ocrx_word' id='word_1_132' title='bbox 1181 1472 1564 1542; x_wconf 82' lang='grc' dir='ltr'><strong><em>πεμπομένους</em></strong></span> <span class='ocrx_word' id='word_1_133' title='bbox 1595 1475 1886 1542; x_wconf 77' lang='grc' dir='ltr'><strong><em>ἄρχοντας,</em></strong></span> 
     </span>
     <span class='ocr_line' id='line_1_17' title="bbox 191 1558 1887 1633; baseline -0.001 -18"><span class='ocrx_word' id='word_1_134' title='bbox 191 1558 231 1614; x_wconf 80' lang='grc' dir='ltr'>ὦ</span> <span class='ocrx_word' id='word_1_135' title='bbox 281 1564 526 1629; x_wconf 85' lang='grc' dir='ltr'><strong><em>βασιλεῦ.</em></strong></span> <span class='ocrx_word' id='word_1_136' title='bbox 603 1565 728 1615; x_wconf 85' lang='grc' dir='ltr'><strong><em>τίνα</em></strong></span> <span class='ocrx_word' id='word_1_137' title='bbox 773 1565 1003 1633; x_wconf 85' lang='grc' dir='ltr'><strong><em>τρόπον;</em></strong></span> <span class='ocrx_word' id='word_1_138' title='bbox 1059 1563 1257 1615; x_wconf 84' lang='grc' dir='ltr'><strong><em>πολλαὶ</em></strong></span> <span class='ocrx_word' id='word_1_139' title='bbox 1306 1558 1409 1631; x_wconf 75' lang='grc' dir='ltr'><strong><em>μὲν</em></strong></span> <span class='ocrx_word' id='word_1_140' title='bbox 1464 1562 1625 1632; x_wconf 78' lang='grc' dir='ltr'><strong><em>ὀργαὶ</em></strong></span> <span class='ocrx_word' id='word_1_141' title='bbox 1679 1561 1887 1623; x_wconf 81' lang='grc' dir='ltr'><strong><em>πολλὰς</em></strong></span> 
     </span>
     <span class='ocr_line' id='line_1_18' title="bbox 190 1649 1888 1721; baseline -0.001 -18"><span class='ocrx_word' id='word_1_142' title='bbox 190 1658 413 1703; x_wconf 89' lang='grc' dir='ltr'><strong><em>ποιοῦσι</em></strong></span> <span class='ocrx_word' id='word_1_143' title='bbox 458 1649 712 1720; x_wconf 77' lang='grc' dir='ltr'><strong><em>μέμψεις,</em></strong></span> <span class='ocrx_word' id='word_1_144' title='bbox 763 1649 868 1704; x_wconf 78' lang='grc' dir='ltr'><strong><em>κᾶν</em></strong></span> <span class='ocrx_word' id='word_1_145' title='bbox 913 1657 1159 1721; x_wconf 78' lang='grc' dir='ltr'><strong><em>θυμωθῇ</em></strong></span> <span class='ocrx_word' id='word_1_146' title='bbox 1207 1671 1311 1719; x_wconf 83' lang='grc' dir='ltr'><strong><em>τις,</em></strong></span> <span class='ocrx_word' id='word_1_147' title='bbox 1359 1651 1533 1714; x_wconf 87' lang='grc' dir='ltr'><strong><em>εὐθὺς</em></strong></span> <span class='ocrx_word' id='word_1_148' title='bbox 1585 1651 1733 1720; x_wconf 80' lang='grc' dir='ltr'><strong><em>παρὰ</em></strong></span> <span class='ocrx_word' id='word_1_149' title='bbox 1786 1650 1888 1702; x_wconf 92' lang='grc' dir='ltr'><strong><em>τὸν</em></strong></span> 
     </span>
     <span class='ocr_line' id='line_1_19' title="bbox 193 1737 1887 1810; baseline -0.001 -19"><span class='ocrx_word' id='word_1_150' title='bbox 193 1740 430 1809; x_wconf 74' lang='grc' dir='ltr'><strong><em>ἄρχοντα</em></strong></span> <span class='ocrx_word' id='word_1_151' title='bbox 483 1739 660 1808; x_wconf 80' lang='grc' dir='ltr'><strong><em>τρέχει</em></strong></span> <span class='ocrx_word' id='word_1_152' title='bbox 707 1741 800 1792; x_wconf 86' lang='grc' dir='ltr'><strong><em>καί</em></strong></span> <span class='ocrx_word' id='word_1_153' title='bbox 854 1753 1027 1810; x_wconf 88' lang='grc' dir='ltr'><strong><em>φησιν</em></strong></span> <span class='ocrx_word' id='word_1_154' title='bbox 1072 1739 1344 1810; x_wconf 85' lang='grc' dir='ltr'><strong><em>ὑβρίσθαι</em></strong></span> <span class='ocrx_word' id='word_1_155' title='bbox 1397 1738 1488 1792; x_wconf 87' lang='grc' dir='ltr'><strong><em>καὶ</em></strong></span> <span class='ocrx_word' id='word_1_156' title='bbox 1543 1737 1887 1792; x_wconf 84' lang='grc' dir='ltr'><strong><em>πεπονθέναι</em></strong></span> 
     </span>
     <span class='ocr_line' id='line_1_20' title="bbox 191 1826 1887 1898; baseline 0.001 -19"><span class='ocrx_word' id='word_1_157' title='bbox 191 1837 393 1895; x_wconf 84' lang='grc' dir='ltr'><strong><em>κακῶς,</em></strong></span> <span class='ocrx_word' id='word_1_158' title='bbox 449 1827 477 1881; x_wconf 90' lang='grc' dir='ltr'>ὁ</span> <span class='ocrx_word' id='word_1_159' title='bbox 526 1828 587 1881; x_wconf 82' lang='grc' dir='ltr'><strong><em>δὲ</em></strong></span> <span class='ocrx_word' id='word_1_160' title='bbox 635 1827 833 1882; x_wconf 81' lang='grc' dir='ltr'><strong><em>ἑαυτὸν</em></strong></span> <span class='ocrx_word' id='word_1_161' title='bbox 879 1828 981 1897; x_wconf 79' lang='grc' dir='ltr'><strong><em>μὲν</em></strong></span> <span class='ocrx_word' id='word_1_162' title='bbox 1028 1829 1119 1896; x_wconf 80' lang='grc' dir='ltr'><strong><em>οὔ,</em></strong></span> <span class='ocrx_word' id='word_1_163' title='bbox 1171 1830 1273 1898; x_wconf 88' lang='grc' dir='ltr'><strong><em>τὴν</em></strong></span> <span class='ocrx_word' id='word_1_164' title='bbox 1320 1837 1559 1896; x_wconf 89' lang='grc' dir='ltr'><strong><em>γυναῖκα</em></strong></span> <span class='ocrx_word' id='word_1_165' title='bbox 1607 1826 1690 1895; x_wconf 76' lang='grc' dir='ltr'><strong><em>δέ,</em></strong></span> <span class='ocrx_word' id='word_1_166' title='bbox 1747 1827 1775 1881; x_wconf 87' lang='grc' dir='ltr'>ὁ</span> <span class='ocrx_word' id='word_1_167' title='bbox 1825 1827 1887 1880; x_wconf 82' lang='grc' dir='ltr'><strong><em>δὲ</em></strong></span> 
     </span>
     <span class='ocr_line' id='line_1_21' title="bbox 128 1913 1887 1986; baseline 0 -18"><span class='ocrx_word' id='word_1_168' title='bbox 128 1937 169 1968; x_wconf 72' lang='lat'><strong><em>20</em></strong></span> <span class='ocrx_word' id='word_1_169' title='bbox 193 1916 404 1968; x_wconf 85' lang='grc' dir='ltr'><strong><em>τούτων</em></strong></span> <span class='ocrx_word' id='word_1_170' title='bbox 449 1913 550 1985; x_wconf 77' lang='grc' dir='ltr'><strong><em>μὲν</em></strong></span> <span class='ocrx_word' id='word_1_171' title='bbox 598 1916 917 1986; x_wconf 80' lang='grc' dir='ltr'><strong><em>οὐδέτερον,</em></strong></span> <span class='ocrx_word' id='word_1_172' title='bbox 973 1919 1102 1980; x_wconf 86' lang='grc' dir='ltr'><strong><em>τοὺς</em></strong></span> <span class='ocrx_word' id='word_1_173' title='bbox 1148 1918 1348 1980; x_wconf 77' lang='grc' dir='ltr'><strong><em>παῖδας</em></strong></span> <span class='ocrx_word' id='word_1_174' title='bbox 1395 1916 1481 1985; x_wconf 83' lang='grc' dir='ltr'><strong><em>δέ,</em></strong></span> <span class='ocrx_word' id='word_1_175' title='bbox 1535 1917 1624 1969; x_wconf 81' lang='grc' dir='ltr'><strong><em>καὶ</em></strong></span> <span class='ocrx_word' id='word_1_176' title='bbox 1674 1916 1887 1984; x_wconf 82' lang='grc' dir='ltr'><strong><em>ῥήματα</em></strong></span> 
     </span>
     <span class='ocr_line' id='line_1_22' title="bbox 193 2003 1888 2076; baseline 0.001 -20"><span class='ocrx_word' id='word_1_177' title='bbox 193 2005 494 2057; x_wconf 81' lang='grc' dir='ltr'><strong><em>πλάττουσι</em></strong></span> <span class='ocrx_word' id='word_1_178' title='bbox 534 2004 622 2057; x_wconf 85' lang='grc' dir='ltr'><strong><em>καὶ</em></strong></span> <span class='ocrx_word' id='word_1_179' title='bbox 663 2007 875 2074; x_wconf 80' lang='grc' dir='ltr'><strong><em>πληγὰς</em></strong></span> <span class='ocrx_word' id='word_1_180' title='bbox 906 2004 998 2059; x_wconf 85' lang='grc' dir='ltr'><strong><em>καὶ</em></strong></span> <span class='ocrx_word' id='word_1_181' title='bbox 1038 2005 1471 2076; x_wconf 83' lang='grc' dir='ltr'><strong><em>καταρρήξαντές</em></strong></span> <span class='ocrx_word' id='word_1_182' title='bbox 1501 2025 1554 2058; x_wconf 91' lang='grc' dir='ltr'><strong><em>τι</em></strong></span> <span class='ocrx_word' id='word_1_183' title='bbox 1594 2013 1689 2073; x_wconf 79' lang='grc' dir='ltr'><strong><em>τῆς</em></strong></span> <span class='ocrx_word' id='word_1_184' title='bbox 1720 2003 1888 2073; x_wconf 83' lang='grc' dir='ltr'><strong><em>ἐσθῆ-</em></strong></span> 
     </span>
     <span class='ocr_line' id='line_1_23' title="bbox 194 2085 1950 2165; baseline 0.001 -21"><span class='ocrx_word' id='word_1_185' title='bbox 194 2113 284 2155; x_wconf 87' lang='grc' dir='ltr'><strong><em>τος</em></strong></span> <span class='ocrx_word' id='word_1_186' title='bbox 330 2091 520 2165; x_wconf 79' lang='grc' dir='ltr'><strong><em>ἐκείνῳ</em></strong></span> <span class='ocrx_word' id='word_1_187' title='bbox 568 2095 658 2146; x_wconf 86' lang='grc' dir='ltr'><strong><em>καὶ</em></strong></span> <span class='ocrx_word' id='word_1_188' title='bbox 707 2102 870 2148; x_wconf 88' lang='grc' dir='ltr'><strong><em>τοῦτο</em></strong></span> <span class='ocrx_word' id='word_1_189' title='bbox 917 2095 1281 2163; x_wconf 87' lang='grc' dir='ltr'><strong><em>προσέθεσαν.</em></strong></span> <span class='ocrx_word' id='word_1_190' title='bbox 1359 2094 1387 2147; x_wconf 86' lang='grc' dir='ltr'>ὁ</span> <span class='ocrx_word' id='word_1_191' title='bbox 1436 2091 1497 2146; x_wconf 79' lang='grc' dir='ltr'><strong><em>δὲ</em></strong></span> <span class='ocrx_word' id='word_1_192' title='bbox 1545 2093 1889 2163; x_wconf 82' lang='grc' dir='ltr'><strong><em>ἀρνούμενός</em></strong></span> <span class='ocrx_word' id='word_1_193' title='bbox 1947 2085 1950 2087; x_wconf 14' lang='grc' dir='ltr'><strong>Α</strong></span> 
     </span>
     <span class='ocr_line' id='line_1_24' title="bbox 195 2181 1890 2252; baseline 0.001 -19"><span class='ocrx_word' id='word_1_194' title='bbox 195 2201 250 2233; x_wconf 93' lang='grc' dir='ltr'><strong><em>τε</em></strong></span> <span class='ocrx_word' id='word_1_195' title='bbox 282 2182 371 2234; x_wconf 83' lang='grc' dir='ltr'><strong><em>καὶ</em></strong></span> <span class='ocrx_word' id='word_1_196' title='bbox 404 2189 928 2251; x_wconf 81' lang='grc' dir='ltr'><strong><em>σεσυκοφαντῆσθαι</em></strong></span> <span class='ocrx_word' id='word_1_197' title='bbox 962 2183 1139 2251; x_wconf 87' lang='grc' dir='ltr'><strong><em>λέγων</em></strong></span> <span class='ocrx_word' id='word_1_198' title='bbox 1170 2182 1260 2236; x_wconf 87' lang='grc' dir='ltr'><strong><em>καὶ</em></strong></span> <span class='ocrx_word' id='word_1_199' title='bbox 1291 2181 1636 2252; x_wconf 89' lang='grc' dir='ltr'><strong><em>μεμνημένος</em></strong></span> <span class='ocrx_word' id='word_1_200' title='bbox 1671 2190 1890 2252; x_wconf 77' lang='grc' dir='ltr'><strong><em>γραφῆς</em></strong></span> 
     </span>
     <span class='ocr_line' id='line_1_25' title="bbox 131 2270 1888 2340; baseline 0.001 -19"><span class='ocrx_word' id='word_1_201' title='bbox 131 2291 172 2322; x_wconf 71' lang='lat'><strong><em>24</em></strong></span> <span class='ocrx_word' id='word_1_202' title='bbox 196 2270 286 2322; x_wconf 85' lang='grc' dir='ltr'><strong><em>καὶ</em></strong></span> <span class='ocrx_word' id='word_1_203' title='bbox 325 2272 509 2336; x_wconf 86' lang='grc' dir='ltr'><strong><em>νόμων</em></strong></span> <span class='ocrx_word' id='word_1_204' title='bbox 540 2270 805 2337; x_wconf 89' lang='grc' dir='ltr'><strong><em>πέμπεται</em></strong></span> <span class='ocrx_word' id='word_1_205' title='bbox 846 2273 1221 2340; x_wconf 82' lang='grc' dir='ltr'><strong><em>ὃεθησόμενος</em></strong></span> <span class='ocrx_word' id='word_1_206' title='bbox 1251 2270 1342 2324; x_wconf 88' lang='grc' dir='ltr'><strong><em>καὶ</em></strong></span> <span class='ocrx_word' id='word_1_207' title='bbox 1381 2279 1553 2324; x_wconf 87' lang='grc' dir='ltr'><strong><em>ταῦτα</em></strong></span> <span class='ocrx_word' id='word_1_208' title='bbox 1592 2271 1654 2324; x_wconf 80' lang='grc' dir='ltr'><strong><em>ἐν</em></strong></span> <span class='ocrx_word' id='word_1_209' title='bbox 1693 2270 1888 2339; x_wconf 83' lang='grc' dir='ltr'><strong><em>ἐγγυη-</em></strong></span> 
     </span>
     <span class='ocr_line' id='line_1_26' title="bbox 108 2357 1888 2430; baseline -0.001 -17"><span class='ocrx_word' id='word_1_210' title='bbox 108 2370 148 2413; x_wconf 79' lang='lat' dir='ltr'><strong>R</strong></span> <span class='ocrx_word' id='word_1_211' title='bbox 169 2369 310 2413; x_wconf 85' lang='lat' dir='ltr'>H441</span> <span class='ocrx_word' id='word_1_212' title='bbox 345 2367 454 2410; x_wconf 85' lang='grc' dir='ltr'><strong><em>τῶν</em></strong></span> <span class='ocrx_word' id='word_1_213' title='bbox 488 2358 751 2430; x_wconf 82' lang='grc' dir='ltr'><strong><em>ἀφθονίᾳ.</em></strong></span> <span class='ocrx_word' id='word_1_214' title='bbox 828 2360 877 2414; x_wconf 88' lang='grc'><strong><em>4.</em></strong></span> <span class='ocrx_word' id='word_1_215' title='bbox 925 2362 1199 2429; x_wconf 79' lang='grc' dir='ltr'><strong><em>πάσχουσι</em></strong></span> <span class='ocrx_word' id='word_1_216' title='bbox 1232 2357 1292 2413; x_wconf 74' lang='grc' dir='ltr'><strong><em>δὲ</em></strong></span> <span class='ocrx_word' id='word_1_217' title='bbox 1327 2358 1475 2413; x_wconf 83' lang='grc' dir='ltr'><strong><em>τοῦτ’</em></strong></span> <span class='ocrx_word' id='word_1_218' title='bbox 1507 2359 1756 2422; x_wconf 81' lang='grc' dir='ltr'><strong><em>ἐπιεικῶς</em></strong></span> <span class='ocrx_word' id='word_1_219' title='bbox 1791 2361 1797 2425; x_wconf 93' lang='grc' dir='ltr'>Ι</span> <span class='ocrx_word' id='word_1_220' title='bbox 1833 2360 1888 2411; x_wconf 80' lang='grc' dir='ltr'><strong><em>οἱ</em></strong></span> 
     </span>
    </p>
   </div>
   <div class='ocr_carea' id='block_1_3' title="bbox 198 2454 403 2459">
    <p class='ocr_par' dir='ltr' id='par_1_3' title="bbox 198 2454 403 2459">
     <span class='ocr_line' id='line_1_27' title="bbox 198 2454 403 2459; baseline 0 0"><span class='ocrx_word' id='word_1_221' title='bbox 198 2454 403 2459; x_wconf 95' lang='lat' dir='ltr'><strong><em> </em></strong></span> 
     </span>
    </p>
   </div>
   <div class='ocr_carea' id='block_1_4' title="bbox 405 2456 550 2460">
    <p class='ocr_par' dir='ltr' id='par_1_4' title="bbox 405 2456 550 2460">
     <span class='ocr_line' id='line_1_28' title="bbox 405 2456 550 2460; baseline 0 0"><span class='ocrx_word' id='word_1_222' title='bbox 405 2456 550 2460; x_wconf 95' lang='lat' dir='ltr'><strong><em> </em></strong></span> 
     </span>
    </p>
   </div>
   <div class='ocr_carea' id='block_1_5' title="bbox 317 2497 838 2551">
    <p class='ocr_par' dir='ltr' id='par_1_5' title="bbox 317 2497 838 2551">
     <span class='ocr_line' id='line_1_29' title="bbox 317 2497 838 2551; baseline 0.006 -13"><span class='ocrx_word' id='word_1_223' title='bbox 317 2501 370 2538; x_wconf 85' lang='lat'><strong><em>24</em></strong></span> <span class='ocrx_word' id='word_1_224' title='bbox 405 2497 460 2539; x_wconf 81' lang='lat' dir='ltr'><strong><em>cf.</em></strong></span> <span class='ocrx_word' id='word_1_225' title='bbox 486 2499 518 2540; x_wconf 80' lang='lat' dir='ltr'><strong><em>t.</em></strong></span> <span class='ocrx_word' id='word_1_226' title='bbox 544 2497 587 2540; x_wconf 90' lang='grc' dir='ltr'>Π</span> <span class='ocrx_word' id='word_1_227' title='bbox 611 2502 779 2551; x_wconf 83' lang='lat'>464‚14</span> <span class='ocrx_word' id='word_1_228' title='bbox 797 2499 838 2541; x_wconf 83' lang='lat' dir='ltr'><strong>R</strong></span> 
     </span>
    </p>
   </div>
   <div class='ocr_carea' id='block_1_6' title="bbox 200 2580 553 2586">
    <p class='ocr_par' dir='ltr' id='par_1_6' title="bbox 200 2580 553 2586">
     <span class='ocr_line' id='line_1_30' title="bbox 200 2580 553 2586; baseline 0 0"><span class='ocrx_word' id='word_1_229' title='bbox 200 2580 553 2586; x_wconf 95' lang='lat' dir='ltr'><strong><em> </em></strong></span> 
     </span>
    </p>
   </div>
   <div class='ocr_carea' id='block_1_7' title="bbox 199 2620 1884 2752">
    <p class='ocr_par' dir='ltr' id='par_1_7' title="bbox 199 2620 1884 2752">
     <span class='ocr_line' id='line_1_31' title="bbox 318 2620 1826 2681; baseline 0.001 -18"><span class='ocrx_word' id='word_1_230' title='bbox 318 2625 341 2662; x_wconf 90' lang='lat'><strong>3</strong></span> <span class='ocrx_word' id='word_1_231' title='bbox 369 2637 417 2676; x_wconf 82' lang='grc' dir='ltr'><strong><em>γε</em></strong></span> <span class='ocrx_word' id='word_1_232' title='bbox 443 2635 516 2664; x_wconf 87' lang='lat' dir='ltr'><strong><em>om</em></strong></span> <span class='ocrx_word' id='word_1_233' title='bbox 543 2624 587 2666; x_wconf 92' lang='lat' dir='ltr'><em>B</em></span> <span class='ocrx_word' id='word_1_234' title='bbox 702 2627 726 2665; x_wconf 88' lang='lat'>5</span> <span class='ocrx_word' id='word_1_235' title='bbox 754 2622 869 2677; x_wconf 77' lang='grc' dir='ltr'><strong><em>ὑπὲρ</em></strong></span> <span class='ocrx_word' id='word_1_236' title='bbox 894 2623 1066 2680; x_wconf 83' lang='grc' dir='ltr'><strong><em>βουλὴν</em></strong></span> <span class='ocrx_word' id='word_1_237' title='bbox 1091 2623 1182 2667; x_wconf 76' lang='lat' dir='ltr'><strong><em>Got</em></strong></span> <span class='ocrx_word' id='word_1_238' title='bbox 1206 2620 1287 2667; x_wconf 67' lang='lat' dir='ltr'><strong><em>sed</em></strong></span> <span class='ocrx_word' id='word_1_239' title='bbox 1313 2623 1574 2681; x_wconf 83' lang='grc' dir='ltr'><strong><em>ὑπερβολὴν</em></strong></span> <span class='ocrx_word' id='word_1_240' title='bbox 1597 2623 1826 2678; x_wconf 72' lang='lat' dir='ltr'>Not.p.17</span> 
     </span>
     <span class='ocr_line' id='line_1_32' title="bbox 199 2677 1884 2752; baseline 0.001 -31"><span class='ocrx_word' id='word_1_241' title='bbox 199 2677 294 2752; x_wconf 44' lang='lat' dir='ltr'><strong><em>Syl</em></strong></span> <span class='ocrx_word' id='word_1_242' title='bbox 319 2681 349 2723; x_wconf 92' lang='grc' dir='ltr'><em>Ι</em></span> <span class='ocrx_word' id='word_1_243' title='bbox 452 2685 476 2723; x_wconf 87' lang='grc'><strong>9</strong></span> <span class='ocrx_word' id='word_1_244' title='bbox 503 2679 723 2737; x_wconf 79' lang='grc' dir='ltr'><strong><em>ἠδίκηκεν</em></strong></span> <span class='ocrx_word' id='word_1_245' title='bbox 747 2683 792 2726; x_wconf 90' lang='lat' dir='ltr'><strong><em>A</em></strong></span> <span class='ocrx_word' id='word_1_246' title='bbox 853 2680 1044 2739; x_wconf 76' lang='grc' dir='ltr'><strong><em>ἠδίκησε</em></strong></span> <span class='ocrx_word' id='word_1_247' title='bbox 1069 2683 1114 2726; x_wconf 88' lang='grc' dir='ltr'><em>Β</em></span> <span class='ocrx_word' id='word_1_248' title='bbox 1135 2684 1138 2741; x_wconf 63' lang='lat' dir='ltr'><strong>f</strong></span> <span class='ocrx_word' id='word_1_249' title='bbox 1161 2683 1213 2727; x_wconf 88' lang='grc' dir='ltr'><strong><em>τὸ</em></strong></span> <span class='ocrx_word' id='word_1_250' title='bbox 1240 2685 1299 2739; x_wconf 82' lang='grc'><strong><em>(2)</em></strong></span> <span class='ocrx_word' id='word_1_251' title='bbox 1326 2697 1401 2726; x_wconf 90' lang='lat' dir='ltr'><strong><em>om</em></strong></span> <span class='ocrx_word' id='word_1_252' title='bbox 1429 2683 1465 2728; x_wconf 84' lang='lat' dir='ltr'>O</span> <span class='ocrx_word' id='word_1_253' title='bbox 1577 2686 1631 2725; x_wconf 90' lang='lat'><strong><em>10</em></strong></span> <span class='ocrx_word' id='word_1_254' title='bbox 1655 2678 1760 2725; x_wconf 84' lang='grc' dir='ltr'><strong><em>ποτ’</em></strong></span> <span class='ocrx_word' id='word_1_255' title='bbox 1789 2681 1856 2724; x_wconf 85' lang='lat' dir='ltr'><strong><em>Re</em></strong></span> <span class='ocrx_word' id='word_1_256' title='bbox 1877 2679 1884 2738; x_wconf 81' lang='grc' dir='ltr'>Ι</span> 
     </span>
    </p>
   </div>
   <div class='ocr_carea' id='block_1_8' title="bbox 199 2755 1889 2963">
    <p class='ocr_par' dir='ltr' id='par_1_8' title="bbox 199 2755 1889 2963">
     <span class='ocr_line' id='line_1_33' title="bbox 199 2755 1828 2843; baseline 0.001 -19"><span class='ocrx_word' id='word_1_257' title='bbox 199 2755 256 2825; x_wconf 60' lang='grc' dir='ltr'><em>έὲ</em></span> <span class='ocrx_word' id='word_1_258' title='bbox 283 2783 327 2825; x_wconf 78' lang='lat' dir='ltr'><em>A</em></span> <span class='ocrx_word' id='word_1_259' title='bbox 387 2790 448 2826; x_wconf 68' lang='grc' dir='ltr'><strong><em>τῶ</em></strong></span> <span class='ocrx_word' id='word_1_260' title='bbox 485 2784 598 2828; x_wconf 82' lang='lat' dir='ltr'><strong><em>CPI</em></strong></span> <span class='ocrx_word' id='word_1_261' title='bbox 621 2785 703 2827; x_wconf 79' lang='lat' dir='ltr'><strong><em>sed</em></strong></span> <span class='ocrx_word' id='word_1_262' title='bbox 734 2785 783 2827; x_wconf 73' lang='lat' dir='ltr'><strong><em>in</em></strong></span> <span class='ocrx_word' id='word_1_263' title='bbox 815 2786 901 2829; x_wconf 77' lang='lat' dir='ltr'><strong><em>hoc</em></strong></span> <span class='ocrx_word' id='word_1_264' title='bbox 932 2786 982 2828; x_wconf 75' lang='lat' dir='ltr'><strong><em>in</em></strong></span> <span class='ocrx_word' id='word_1_265' title='bbox 1013 2786 1064 2830; x_wconf 69' lang='grc' dir='ltr'><strong><em>τὸ</em></strong></span> <span class='ocrx_word' id='word_1_266' title='bbox 1097 2799 1199 2829; x_wconf 77' lang='lat' dir='ltr'>corr</span> <span class='ocrx_word' id='word_1_267' title='bbox 1228 2784 1312 2839; x_wconf 65' lang='lat' dir='ltr'><strong><em>mss,</em></strong></span> <span class='ocrx_word' id='word_1_268' title='bbox 1348 2787 1393 2829; x_wconf 87' lang='lat' dir='ltr'><strong><em>B</em></strong></span> <span class='ocrx_word' id='word_1_269' title='bbox 1421 2787 1426 2841; x_wconf 80' lang='grc' dir='ltr'>ι</span> <span class='ocrx_word' id='word_1_270' title='bbox 1457 2783 1752 2843; x_wconf 67' lang='grc' dir='ltr'><strong><em>ἐξεληιέχθαι</em></strong></span> <span class='ocrx_word' id='word_1_271' title='bbox 1782 2783 1828 2826; x_wconf 83' lang='grc' dir='ltr'>Β</span> 
     </span>
     <span class='ocr_line' id='line_1_34' title="bbox 201 2841 1887 2900; baseline 0.001 -18"><span class='ocrx_word' id='word_1_272' title='bbox 201 2844 255 2882; x_wconf 84' lang='lat'><strong><em>22</em></strong></span> <span class='ocrx_word' id='word_1_273' title='bbox 281 2841 425 2885; x_wconf 84' lang='grc' dir='ltr'><strong><em>τούτω</em></strong></span> <span class='ocrx_word' id='word_1_274' title='bbox 453 2843 485 2885; x_wconf 94' lang='grc' dir='ltr'><em>Ι</em></span> <span class='ocrx_word' id='word_1_275' title='bbox 525 2842 829 2899; x_wconf 82' lang='grc' dir='ltr'><strong><em>προσέθηκαν</em></strong></span> <span class='ocrx_word' id='word_1_276' title='bbox 857 2845 892 2888; x_wconf 82' lang='lat' dir='ltr'><em>O</em></span> <span class='ocrx_word' id='word_1_277' title='bbox 915 2845 995 2888; x_wconf 84' lang='lat' dir='ltr'><strong><em>sed</em></strong></span> <span class='ocrx_word' id='word_1_278' title='bbox 1021 2862 1047 2888; x_wconf 86' lang='grc' dir='ltr'><strong><em>κ</em></strong></span> <span class='ocrx_word' id='word_1_279' title='bbox 1073 2858 1097 2888; x_wconf 85' lang='lat' dir='ltr'>e</span> <span class='ocrx_word' id='word_1_280' title='bbox 1123 2859 1148 2888; x_wconf 91' lang='grc' dir='ltr'><strong><em>σ</em></strong></span> <span class='ocrx_word' id='word_1_281' title='bbox 1173 2858 1286 2896; x_wconf 84' lang='lat' dir='ltr'>corr,</span> <span class='ocrx_word' id='word_1_282' title='bbox 1314 2845 1387 2887; x_wconf 84' lang='lat' dir='ltr'><strong><em>Pa</em></strong></span> <span class='ocrx_word' id='word_1_283' title='bbox 1499 2849 1553 2887; x_wconf 81' lang='lat'><strong><em>24</em></strong></span> <span class='ocrx_word' id='word_1_284' title='bbox 1580 2844 1628 2888; x_wconf 83' lang='grc' dir='ltr'><strong><em>ἐν</em></strong></span> <span class='ocrx_word' id='word_1_285' title='bbox 1654 2843 1887 2900; x_wconf 80' lang='grc' dir='ltr'><strong><em>ἐγγυητῶν</em></strong></span> 
     </span>
     <span class='ocr_line' id='line_1_35' title="bbox 200 2899 1889 2963; baseline 0.001 -21"><span class='ocrx_word' id='word_1_286' title='bbox 200 2899 418 2960; x_wconf 81' lang='grc' dir='ltr'><strong><em>ἀφθονίᾳ</em></strong></span> <span class='ocrx_word' id='word_1_287' title='bbox 451 2901 516 2946; x_wconf 83' lang='lat' dir='ltr'><strong><em>Re</em></strong></span> <span class='ocrx_word' id='word_1_288' title='bbox 586 2902 818 2958; x_wconf 78' lang='grc' dir='ltr'><strong><em>ἐγγυητῶν</em></strong></span> <span class='ocrx_word' id='word_1_289' title='bbox 850 2901 1068 2959; x_wconf 81' lang='grc' dir='ltr'><strong><em>ἀφθονία</em></strong></span> <span class='ocrx_word' id='word_1_290' title='bbox 1101 2903 1210 2947; x_wconf 86' lang='lat' dir='ltr'><strong>libri</strong></span> <span class='ocrx_word' id='word_1_291' title='bbox 1283 2904 1515 2960; x_wconf 81' lang='grc' dir='ltr'><strong><em>ἐγγυητῶν</em></strong></span> <span class='ocrx_word' id='word_1_292' title='bbox 1547 2900 1765 2963; x_wconf 80' lang='grc' dir='ltr'><strong><em>ἀφθονίᾳ</em></strong></span> <span class='ocrx_word' id='word_1_293' title='bbox 1797 2899 1889 2944; x_wconf 75' lang='lat' dir='ltr'><strong><em>Got</em></strong></span> 
     </span>
    </p>
   </div>
  </div>
 </body>
</html>
