1992 3094
524 135 754 180 LIBANII
785 135 1011 180 ORATIO
1043 135 1124 180 DE
1155 135 1395 181 VINCTIS
1703 136 1813 190 365

229 272 311 326 12.
365 271 593 325 Οὐκοῦν
623 273 831 340 δεινόν,
870 273 919 325 εἰ
950 270 1054 341 μέν
1083 292 1167 335 τις
1198 270 1263 326 ἐν
1290 271 1469 343 ἀγορᾷ
1507 273 1814 341 μαχόμενος

112 361 148 429 ἣ
177 360 367 430 ἅρχων
389 369 592 430 χειρῶν
621 360 656 430 ἧ
685 359 778 438 καὶ
809 360 1158 429 ἀμυνόμενος
1186 363 1398 415 κτείναι
1428 362 1572 429 τινά,
1601 362 1814 426 πάντας

114 448 444 518 ἀγανακτεῖν
480 447 572 502 καὶ
611 451 755 518 βοᾶν
790 450 882 503 καὶ
919 450 1092 504 ταύτὰ
1128 459 1312 503 ποιεῖν
1347 459 1466 513 τοῖς
1506 450 1514 519 Ι
1557 458 1659 504 τοῦ
1689 462 1734 507 Β.
1753 462 1901 508 11448

112 543 419 601 τεθνεῶτος
457 539 683 601 οἰκείοις
720 537 812 591 καὶ
856 541 989 601 τοὺς
1028 539 1095 592 οὐ
1142 542 1547 609 προσήκοντας,
1592 539 1702 593 ὑπὸ
1749 536 1811 593 δὲ

113 636 226 681 τῶν
256 626 542 697 ἀρχόντων
573 627 668 680 διὰ
696 636 811 680 τῶν
841 628 1232 696 δεσμωτηρίων
1257 629 1543 681 τοσούτων
1571 627 1811 682 ἀπολλυ·
1857 649 1879 683 ⁸

24 760 26 762 .
112 715 296 783 μένων
324 713 515 786 πρᾴως
545 717 693 785 ἔχειν
723 731 784 769 σε
816 717 1026 780 δοκεῖν;
1058 717 1192 770 οὐδὲ
1222 718 1327 785 γὰρ
1356 715 1534 770 ἐκεῖνό
1566 715 1615 785 γ’
1638 717 1813 771 εἰπών

17 798 22 827 ⁷
112 825 196 868 τις
241 800 304 858 εὖ
350 804 535 872 λέγειν
578 803 651 857 ἂν
703 804 939 873 δόξειεν,
993 806 1067 868 ὡς
1113 806 1283 859 οὐδὲν
1327 807 1544 859 τούτων
1594 806 1811 875 εἰδείης.

13 918 28 969 g
113 893 313 964 ἀπαιτῇ
352 895 457 963 γὰρ
495 892 605 946 ὑπὸ
648 901 745 962 τῆς
782 896 1087 963 βασιλείας,
1135 891 1178 947 ὦ
1223 896 1479 962 βασιλεῦ,
1523 895 1586 948 τὸ
1630 895 1811 949 πάντα

19 1024 22 1058 3
113 981 460 1036 ἐπίστασθαι.
528 980 621 1035 καὶ
650 985 784 1046 τοὺς
814 982 1022 1051 φονέας
1050 984 1284 1047 τούτους
1313 983 1483 1037 πάλαι
1513 992 1654 1053 χρῆν
1683 985 1810 1038 τού-

112 1091 225 1125 των
261 1081 375 1124 τῶν
411 1072 678 1125 θανάτων
713 1071 1081 1141 ὑπεσχηκέναι
1121 1073 1308 1141 δίκην,
1354 1071 1472 1125 ἀλλ’
1505 1074 1552 1125 εἰ
1599 1071 1689 1126 καὶ
1734 1074 1809 1141 μὴ
1834 1093 1878 1127 ιο

111 1162 401 1230 πρότερον,
439 1166 550 1213 νῦν
586 1159 653 1228 γε’
685 1180 770 1224 τις
808 1159 1112 1230 ἐπιστροφὴ
1152 1160 1419 1228 γενέσθω.

227 1249 308 1302 13.
387 1247 512 1302 Καὶ
565 1252 633 1302 τί
674 1251 925 1318 δεινόν,
980 1252 1123 1319 φησί
1163 1270 1271 1318 τις,
1326 1255 1390 1303 εἰ
1429 1270 1528 1313 τις
1574 1249 1809 1319 ἀνδρο·

16 1323 33 1427 Ξ
112 1339 318 1407 φόνος
364 1338 452 1391 ὢν
495 1337 603 1391 καὶ
650 1338 772 1392 ἀπὸ
819 1339 1058 1407 ταύτης
1103 1338 1402 1408 ἐμπεσὼν
1446 1340 1540 1402 εἰς
1591 1339 1662 1392 τὸ
1715 1343 1810 1392 οἴ-

112 1446 278 1496 κημα
330 1434 443 1495 τῆς
497 1427 712 1491 αἰτίας
765 1421 905 1481 εἷτα
956 1428 1124 1481 οὕτω
1178 1427 1523 1497 τέθνηκεν;
1585 1426 1692 1496 ἐγὼ
1747 1428 1810 1481 δὲ

18 1591 20 1593 χ
110 1516 211 1569 τὸν
248 1523 416 1570 τοῦτο
455 1516 688 1585 λέγοντα
726 1516 957 1586 ἐροίμην
998 1516 1069 1570 ἂν
1106 1516 1303 1586 ἡδέως,
1350 1518 1399 1570 εἰ
1438 1517 1563 1571 ὅσοι
1607 1524 1809 1570 τοῦτον
1833 1537 1876 1571 ιο

109 1610 345 1659 τεθνᾶσι
404 1605 506 1658 τὸν
564 1608 798 1674 τρόπον,
858 1616 971 1660 τῶν
1031 1605 1367 1675 ἀνθρώπους
1428 1605 1810 1659 ἀπεκτονότων

111 1695 271 1747 εἰσίω.
340 1695 389 1747 εἰ
421 1690 484 1748 δὲ
521 1694 613 1747 καὶ
643 1695 870 1757 ψευδεῖς
899 1695 1072 1748 αἰτίαι
1104 1695 1196 1748 καὶ
1228 1694 1373 1763 ῥῆμά
1403 1714 1456 1748 τι
1485 1694 1578 1748 καί
1607 1695 1809 1762 μικρὸν

16 1825 19 1827 -
112 1783 217 1852 ἤδη
261 1784 417 1846 τινὰς
463 1782 737 1853 ἀργύριον
783 1781 972 1853 ἔδησε,
1024 1785 1239 1852 προῦβη
1289 1783 1352 1837 δὲ
1398 1783 1428 1837 ὁ
1476 1783 1677 1852 δεσμὸς
1729 1784 1808 1847 εἰς

0 1919 2 1938 5
111 1871 388 1939 θάνατον,
440 1875 500 1925 τί
549 1873 636 1926 δεῖ
688 1872 872 1940 λέγειν
922 1875 1055 1935 τοὺς
1098 1874 1166 1926 τὰ
1210 1871 1439 1940 μέγιστα
1482 1872 1808 1941 ἠδικηκότας

35 1959 37 1961 ’
110 1961 249 2013 κατὰ
292 1970 407 2014 τῶν
450 1960 484 2030 ἢ
532 1959 704 2015 οὐδὲν
747 1961 781 2030 ἢ
827 1962 1019 2030 μικρά;
1073 1962 1122 2014 εἰ
1166 1962 1272 2030 γὰρ
1324 1962 1393 2030 δὴ
1439 1959 1529 2014 καὶ
1585 1961 1876 2030 σφόδρα»

0 2074 1 2116 3
31 2097 39 2130 3
109 2057 228 2112 τοῖς
271 2047 455 2103 ἐκεῖνα
494 2051 794 2120 δεδρακόσι
839 2052 1136 2120 προσήκων
1171 2046 1244 2117 ἦν
1281 2050 1311 2103 ὁ
1349 2050 1622 2113 θάνατος,
1668 2049 1808 2103 ἀλλὰ

109 2138 331 2201 τούτοις
367 2158 432 2206 γε
469 2139 574 2192 οὐκ
613 2138 782 2210 ἐχρῆν
819 2139 963 2194 οὕτω
994 2140 1209 2208 μακρὸν
1237 2146 1422 2193 ποιεῖν
1450 2139 1552 2192 τὸν
1582 2139 1806 2206 δεσμόν,

112 2226 251 2279 ὥστε
282 2227 472 2291 αὐτοῖς
500 2229 564 2282 τὸ
595 2229 770 2282 κακὸν
798 2229 879 2291 εἰς
908 2228 1160 2281 θάνατον
1189 2232 1465 2281 τελευτᾶν.
1538 2227 1621 2280 14.
1659 2232 1806 2281 εἴποι

113 2312 163 2367 δ’
186 2314 257 2367 ἄν
278 2334 363 2378 τις
392 2314 486 2370 καὶ
514 2317 654 2386 ὑπὲρ
679 2316 866 2370 αὐτῶν
896 2315 1125 2371 ἑκεύνων
1149 2318 1334 2385 λόγον,
1366 2310 1536 2386 οἶμαι,
1568 2317 1805 2385 δίκαιον,
1888 2389 1891 2391 -

234 2466 286 2504 11
321 2461 465 2506 Thac.
489 2462 554 2506 HI
579 2466 632 2506 71

231 2598 258 2637 2
290 2592 470 2639 κτεῖναι
498 2595 599 2639 AV
624 2595 707 2639 sod
737 2596 786 2638 in
818 2595 907 2639 hoc
939 2593 952 2608 '
982 2607 1007 2638 e
1030 2598 1049 2607 ”
1083 2608 1186 2639 corr
1216 2594 1286 2638 m⁸
1398 2592 1568 2639 κτείνει
1599 2597 1646 2641 Ρ
1674 2595 1757 2639 sed
1791 2594 1804 2610 ‘

114 2655 182 2696 θ’
219 2655 269 2697 et
306 2669 348 2697 ει
386 2668 442 2698 ox
479 2670 531 2698 αι
568 2653 618 2697 in
656 2667 733 2698 ras
773 2668 876 2698 corr
912 2654 1003 2708 m⁴‚
1052 2654 1166 2698 UIB
1286 2660 1463 2698 κτεῖναι
1504 2655 1614 2700 ΟΡα
1652 2653 1744 2699 Got

114 2714 142 2754 8
170 2712 282 2764 τοὺς
310 2714 360 2757 et
389 2718 418 2757 4
441 2710 644 2763 οἰκείους
667 2712 760 2757 Got
879 2717 905 2757 6
936 2711 1098 2767 πράως
1121 2713 1287 2758 ΑΡΙΒ
1409 2717 1463 2757 18
1495 2714 1589 2758 ἀπὸ
1612 2713 1803 2772 ταύτης]

113 2769 377 2828 ἀποστάτης
406 2773 481 2817 Pa
602 2776 658 2816 14
688 2768 787 2816 εἴθ’
818 2773 862 2815 V
977 2776 1031 2816 16
1062 2771 1259 2816 τεθνᾶσι
1291 2772 1371 2817 ΑΙ
1397 2771 1489 2816 Get
1514 2775 1522 2828 1
1549 2771 1802 2818 &untowa-

111 2844 205 2873 των
234 2829 523 2885 ἀνθρώπους
547 2831 591 2875 V
705 2835 760 2875 18
793 2830 958 2887 ἔδησεν
998 2831 1044 2876 U
1167 2835 1225 2874 20
1256 2828 1286 2887 ἣ
1317 2832 1381 2887 (1)
1412 2844 1488 2875 om
1520 2831 1566 2875 B
1686 2836 1740 2875 21
1775 2830 1802 2876 ὁ

113 2886 241 2991 ἰιὲτοοι·
266 2888 336 2933 Be
371 2904 472 2992 Gom
500 2889 612 2934 libri
642 2890 726 2933 sed
755 2903 831 2934 ras
865 2894 886 2933 1
921 2889 1002 2934 litt
1033 2891 1093 2944 A„
1125 2888 1218 2934 Got
1356 2894 1412 2934 22
1442 2890 1636 2941 τούτους
1665 2889 1758 2935 Got
1792 2894 1796 2948 ξ

197 2963 234 2990 ω
265 2961 340 2991 om
413 2951 465 2992 ot
