1992 3094
162 129 268 180 318
686 125 913 168 LIBANII
945 124 1169 169 ORATIO
1202 124 1323 167 XLII

161 266 408 332 γηκότων
424 263 513 315 καὶ
539 263 630 314 διὰ
653 262 877 314 πάντων
894 259 1216 330 ἀφιγμένων
1241 259 1273 312 ἃ
1291 259 1483 328 φέρειν
1500 263 1850 330 λαμπρότητα

162 354 415 415 δύναται;
446 351 681 404 πεισάτω
714 351 814 418 τὴν
837 351 1049 418 βουλὴν
1065 348 1323 411 Ὀπτάτος
1354 349 1561 417 ταύτην
1586 349 1850 413 δέξασθαι

160 442 260 509 τὴν
284 439 541 503 ἐξέτασιν.
605 437 718 492 ἀλλ’
747 439 812 492 οὐ
841 440 1029 491 πείσει.
1093 438 1126 505 ἤ
1158 457 1215 490 τε
1247 439 1351 507 γὰρ
1376 437 1574 506 κρηπὶς
1597 445 1671 511 τῷ
1691 454 1850 493 συνε-

70 544 111 586 R
134 542 276 585 11400
310 530 445 600 δρίω
489 527 580 581 καὶ
623 529 847 596 τοιαύτη
885 529 891 596 Ι
926 527 1129 589 παντὸς
1167 534 1267 580 τοῦ
1307 526 1640 596 παρέχοντος
1680 528 1850 581 αὑτὸν

114 643 134 674 5
159 619 236 680 εἰς
269 618 439 686 αὐτὴν
472 616 830 686 χαριζομένου
854 623 929 688 τῷ
954 616 1248 668 πλάττοντι
1273 616 1374 683 τὴν
1397 617 1618 684 βουλὴν,
1643 615 1849 670 διέλιπε

156 726 213 758 τε
245 706 596 759 οὐδεπώποτε
628 706 688 757 τὸ
720 703 1163 773 προστιθέμενον
1198 701 1326 773 ἔχον
1364 724 1415 756 τι
1447 703 1538 756 καὶ
1577 713 1848 759 τοιοῦτον.

155 793 243 847 καὶ
286 795 351 847 οὐ
392 794 693 862 μέμφομαι·
734 795 998 855 πολλάκις
1035 794 1139 862 γὰρ
1179 791 1326 845 τοῦτ’
1359 791 1577 846 ἐκείνου
1614 788 1859 861 βέλτιονῘ

267 883 351 935 23.
412 885 478 936 Εἰ
526 882 591 936 δέ
634 903 699 951 με
747 883 832 935 δεῖ
874 883 962 935 καὶ
1003 881 1269 950 ὀνομαστὶ
1309 886 1629 950 μεμνῆσθαί
1663 903 1847 953 τινων,

154 970 278 1040 περὶ
319 972 420 1039 μὲν
459 982 570 1024 τῶν
608 979 716 1024 νῦν
756 972 919 1034 ἄλλος
958 970 1029 1024 ἂν
1078 976 1208 1033 ἴσως
1255 972 1486 1040 ἄμεινον
1531 976 1700 1040 εἴποι,
1747 980 1847 1025 τοῦ

90 1089 131 1120 10
154 1062 427 1129 παρόντος
473 1061 577 1129 γὰρ
626 1057 778 1129 οἶμαι
825 1060 914 1113 καὶ
954 1061 1015 1113 τὸ
1063 1067 1234 1112 ταῦτα
1281 1059 1510 1127 εἰδέναι,
1557 1070 1669 1113 τῶν
1714 1079 1847 1130 προ-

153 1148 326 1217 τέρων
367 1146 427 1201 δὲ
473 1151 638 1218 μεστὴ
684 1157 752 1218 γῆ
801 1150 892 1202 καὶ
938 1150 1186 1202 θάλαττα
1228 1147 1319 1201 καὶ
1367 1147 1500 1212 λέξω
1541 1149 1847 1218 βεβοημένοι

153 1238 240 1290 καὶ
297 1237 329 1290 ἃ
383 1243 587 1304 μαθεῖν
643 1237 824 1300 οὐδεὶς
880 1236 1043 1291 δέοιτ’
1092 1237 1161 1290 ἂν
1223 1239 1316 1290 διὰ
1377 1238 1436 1290 τὸ
1501 1237 1845 1292 ἐπίστασθαι.

161 1326 473 1396 Τυχαμένης
505 1327 533 1380 ὁ
567 1337 677 1380 τῶν
717 1330 896 1395 ἔργων
932 1326 1219 1395 ἐπιστάτης
1253 1326 1280 1379 ὁ
1315 1328 1467 1396 Κρὴς
1498 1328 1847 1395 χαλκοτύπου

152 1425 279 1478 παῖς
324 1412 407 1484 ἦν.
491 1419 670 1469 καίτοι
716 1420 797 1479 τίς
846 1417 947 1469 οὐκ
995 1409 1172 1483 οἶδεν,
1211 1416 1347 1478 ὅσος
1399 1413 1470 1483 ἦν
1529 1416 1846 1485 Τυχαμένης

87 1531 127 1562 15
153 1502 213 1556 ἐν
251 1511 327 1574 τῷ
375 1506 670 1577 συνεδρίῳς
711 1504 1001 1574 Ἀβλάβιος
1050 1504 1153 1557 ἀπὸ
1202 1513 1298 1572 τῆς
1344 1497 1517 1572 αὐτῆς
1557 1507 1732 1574 νήσου
1779 1507 1845 1558 τὰ

150 1603 337 1660 πρῶτα
382 1593 672 1661 ὑπηρετῶν
719 1603 834 1657 τοῖς
872 1593 1168 1664 ὑπηρέταις
1214 1601 1313 1646 τοῦ
1360 1602 1454 1662 τῆς
1494 1596 1711 1663 Κρήτης
1750 1594 1844 1662 ἅρ-

149 1701 366 1749 χοντος,
422 1679 583 1745 οὗτος
637 1683 854 1752 ἀνήχθη
910 1680 1011 1752 μὲν
1057 1681 1277 1735 ἐκεῖθεν
1329 1681 1420 1734 καὶ
1467 1681 1651 1735 πλέων
1703 1680 1842 1752 ὑπὲρ

150 1770 364 1837 ὀβολῶν
409 1771 604 1840 ηὔχετο
651 1781 766 1835 τοῖς
814 1771 874 1825 ἐν
919 1780 995 1841 τῇ.
1028 1771 1273 1841 θαλάττῃ
1321 1776 1503 1838 θεοῖς,
1551 1770 1736 1824 ἐλθὼν
1783 1772 1843 1824 δὲ

150 1859 362 1928 ἐκράτει
400 1867 499 1912 τοῦ
539 1868 875 1929 κρατοῦντος
906 1858 997 1913 καὶ
1039 1858 1190 1913 ὁπότ’
1225 1861 1303 1922 εἰς
1341 1860 1402 1912 τὸ
1441 1862 1843 1929 βουλευτήριον

83 1972 125 2003 20
151 1949 335 2016 εἰσίοι,
382 1949 515 2011 θεὸς
554 1948 615 2001 ἐν
654 1948 974 2018 ἀνθρώποις
1011 1945 1094 2017 ἦν.
1172 1948 1258 2000 24.
1312 1951 1370 2000 τί
1407 1948 1498 2000 δαὶ
1541 1950 1841 2013 Φίλιππος;

151 2038 203 2088 τί
239 2037 330 2088 δαὶ
362 2040 662 2107 Δατιανός;
703 2038 769 2090 οὐ
809 2046 909 2091 τοῦ
949 2039 1050 2106 μὲν
1083 2037 1111 2091 ὁ
1144 2038 1321 2106 πατὴρ
1359 2035 1669 2106 ε’χόρδευεν,
1711 2037 1738 2090 ὁ
1781 2037 1841 2090 δὲ

267 2159 292 2196 5
327 2151 629 2196 Constantino
664 2153 720 2197 cf.
746 2154 854 2198 Exc.
874 2153 1025 2197 ValeS.
1054 2158 1078 2206 ξ
1106 2157 1161 2196 30
1311 2157 1365 2195 15
1397 2152 1576 2208 Eunap.
1603 2153 1682 2196 vit.
1709 2153 1839 2208 soph.

147 2226 191 2266 p.
213 2216 281 2265 23,
296 2216 347 2254 19
367 2227 432 2267 sq.
453 2212 568 2267 (Zos.
588 2213 630 2255 II
647 2215 734 2270 40).
761 2213 911 2256 Amm.
926 2212 1008 2255 XX
1030 2218 1134 2266 11,3
1259 2215 1313 2255 18
1346 2211 1524 2268 Eunap.
1543 2212 1572 2254 l.
1591 2211 1619 2255 l.
1639 2227 1683 2268 p.
1703 2217 1839 2267 25‚13

209 2275 263 2313 2Ο
297 2271 394 2314 Zos.
420 2271 462 2314 II
487 2277 541 2314 46
561 2287 626 2327 sq.
751 2278 804 2315 21
838 2273 988 2315 Amm.
1015 2271 1143 2315 XVII
1168 2277 1208 2325 5,
1230 2277 1250 2313 1

268 2379 319 2417 21
356 2374 618 2433 ἐχόρδευεν]
652 2374 753 2430 ἤτοι
786 2374 1052 2430 ἐκιθάριζεν
1078 2374 1139 2418 V²
1170 2376 1219 2417 ab
1259 2373 1316 2418 cf.
1342 2375 1419 2417 Ar.
1445 2373 1528 2429 Eq.
1556 2377 1641 2416 214
1674 2375 1721 2416 et
1753 2378 1836 2416 315

148 2447 251 2476 cum
284 2433 472 2477 scholiis

265 2543 291 2580 4
324 2537 422 2595 καὶ]
456 2552 567 2579 num
601 2538 687 2581 0ὐῖ
743 2539 749 2593 Ι
807 2545 887 2581 τοῦ
922 2551 994 2580 om
1023 2538 1064 2580 V
1115 2539 1120 2593 Ι
1179 2536 1323 2580 αὐτὸν
1358 2536 1586 2579 OIBMV
1610 2535 1743 2590 Bong

149 2599 173 2638 6
216 2596 508 2640 οὐδεπώποτε
548 2598 583 2640 Ι
689 2595 797 2641 οὐδὲ
837 2597 1022 2640 πώποτε
1060 2596 1230 2651 reliqui
1268 2595 1378 2639 libri
1418 2594 1508 2638 edd
1565 2596 1571 2649 Ι
1631 2594 1735 2650 ἕχον
1773 2593 1835 2650 τι]

148 2654 300 2710 ἔχοντι
331 2655 375 2697 Β
404 2657 410 2710 Ι
437 2653 481 2698 τί
513 2656 612 2699 BV
758 2660 780 2698 7
813 2662 948 2698 τοῦτο
982 2656 1122 2698 ΙΒΜ
1150 2655 1241 2698 edd
1399 2659 1424 2697 8
1459 2653 1678 2708 ὀνομαστὶ
1710 2652 1777 2695 Re

149 2711 338 2768 ὀνόματι
370 2713 479 2756 libri
512 2714 645 2770 Bong
775 2718 829 2756 10
863 2715 1047 2769 „malim
1078 2714 1282 2763 παντὸς“
1314 2713 1381 2756 Re
1516 2717 1570 2754 14
1601 2727 1670 2762 τις
1701 2713 1749 2754 et
1782 2715 1835 2753 15

148 2770 384 2830 συνεδρίῳ.
411 2773 477 2815 Re
601 2778 654 2816 15
679 2770 911 2830 ᾎβλάβιος
934 2773 1000 2815 Re
1063 2773 1275 2830 ἀβλαβῶς
1305 2771 1415 2814 libri
1440 2771 1571 2827 Bong
1592 2770 1596 2828 Ι
1616 2777 1834 2824 ταπρῶτα·

146 2830 273 2873 IBV
385 2836 436 2874 16
460 2838 543 2874 τοῦ
568 2845 643 2874 om
669 2833 730 2875 M
750 2832 831 2875 sed
855 2831 903 2874 in
928 2846 1060 2888 marg
1085 2832 1178 2873 add
1202 2830 1272 2873 m²
1370 2835 1440 2873 ‘19
1467 2829 1604 2873 ὁπότε
1631 2829 1839 2873 VaIBM

147 2888 236 2930 edd
366 2894 420 2932 20
454 2892 501 2932 et
524 2894 578 2932 21
605 2889 656 2934 δὲ
681 2891 891 2934 VaIBM
900 2892 942 2933 V
961 2890 1093 2946 Bong
1225 2895 1278 2933 21
1315 2887 1527 2947 ἐχόρευεν
1553 2887 1697 2932 Cobet
1721 2885 1831 2930 Coll.

150 2951 232 2989 135
266 2947 368 2991 coll.
395 2948 523 2992 Dem.
549 2964 591 3004 p.
613 2952 749 3003 315‚8
782 2949 980 2992 fortasse
1011 2950 1135 2991 recte
