1992 3094
193 118 426 162 XXXXIV
729 115 1068 160 PRAEFATIO
1103 114 1340 159 CRITICA

193 260 464 319 qewtissime
511 257 799 312 custodiens,
845 259 1049 317 propter
1088 271 1288 303 causam
1328 271 1506 318 parum
1543 255 1775 303 idoneam
1805 280 1882 289 —

198 348 310 379 nam
366 330 529 392 quivis
592 327 774 394 ἀνδρὸς
831 327 1145 394 Σπαρτιάτου
1203 345 1316 377 cum
1377 326 1719 394 ἀκριβέστερον
1768 345 1883 376 con-

193 407 379 467 iunget,
419 406 520 452 sive
559 403 650 467 τὴν
690 405 849 451 exstat
887 403 990 451 sive
1029 419 1128 451 non
1165 429 1227 435 —
1265 420 1289 451 e
1327 404 1471 450 textu
1501 403 1689 451 removi
1720 418 1880 465 neque

195 480 522 526 necessarium
563 493 664 525 esse
714 477 924 525 concedo
963 476 1294 525 Herwerdeno
1340 476 1533 524 ratione
1572 475 1745 524 habita
1783 477 1883 525 loci

196 570 240 612 p.
278 555 396 612 261,
426 553 492 598 14
533 550 793 613 φυλάττειν
833 549 895 614 δὴ
936 549 1141 613 μάλιστα
1180 549 1524 614 μεμελετήκασι
1562 549 1713 609 τάξιν.

304 642 349 687 p.
387 627 506 686 112,
540 627 569 672 9
626 623 678 673 ἐν
734 621 854 692 μέσῃ
903 623 1270 693 Πελοποννήσῳ
1327 624 1594 689 ὁιηγείσθω
1649 621 1734 682 τὰς
1788 621 1879 682 σὰς

194 697 380 764 ἀρετάς,
411 697 504 763 ἔχει
533 701 746 763 γλῶτταν
778 695 1026 762 ἀρκοῦσαν
1058 701 1159 756 τοῖς
1190 696 1366 764 ἔργοις,
1405 695 1574 763 λεγέτω
1607 696 1730 763 πρὸς
1761 696 1878 756 τοὺς

180 767 444 836 ”Έλληνας,
483 771 535 821 ἐν
579 766 651 830 οἷς
692 773 775 839 ζῇς
813 765 932 820 καθ’
977 768 1182 838 ἡμέραν,
1230 769 1262 819 ἃ
1300 769 1537 820 τεθέαται.
1614 771 1757 820 Nihil
1801 771 1881 818 in*

194 846 470 907 serendum,
517 846 642 892 nihil
689 846 981 894 mutandum
1028 846 1166 894 duco.
1242 846 1375 893 Nam
1422 849 1527 904 σοῖς
1575 846 1708 907 quod
1752 845 1877 893 Her-

195 921 446 967 werdenus
489 922 537 967 et
567 919 805 967 Polakius
818 914 859 986 ¹)
898 922 1013 981 post
1051 917 1209 985 ἔργοις
1243 920 1571 980 inseruerunt,
1611 922 1878 982 postquam

194 991 277 1051 τὰς
316 992 403 1051 σὰς
442 990 611 1059 ἀρετὰς
650 995 930 1055 antecessit,
969 1010 1058 1056 per
1095 1009 1146 1042 se
1176 993 1498 1057 intellegitur,
1561 992 1724 1058 λόγοις
1760 1009 1880 1041 vero

196 1068 327 1128 quod
368 1067 746 1127 Herwerdenus,
786 1068 827 1115 si
866 1067 994 1115 illud
1033 1084 1133 1116 non
1177 1067 1435 1130 probetur,
1474 1084 1564 1129 pro
1604 1066 1764 1132 ἔργοις
1802 1082 1876 1115 re-

192 1143 312 1202 poni
349 1141 478 1202 vult,
525 1141 663 1189 nullo
710 1141 854 1189 modo
901 1144 1015 1204 post
1053 1139 1145 1206 ἔχει
1191 1144 1405 1206 γλῶτταν
1448 1139 1699 1207 ἀρκοῦσαν
1737 1157 1877 1203 prae-

193 1217 360 1262 sertim
410 1230 519 1262 cum
565 1216 775 1263 articulo
824 1217 1141 1264 coniunctum
1187 1215 1386 1263 admitti
1430 1217 1614 1277 potest3
1665 1215 1880 1276 denique

192 1287 244 1336 ἐν
284 1282 357 1345 οἷς
404 1289 488 1356 ζῇς
534 1282 652 1336 καθ’
697 1284 883 1354 ἡμέραν
928 1290 1088 1337 multo
1143 1290 1320 1337 melius
1376 1292 1451 1337 est
1505 1306 1654 1351 quam
1703 1287 1755 1336 ἐν
1803 1282 1883 1346 οἷς

192 1357 417 1426 (ἔργοις)
474 1362 558 1429 ζῇς
611 1356 730 1410 καθ’
794 1358 981 1428 ἡμέραν
1036 1363 1170 1425 quod
1214 1363 1588 1411 -Herwerdenus
1653 1362 1875 1411 coniecit.

193 1435 340 1483 Recte
380 1451 494 1483 vero
541 1437 583 1482 is
633 1437 781 1484 verba
819 1435 873 1485 ἐν
912 1431 987 1495 οἷς
1027 1439 1111 1505 ζῇς
1152 1438 1334 1485 obiecti
1371 1438 1531 1485 instar
1571 1433 1651 1500 (Ξ
1682 1438 1736 1484 in
1774 1439 1878 1496 qui—

194 1510 280 1557 bus
309 1510 451 1556 rebus
481 1511 604 1557 vivis
635 1503 862 1576 quotidie)
896 1527 925 1557 a
957 1509 1127 1576 λεγέτω
1158 1511 1384 1572 pendere,
1416 1526 1529 1572 non,
1562 1512 1619 1558 ut
1646 1511 1880 1559 Reiskius

194 1585 250 1636 etv
286 1582 518 1630 Polakius
565 1586 865 1646 statuerunt,
916 1600 1064 1633 sensu
1110 1586 1320 1634 relativo
1373 1585 1436 1632 ad
1483 1583 1597 1642 τοὺς
1629 1579 1880 1648 ’Ἕλληνας

192 1658 437 1716 pertinere
476 1658 734 1706 intellexit.

915 1789 1002 1838 Or.
1035 1792 1140 1838 XV.

303 1893 348 1936 p.
386 1878 504 1937 128,
533 1879 595 1924 11
647 1877 803 1926 αἴτιον
850 1879 930 1927 δεῖ
969 1878 1050 1927 διὰ
1103 1886 1246 1928 τοῦτο
1293 1877 1525 1945 γενέσθαι
1571 1879 1662 1943 τὴν
1710 1877 1878 1940 πόλιν;

194 1949 511 1997 Coniecturae
550 1966 687 1998 meae
721 1949 893 2015 ἄτιμον
924 1954 1137 2001 fulcrum
1168 1954 1402 2016 praebere
1434 1954 1599 2002 locum
1638 1953 1878 2001 orationis

192 2023 307 2069 XXI
346 2040 391 2084 p.
419 2025 540 2085 458,
565 2026 597 2071 4
637 2027 779 2073 λῦσαι
819 2023 869 2073 δὲ
908 2033 965 2095 τῇ
1007 2026 1141 2075 πόλει
1188 2027 1278 2090 τὴν
1325 2025 1522 2091 ἀτιμίαν
1561 2028 1763 2075 Asmus
1793 2026 1874 2075 ob-

192 2099 429 2156 servavit,
489 2098 618 2158 quod
669 2114 783 2147 vero
833 2102 938 2162 ipse
996 2103 1230 2162 proponit
1285 2100 1514 2149 ὑπαίτιον
1571 2103 1708 2150 nisus
1763 2101 1876 2149 loco

192 2172 429 2217 orationis
475 2170 591 2218 XVI
637 2189 683 2234 p.
720 2175 844 2234 179,
881 2176 949 2222 20
1005 2173 1121 2238 μετὰ
1180 2182 1277 2223 τῶν
1327 2173 1639 2240 ἀσεβούντων
1690 2192 1738 2223 τε
1792 2171 1877 2221 καὶ

191 2240 335 2290 τᾶλλα
375 2242 612 2291 ὑπαιτίων
652 2271 723 2277 —
763 2249 816 2294 at
854 2247 945 2295 hoc
977 2248 1084 2296 loco
1116 2249 1409 2298 vocabulum
1444 2251 1728 2297 coniectura
1760 2263 1875 2295 con-

191 2318 378 2363 tinetur
416 2344 488 2349 -—
528 2319 760 2379 amplecti
798 2322 1054 2384 noluerim,
1093 2324 1152 2369 ut
1191 2323 1324 2385 quod
1365 2339 1475 2370 cum
1513 2319 1744 2388 γενέσθαι
1782 2323 1873 2368 mi—

190 2406 281 2437 nus
320 2390 440 2437 bene
481 2394 632 2439 coeat.

301 2480 346 2524 p.
377 2464 589 2524 128,14
629 2463 709 2512 καὶ
749 2473 846 2514 ποῦ
877 2466 929 2516 τὸ
970 2467 1122 2526 θεοὺς
1161 2467 1445 2534 ἀνθρώπων
1491 2464 1616 2517 εἶναι
1663 2468 1874 2533 κρείττο-

191 2555 296 2596 νας,
340 2536 384 2584 εἰ
419 2536 471 2585 τὸ
513 2535 666 2600 μηδὲν
700 2535 1006 2603 ἁμαρτάνειν
1053 2540 1134 2590 καὶ
1181 2541 1312 2606 παρὰ
1362 2542 1552 2600 τούτοις
1602 2540 1874 2605 ἀξιώσομεν

190 2603 338 2668 εἶναι;
395 2609 602 2658 Versum
650 2614 1020 2675 epigrammatis
1069 2616 1374 2664 celeberrimi
1426 2619 1479 2664 in
1524 2616 1872 2664 Demosthenis

190 2682 248 2730 de
289 2699 469 2730 corona
508 2687 730 2732 oratione
769 2690 953 2734 servati
990 2691 1256 2750 p.322,16
1300 2687 1454 2752 μηδὲν
1502 2687 1733 2753 ἁμαρτεῖν
1773 2686 1873 2736 ἐστὶ

190 2760 324 2804 θεῶν
363 2758 540 2817 respici
579 2757 935 2807 Herwerdenus
976 2762 1248 2810 adnotavit.

311 2914 352 2966 1)
385 2911 557 2958 Mnem.
579 2911 766 2954 XXXIII
795 2919 881 2969 lsq
