1992 3094
199 91 307 143 472
763 84 990 128 LIBANII
1022 83 1245 134 ORATIO
1278 83 1313 126 L

310 225 358 276 2.
423 223 612 276 Πολλὰ
665 229 810 274 ποιεῖ
863 228 1001 289 χοῦν
1055 218 1116 272 ἐν
1169 227 1286 281 ταῖς
1339 219 1589 287 πόλεσιν,
1653 215 1695 272 ὦ
1750 221 1881 273 θεία

199 315 432 381 κεφαλή,
494 312 791 363 πίπτουσαι
854 310 1023 362 οἰκίαι
1086 309 1318 377 σαθραί,
1381 308 1438 360 αἱ
1497 305 1556 360 δὲ
1611 310 1886 362 τεκτόνων

200 400 357 470 τέχνῃ
393 402 670 468 λυόμεναι,
710 397 960 466 θεμέλιοι
992 396 1141 458 νέαις
1172 395 1472 463 τιθέμενοι,
1511 397 1636 466 περὶ
1669 398 1885 450 οἰκοδο·

199 491 411 557 μήματα
466 488 698 555 δημόσια
751 487 816 538 τὰ
868 486 1005 538 αὐτὰ
1058 492 1228 537 ταῦτα
1282 486 1596 553 γιγνόμενα.
1684 492 1886 538 τοῦτον
1968 533 1989 552 33

156 599 175 631 5
201 578 266 645 δὴ
299 578 396 629 τὸν
428 576 531 628 άπὸ
564 576 775 628 τούτων
806 582 944 643 χοῦν
976 575 1061 626 δεῖ
1090 570 1192 642 μὲν
1223 571 1323 636 ἔξω
1357 572 1631 643 φέρεσθαι
1670 583 1883 644 τειχῶν,
1966 568 1989 578 ’”

199 665 343 727 ὅπως
397 662 481 732 ἐφ’
530 664 761 732 ὅτουπερ
818 665 991 715 ε”κειτο
1046 669 1211 714 τοῦτο
1268 659 1482 725 δέξαιτό
1538 681 1590 714 τι
1648 662 1796 715 ἴδιον
1849 661 1881 730 ἢ

199 755 479 822 δημόσιον.
557 752 603 804 3.
659 750 749 803 καὶ
797 752 856 802 τὸ
905 747 1006 818 μὲν
1053 753 1270 804 δίκαιον
1315 747 1386 819 ἦν
1432 749 1527 819 ἀφ’
1568 747 1630 819 ἧς
1670 751 1885 804 οἰκοδο-
1971 756 1992 818 3

196 849 372 909 μεῖται
425 842 491 894 τὰ
541 841 773 909 δημόσια
829 840 1099 908 δαπάνης,
1156 838 1260 892 ἀπὸ
1315 841 1514 908 ταύτης
1567 838 1658 893 καὶ
1719 847 1885 893 τοῦτο
1967 831 1992 910 5''{'

197 931 530 998 πράττεσθαι
562 929 621 981 τὸ
654 927 829 998 μέρος.
907 929 955 981 εἰ
987 929 1091 998 γὰρ
1123 929 1189 980 τὰ
1221 927 1356 992 ξύλα
1395 927 1484 981 καὶ
1524 931 1654 991 τοὺς
1687 929 1886 992 λίθους
1968 943 1972 946 ’

134 1040 174 1071 ιο
197 1017 287 1071 καὶ
341 1018 634 1087 κεραμίδας
679 1015 769 1069 καὶ
824 1016 1055 1086 ἐργάτας
1109 1015 1198 1069 καὶ
1253 1016 1508 1080 τέκτονας
1562 1019 1653 1071 καὶ
1706 1018 1886 1071 πάντα
1972 1075 1977 1078 ,

198 1107 379 1169 ἁπλῶς
434 1105 503 1159 δι’
559 1101 637 1158 ὧν
700 1106 768 1158 ἄν
829 1126 910 1168 τις
970 1105 1002 1174 ἢ
1066 1106 1531 1159 κατασκευάσαιτό
1592 1125 1643 1158 τι
1705 1116 1818 1160 τῶν
1874 1104 1880 1177 Ι

109 1207 309 1251 RH552
344 1195 443 1248 οὐκ
483 1197 662 1248 ὄντων
700 1194 732 1262 ἢ
769 1193 1143 1247 ε’πισκευάσειε
1181 1203 1292 1248 τῶν
1330 1197 1638 1263 καμόντων,
1679 1197 1726 1248 εἰ
1757 1196 1884 1248 τού-

196 1304 306 1336 των
333 1284 422 1336 καὶ
454 1292 566 1336 τῶν
593 1284 862 1336 τοιούτων
894 1283 1112 1336 δίκαιον
1143 1284 1215 1352 μὴ
1249 1284 1478 1352 φεύγειν
1502 1284 1604 1352 τὴν
1631 1284 1885 1352 δαπάνην

195 1373 295 1440 τὴν
330 1374 510 1439 πόλιν,
550 1371 714 1424 ταύτὸ
755 1374 1014 1440 κρατείτω
1050 1372 1268 1426 δίκαιον
1306 1373 1395 1424 καὶ
1435 1373 1559 1442 περὶ
1600 1373 1697 1425 τὸν
1729 1379 1884 1441 χοῦν.

132 1481 172 1513 15
197 1461 243 1513 εἰ
284 1460 345 1513 δὲ
375 1465 551 1522 καλῶς
582 1461 647 1512 τὰ
682 1467 790 1513 νῦν
827 1462 1126 1528 γιγνόμενα
1157 1462 1402 1528 γίγνεται
1435 1461 1560 1527 περὶ
1598 1461 1696 1513 τὸν
1726 1468 1884 1529 χοῦν,

195 1550 252 1601 τί
293 1550 364 1617 μὴ
413 1550 504 1601 διὰ
549 1549 770 1602 πάντων
816 1557 979 1602 τοῦτο
1030 1552 1241 1619 ἔρχεται
1289 1558 1398 1602 τῶν
1437 1550 1750 1602 ποιούντων
1790 1550 1884 1618 δη-
1967 1577 1970 1579 ·

198 1639 393 1705 μόσιον
433 1638 791 1705 οῑκοδόμημα;
840 1642 886 1690 εἰ
930 1635 1031 1706 μὲν
1071 1638 1175 1708 γὰρ
1216 1638 1366 1707 ὠμὸν
1405 1645 1591 1706 τοῦτο,
1640 1637 1884 1691 κάκεῖνο·

198 1726 245 1778 εἰ
294 1724 342 1777 δ’
389 1725 453 1777 οὐ
503 1726 715 1793 δεινόν,
764 1724 882 1778 οὐδ’
931 1725 1123 1779 ἐκεῖνο.
1200 1726 1250 1779 4.
1298 1726 1434 1779 ἀλλὰ
1478 1728 1666 1780 δεινόν
1711 1746 1793 1794 τε,
1841 1723 1885 1779 ὦ

197 1815 440 1881 βασιλεῦ,
485 1814 574 1866 καὶ
614 1814 810 1867 ἄδικον
848 1812 936 1867 καὶ
977 1815 1148 1868 κακὸν
1186 1816 1275 1868 καὶ
1316 1817 1486 1884 λόγου
1527 1816 1731 1878 παντὸς
1769 1814 1884 1869 ἐπι-

132 1921 174 1953 20
199 1909 379 1963 εικοῦς
423 1901 795 1970 ἐστερημένον.
872 1904 929 1956 τί
965 1902 1160 1970 λέγεις;
1204 1901 1382 1972 ἔθηκα
1427 1905 1589 1972 τιμὴν
1636 1903 1810 1972 ὀρέων
1848 1903 1884 1972 ἢ

198 1990 344 2041 ὄνων
381 1988 413 2057 ἢ
454 1993 734 2059 καμήλων,
783 1990 1177 2062 ἐμισθωσάμην
1219 1996 1348 2055 τοὺς
1387 1991 1886 2061 ἐπιμελησομένους

197 2077 407 2129 τούτων
458 2077 712 2146 ἑκάστου,
766 2077 855 2131 καὶ
911 2079 1139 2147 γέγονεν
1193 2079 1460 2134 ἐντεῦθεν
1509 2080 1633 2149 ἐμοί
1682 2100 1740 2133 τε
1793 2081 1883 2134 καὶ

199 2164 414 2232 γυναικὶ
462 2167 550 2218 καὶ
598 2166 789 2219 παισὶν
831 2167 862 2236 ἡ
911 2171 1105 2238 τροφή.
1185 2172 1255 2221 σὺ
1297 2168 1345 2222 δ’
1385 2170 1523 2240 ἅπτῃ
1571 2168 1661 2222 καὶ
1709 2169 1885 2232 ἕλκεις

197 2253 284 2305 καὶ
331 2254 391 2305 τὸ
440 2252 573 2322 ἐμὸν
622 2256 721 2308 σὸν
767 2265 967 2324 ποιεῖς,
1018 2255 1107 2309 καὶ
1162 2258 1247 2310 δεῖ
1296 2259 1357 2311 τὸ
1409 2258 1510 2325 μὲν
1557 2256 1883 2327 ἐργάζεσθαι

317 2433 336 2470 1
373 2427 428 2471 cf.
454 2443 498 2484 p.
519 2433 653 2482 30,11
674 2443 740 2484 sq.

315 2594 338 2630 2
373 2586 549 2643 σαθραί
577 2590 741 2646 scripsi
766 2593 954 2636 auctore
980 2592 1152 2637 Cobeto
1178 2594 1307 2637 Misc.
1330 2598 1412 2637 158
1438 2593 1540 2638 coll.
1561 2599 1748 2650 290‚18;
1781 2596 1814 2638 t.
1838 2593 1882 2636 II

198 2651 354 2700 208,2;
386 2649 418 2690 t.
444 2647 508 2690 IV
527 2652 689 2702 790‚22
708 2649 747 2691 R
813 2649 989 2706 σαπραί
1019 2651 1128 2694 libri
1161 2653 1251 2695 edd
1295 2655 1300 2709 Ι
1344 2654 1529 2708 „malim
1559 2658 1636 2697 τε“
1668 2652 1883 2697 Mounier

256 2709 281 2746 6
314 2703 495 2757 δέξαιτό
525 2707 587 2765 τι]
621 2705 751 2760 δέξαί
781 2724 833 2751 το
861 2709 900 2753 G
1017 2714 1070 2753 10
1103 2712 1183 2754 καὶ
1207 2712 1286 2769 (4)]
1321 2710 1350 2768 ἢ
1384 2711 1474 2755 Got
1597 2717 1647 2756 11
1681 2719 1772 2756 τῶν
1805 2726 1880 2755 om

198 2760 286 2805 Got
466 2769 518 2806 13
551 2766 725 2810 τούτων
756 2768 802 2810 Ρ
831 2768 912 2811 sed
946 2785 1009 2811 ων
1041 2769 1090 2811 in
1120 2782 1196 2812 ras
1229 2770 1298 2812 m⁶
1476 2775 1528 2814 17
1562 2770 1649 2828 γὰρ
1683 2785 1758 2814 om
1790 2769 1884 2815 Gob

259 2826 310 2863 18
344 2823 498 2866 δεινὸν
531 2823 737 2884 (τοῦτο)
771 2826 875 2869 coni
907 2826 974 2869 Re
1007 2830 1054 2871 et
1084 2824 1296 2872 Monniejr
1502 2833 1558 2873 20
1589 2837 1732 2886 τιμῶν
1764 2831 1800 2873 Ι

199 2882 252 2921 22
285 2881 363 2923 καὶ
397 2882 456 2936 (2)
490 2895 563 2924 om
595 2882 686 2926 Got
807 2889 862 2928 23
895 2885 945 2928 δὲ
978 2885 1069 2928 edd
1191 2892 1246 2930 24
1277 2887 1358 2932 τὸν
1389 2889 1420 2930 1
1459 2890 1465 2944 Ι
1508 2905 1558 2932 το
1591 2889 1670 2933 ΡΙ
