1992 3094
716 776 978 829 XXXVII
1017 776 1272 848 (xxxvl
1296 776 1383 849 R).

314 899 486 948 Oratio
526 901 605 947 vel
643 901 809 962 potius
857 900 1214 962 scriptiuncula
1259 899 1404 964 πρὸς
1443 898 1750 948 Πολυκλέα
1797 902 1886 948 ali-

204 978 390 1036 quanto
437 976 551 1036 post
597 989 782 1021 annum
823 975 926 1022 366
946 967 986 1040 1)
1028 976 1315 1036 composita,
1363 990 1461 1036 qua
1499 974 1737 1023 Libanius
1777 990 1886 1023 con·

203 1049 474 1096 suetudinis
512 1064 640 1110 quae
670 1049 771 1110 ipsi
809 1063 920 1095 cum
951 1048 1152 1110 Polycle
1192 1048 1311 1096 olim
1344 1049 1404 1096 ab
1436 1048 1631 1096 Iuliano
1663 1048 1887 1110 praeside

202 1122 469 1170 Phoenices
508 1123 641 1170 facto
689 1123 875 1183 fuerat,
927 1123 986 1169 ab
1026 1122 1114 1170 illo
1161 1125 1338 1184 ruptae
1387 1138 1559 1171 causas
1607 1139 1716 1171 cum
1765 1124 1886 1172 alias

200 1199 311 1244 tum
358 1196 696 1244 diversitatem
742 1197 802 1244 de
840 1196 1035 1244 Iuliano
1082 1196 1252 1244 iudicii
1299 1198 1549 1258 exposuit,
1598 1213 1695 1243 non
1742 1197 1888 1258 plane

323 1324 365 1379 1)
396 1321 519 1366 Nam
541 1321 693 1365 verbis
716 1337 761 1378 p.
781 1326 952 1375 240,23
963 1337 1030 1377 sq.
1055 1317 1175 1378 ἦσαν
1201 1321 1251 1366 δὲ
1277 1321 1321 1366 οἱ
1346 1322 1605 1377 φάσκοντες
1635 1323 1778 1366 αὐτὸν
1811 1323 1888 1366 καὶ

202 1380 332 1439 μέχρι
363 1388 444 1437 τῆς
473 1384 684 1436 τελευτῆς
722 1380 965 1438 ἐνέχεσθαι
1000 1388 1054 1439 τῇ
1096 1380 1216 1439 νόσῳ
1254 1382 1446 1426 minime
1485 1383 1537 1425 ut
1574 1395 1734 1426 recens
1766 1396 1887 1425 mors

203 1440 424 1496 Elpidii
456 1442 858 1495 commemoratur,
891 1441 949 1483 de
973 1454 1067 1496 qua
1090 1428 1430 1498 Philostorgius
1463 1441 1506 1485 h.
1526 1455 1562 1484 e.
1583 1440 1666 1483 VII
1695 1445 1747 1484 10
1778 1444 1888 1485 πολ-

202 1500 273 1543 λοὶ
305 1500 388 1555 μὲν
427 1499 583 1555 inquit
621 1507 712 1543 τῶν
745 1500 811 1550 εἰς
840 1500 949 1574 τοὺς
979 1500 1290 1554 Χριστιανοὺς
1320 1500 1401 1544 καὶ
1430 1499 1515 1556 τὴν
1547 1499 1784 1558 εὐσέβειαν
1817 1501 1887 1544 ἐκ·

202 1557 439 1614 μανέντων
472 1556 607 1608 δίκας
639 1558 794 1603 ἔτισαν
827 1559 881 1602 οὐ
914 1575 1152 1615 μεμπτας
1202 1595 1210 1603 .
1237 1559 1316 1602 καὶ
1337 1556 1574 1609 Ἐλπίὸιος
1603 1564 1684 1615 τῆς
1715 1561 1888 1617 βασιλι-

202 1623 287 1673 κῆς
311 1615 460 1668 οἰκίας
483 1618 716 1672 προεστώς
735 1652 846 1662 .....
873 1619 954 1661 καὶ
979 1617 1002 1662 ὁ
1026 1615 1261 1668 Ἐλπίὸιος
1285 1618 1334 1662 δὲ
1368 1618 1417 1661 εἰ
1448 1618 1541 1662 καὶ
1572 1625 1679 1662 τῶν
1713 1618 1888 1662 ἄλλων

203 1677 577 1734 βραδύτερον,
618 1674 717 1720 ἀλλ’
747 1674 833 1720 οὖν
864 1683 918 1734 τῇ
951 1684 1033 1721 τοῦ
1065 1674 1340 1732 Προκοπίου
1371 1675 1617 1733 τυραννίδι
1657 1678 1889 1733 συμπράτ-

201 1753 293 1779 των
326 1735 568 1791 φωραθεὶς
612 1734 662 1786 ὃς
693 1734 919 1792 ἐπανέστη
954 1739 1017 1795 τῷ
1052 1735 1292 1789 Οὐάλεντι,
1332 1743 1423 1779 τῶν
1455 1753 1502 1780 τε
1533 1735 1780 1794 χρημάτων
1812 1753 1890 1794 yv-

203 1795 407 1850 μνωθεὶς
430 1795 509 1838 καὶ
542 1794 797 1850 εἱρκταῖς
827 1796 1139 1869 καταβιοὺς
1170 1796 1379 1846 ἀκλεῶς
1402 1795 1780 1851 καταστρέφει
1809 1796 1890 1839 τὸν

202 1851 305 1911 βίον
339 1853 569 1909 ἐπαρατος
598 1861 714 1898 πᾶσι
745 1855 945 1911 γεγονὼς
983 1855 1062 1898 καὶ
1103 1853 1126 1898 ὁ
1158 1854 1308 1910 θύτης
1334 1851 1571 1904 Ἐλπίὸιος
1609 1853 1889 1911 ἐπονομαζό-

204 1928 340 1969 μενος
372 1913 446 1969 (cf.
465 1913 692 1957 Theodor.
710 1914 774 1956 ΠΙ
800 1918 853 1957 12
880 1915 927 1957 et
953 1915 1038 1970 13).
1095 1912 1227 1958 Certe
1259 1913 1308 1955 in
1342 1912 1559 1957 Sieversii
1590 1913 1709 1956 libro
1741 1929 1785 1970 p
1805 1918 1889 1957 203

202 1972 461 2016 orationem
498 1975 606 2028 post
637 1986 810 2016 annum
843 1977 927 2016 365
962 1973 1185 2029 scriptam
1225 1986 1325 2016 esse
1364 1972 1486 2016 male
1516 1972 1710 2029 legitur,
1749 1972 1888 2028 paulo

202 2030 368 2074 melius
407 2033 515 2087 post
557 2045 731 2074 annum
763 2036 848 2075 366
888 2047 931 2088 p.
961 2036 1044 2075 133
1078 2034 1126 2074 et
1158 2036 1255 2075 142.
1318 2031 1537 2075 Reiskius
1570 2031 1779 2075 Anim.V
1803 2035 1887 2074 542

204 2103 306 2133 eam
339 2105 368 2133 a
393 2091 593 2134 Libanio
618 2091 712 2135 iam
735 2105 836 2135 sene
865 2091 1172 2147 compositam
1196 2090 1367 2134 dixisse
1393 2091 1508 2134 satis
1534 2090 1710 2134 habuit.
1760 2090 1887 2134 Mon-

203 2149 357 2192 nerius
383 2163 464 2192 cur
489 2150 548 2192 ad
574 2162 745 2192 annum
772 2150 869 2194 fere
895 2154 986 2193 386·
1005 2149 1299 2194 descenderit
1321 2151 1381 2206 (p.
1402 2152 1519 2206 237),
1543 2150 1711 2193 nescio.
1757 2150 1888 2194 Certe
1928 2194 1932 2202 ,

202 2207 560 2263 improbandum
599 2209 724 2264 quod
756 2209 933 2265 Elpidii
971 2223 1140 2253 nomen
1179 2210 1445 2252 constanter
1488 2222 1543 2251 ex
1573 2209 1783 2252 oratione
1814 2222 1890 2252 ex-

202 2266 470 2322 pellendum
496 2269 543 2311 et
567 2281 672 2311 cum
696 2267 971 2312 Nebridio
1004 2269 1281 2313 mutandum
1306 2267 1487 2311 censuit
1512 2270 1571 2323 (p.
1593 2271 1708 2324 238).
1757 2267 1890 2310 Eius·

203 2326 330 2368 modi
372 2326 635 2382 corruptela
674 2326 722 2369 in
762 2326 948 2370 Libanii
987 2327 1205 2383 operibus
1248 2326 1388 2383 plane
1431 2326 1646 2370 inaudita
1686 2329 1767 2369 est.
1829 2325 1890 2369 Et

203 2384 443 2440 Elpidium
467 2398 588 2428 anno
615 2389 700 2428 360
725 2400 816 2440 quo
840 2385 1020 2430 Helena
1043 2399 1158 2429 uxor
1180 2385 1350 2428 Iuliani
1376 2385 1494 2429 obiit
1525 2385 1599 2441 (cf.
1634 2401 1676 2441 p.
1698 2387 1887 2440 244,13)

202 2442 492 2498 praefectum
523 2444 756 2499 praetorio
789 2444 933 2488 fuisse
966 2444 1119 2488 edicto
1152 2444 1336 2488 Codicis
1360 2444 1672 2488 Theodosiani
1696 2444 1779 2488 VII
1802 2448 1843 2498 4,
1860 2447 1886 2486 6

202 2504 387 2545 constat
417 2502 490 2557 (cf.
511 2501 846 2547 Gothofredum
870 2504 1057 2560 Prosop.
1085 2503 1192 2548 Cod.
1211 2503 1383 2547 Theod.
1410 2519 1453 2559 p.
1474 2508 1579 2556 3653
1614 2503 1886 2547 Sieversium

202 2576 245 2616 p.
267 2566 373 2615 223,
406 2560 743 2605 Mommsenum
775 2563 835 2605 ad
868 2562 976 2606 Cod.
1003 2563 1215 2606 Theod.1
1242 2566 1356 2619 7,1).
1419 2562 1479 2605 Et
1509 2562 1686 2618 Elpidii
1721 2575 1886 2605 nomen

203 2620 344 2664 etiam
376 2620 424 2663 in
457 2620 666 2665 oratione
698 2621 818 2664 XLII
848 2623 883 2665 t.
908 2621 949 2665 II
974 2626 1075 2675 401,
1094 2622 1178 2665 2R
1217 2621 1429 2665 occurrit.
1500 2621 1536 2663 E
1581 2619 1887 2664 similitudine

203 2693 306 2722 vero
340 2692 459 2734 quae
484 2678 671 2735 Elpidio
703 2679 863 2736 reique
894 2696 940 2737 p.
962 2685 1062 2735 244,
1085 2686 1136 2723 16
1151 2695 1216 2735 sq
1252 2680 1309 2723 de
1341 2694 1394 2723 eo
1426 2679 1637 2735 prolatae
1670 2694 1774 2722 eum
1796 2678 1887 2722 Ne—

203 2737 355 2781 bridio
389 2739 435 2782 et
466 2752 513 2781 re
547 2738 604 2781 de
636 2751 690 2782 eo
724 2753 751 2782 a
774 2739 970 2783 Libanio
1002 2741 1034 2782 t.
1051 2716 1096 2782 H
1120 2755 1164 2795 p.
1184 2743 1283 2792 282,
1305 2743 1357 2781 16
1374 2753 1439 2793 sq
1474 2751 1621 2793 aeque
1654 2740 1795 2793 atque
1827 2736 1885 2780 ab

203 2796 449 2839 Ammiano
480 2796 586 2839 XXI
611 2802 651 2851 5,
674 2803 723 2840 11
738 2812 803 2852 sq
837 2799 1028 2841 narrata
1058 2775 1327 2851 intercedit,
1368 2798 1424 2841 de
1458 2797 1650 2840 diversis
1683 2796 1886 2863 eiusdem

202 2869 306 2910 pers
287 2869 426 2898 sonae
458 2855 761 2898 nominibus
750 2856 829 2913 ‘igi
853 2856 1132 2901 concludere
1150 2856 1390 2900 nonlicet.
1444 2855 1726 2911 Obloquitur-
1747 2854 1887 2911 scrip-

205 2916 357 2956 torum
389 2913 725 2969 titulorumque
758 2928 836 2958 eos
868 2915 1229 2958 discernentium
1263 2915 1531 2958 auctoritas.
