1992 3094
127 605 146 637 5

105 1048 146 1079 10

172 91 279 144 302
702 89 932 133 LIBANII
963 88 1188 133 ORATIO
1220 89 1321 132 XLI

172 235 370 280 νοῦσιν
417 220 499 288 οἷς
545 226 873 278 κελεύουσιν
919 224 1238 287 ἀνιστάντες
1283 243 1341 277 τε
1388 224 1559 278 αὐτὸν
1607 223 1712 276 ἀπὸ
1760 231 1861 277 τοῦ

171 316 386 384 θρόνου
411 313 500 367 καὶ
525 322 863 383 προσκυνεῖν
888 313 1282 381 ἀναγκάζοντες
1314 314 1416 381 τὴν
1446 315 1629 381 πόλιν,
1663 312 1864 375 αὑτοὺς

170 409 467 464 καλοῦντες
512 405 688 456 πόλιν.
774 403 930 469 ὑμῶν
977 399 1038 454 δὲ
1085 403 1138 454 οἱ
1184 399 1286 468 μὲν
1332 403 1575 471 θάτερον
1620 409 1863 470 ποιοῦσι,

171 494 230 546 τὸ
282 494 575 562 πρότερον,
627 494 680 544 οἱ
731 488 791 543 δὲ
843 489 932 543 καὶ
985 490 1282 560 ἀμφότερα.
1359 492 1448 543 καὶ
1500 497 1663 543 τοῦτο
1717 490 1864 552 ὅπως

171 582 302 634 ποτὲ
342 583 507 650 δεῦρο
549 581 834 648 εἰσῆλθεν,
883 580 985 632 οὐκ
1025 574 1175 646 οἶδα,
1221 577 1335 631 ἐπεὶ
1375 576 1437 632 ἔν
1476 599 1536 646 γε
1575 587 1690 642 τοῖς
1727 597 1862 648 προ-

169 670 345 739 τέροις
369 671 590 738 χρόνοις
616 665 784 722 οὐδὲν
812 676 1070 721 τοιοῦτον
1103 668 1230 720 οὔτε
1265 666 1477 736 ἐλέγετο
1511 669 1638 721 οὔτε
1670 666 1863 738 ἐπράτ-

169 778 303 811 τετο.
382 756 499 811 οὐδ’
542 756 796 827 ἑωρῶμεν
844 757 997 826 ἡμεῖς
1043 759 1163 809 τότε
1211 757 1468 818 τοιαύτας
1506 757 1608 824 μὲν
1647 757 1863 819 στάσεις

170 847 466 916 ἀρχόντων,
498 847 753 908 τοιαύτας
779 846 840 898 δὲ
871 855 1055 915 χεῖρας
1084 843 1204 898 οὐδ’
1236 845 1469 898 ἀπιόντα
1501 854 1613 897 τῶν
1643 851 1864 898 θεατῶν

169 935 399 989 ἕκαστον
429 933 811 1003 πεπεισμένον,
844 934 916 997 ὡς
947 933 1045 1004 ὑφ’
1077 932 1251 1005 ἑαυτῷ
1283 934 1383 986 τὸν
1415 934 1655 1004 ἄρχοντα
1686 934 1862 1003 λάβοι.

284 1025 364 1076 16.
436 1023 708 1077 Ἐνταῦθα
754 1024 930 1076 πολλὰ
983 1024 1131 1093 παρὰ
1177 1025 1307 1085 τοὺς
1361 1024 1568 1091 νόμους
1615 1025 1748 1091 ἔργα
1801 1024 1862 1075 τὸ

170 1112 409 1182 θεάτρον
463 1112 815 1182 ἀπεργάζεται
870 1115 966 1165 καί
1015 1131 1161 1174 τινες
1215 1111 1590 1182 ἁρπασθέντες
1645 1110 1863 1165 ἐκεῖθεν

171 1201 444 1271 ἐδέθησαν
491 1199 583 1254 ἀπ’
621 1202 824 1268 ὀλίγων
869 1202 1127 1270 ῥημάτων
1172 1199 1268 1253 ὑπ’
1304 1200 1509 1269 ὀλίγων
1558 1199 1862 1270 ῥηθέντων.

170 1291 198 1344 ὁ
247 1291 349 1360 γὰρ
400 1292 466 1358 δὴ
516 1298 611 1358 τῆς
657 1293 790 1359 βοῆς
838 1293 972 1358 ἔρως
1019 1291 1196 1343 πάντα
1239 1289 1534 1359 ὑπηρετεῖν
1573 1289 1862 1357 ἀναγκάζει

168 1380 234 1432 τά
279 1399 336 1432 τε
383 1381 519 1431 ἄλλα
566 1380 654 1431 καὶ
702 1379 916 1447 τρέχειν
963 1381 1039 1442 εἰς
1094 1379 1483 1447 τὴν-Δάφνην
1537 1377 1627 1431 καὶ
1682 1386 1864 1432 ποιεῖν

83 1481 282 1524 RH386
315 1469 415 1536 τὴν
447 1471 616 1538 μυρία
652 1466 657 1539 Ι
692 1469 830 1520 κακὰ
869 1476 932 1537 τῇ
969 1470 1127 1521 πόλει
1167 1467 1452 1538 φέρουσαν
1493 1466 1704 1536 ἑορτήν,
1744 1465 1861 1520 ἐπεὶ

103 1580 144 1612 16

103 1933 145 1965 20

168 1558 257 1609 καὶ
306 1556 422 1610 νέοι
469 1558 602 1625 μετὰ
650 1557 1016 1626 σωφροσύνης
1071 1557 1374 1624 ἀναβάντες
1429 1555 1600 1609 ἐκεῖσε
1655 1556 1862 1623 ταύτην

169 1645 537 1713 ἀποβαλόντες
576 1645 897 1715 κατέβησαν.
970 1647 1046 1708 εἰς
1086 1647 1120 1698 ἄ
1158 1666 1252 1715 μοι
1293 1647 1444 1699 δοκεῖ
1481 1646 1741 1713 βασιλεύς
1779 1665 1862 1707 τις

169 1733 379 1801 ἀγαθὸς
434 1734 747 1803 ἀποβλέψας
801 1734 992 1803 σβέσαι
1045 1735 1107 1787 τὸ
1162 1743 1410 1805 πρᾶγμα,
1465 1735 1525 1787 τὸ
1579 1731 1638 1786 δὲ
1694 1729 1862 1796 αὖθις

169 1821 371 1891 ἀνέφυ,
426 1823 515 1875 καὶ
562 1825 770 1890 γίνεται
817 1833 929 1877 τῶν
974 1824 1077 1892 μὲν
1123 1822 1546 1891 ἐπιταττόντων,
1597 1823 1754 1890 ὑμῶν
1800 1822 1861 1875 δὲ

168 1910 606 1980 ὑπουργούντων
654 1913 921 1981 εὔδαιμον
967 1920 1131 1966 τοῦτο
1181 1911 1521 1981 ἡγουμένων.
1598 1909 1688 1964 καὶ
1727 1912 1860 1978 μετὰ

169 1998 447 2062 ἀναιδείας
493 1999 654 2053 πέντε
701 2000 732 2068 ἢ
782 2001 871 2053 καὶ
918 2003 1142 2064 πλείους
1182 2000 1383 2070 ἡμέρας
1423 2000 1615 2070 ὁρᾶται
1663 2000 1860 2068 διάγον

168 2088 227 2139 τὸ
277 2087 512 2155 ἀναβάν,
563 2085 626 2157 ἧς
671 2090 732 2141 τὸ
779 2089 881 2157 μὲν
930 2091 1005 2152 εἰς
1053 2090 1279 2158 αὐτούς,
1330 2091 1391 2143 τὸ
1442 2088 1507 2141 δέ
1548 2109 1600 2141 τι
1646 2089 1736 2140 καὶ
1784 2089 1860 2150 εἰς

168 2175 308 2241 ὑμᾶς
347 2174 571 2246 ἔρχεται.
641 2179 818 2230 καίτοι
870 2184 923 2230 εἴ
963 2199 1045 2240 τις
1087 2179 1229 2247 ὑμᾶς
1276 2179 1706 2245 καταβαίνοντας
1753 2176 1857 2228 ἀπὸ

167 2271 262 2331 τῆς
299 2267 628 2328 πολυειὸοῦς
661 2266 837 2334 μέθης
878 2267 1104 2335 ἐκείνης,
1143 2266 1291 2335 περὶ
1331 2268 1394 2320 τί
1430 2267 1665 2335 χρόνος
1703 2265 1859 2333 ὑμῖν

287 2444 312 2481 2
346 2439 401 2481 ef.
428 2441 460 2482 b.
486 2439 528 2483 Π
559 2445 659 2494 473,
681 2446 701 2484 1
721 2441 762 2484 R
927 2447 981 2485 15
1015 2443 1071 2485 cf.
1097 2444 1129 2486 t.
1156 2442 1176 2484 I
1208 2446 1309 2497 405,
1330 2446 1405 2493 173
1438 2443 1469 2485 t.
1496 2441 1539 2484 Π
1570 2445 1670 2494 556,
1689 2445 1713 2482 2
1733 2454 1798 2494 Sq.
1817 2439 1859 2482 R

167 2497 435 2611 fflssgffisop'
455 2514 498 2555 p.
520 2504 603 2542 362
639 2499 691 2542 D.
710 2500 868 2545 Malal.
887 2517 930 2557 p.
953 2506 1051 2554 285,
1066 2507 1102 2545 1.
1153 2501 1202 2545 O.
1222 2500 1418 2545 Mueller
1433 2500 1624 2556 Antiqu.
1642 2499 1857 2542 Antioch.

289 2725 314 2762 5
347 2718 475 2777 ποτὲ]
508 2720 554 2763 τὲ
587 2721 621 2762 Ι
638 2719 772 2778 Bong
877 2726 901 2763 9
937 2720 1104 2765 ἑαυτὸν
1131 2723 1174 2766 V
1285 2726 1337 2764 10
1372 2720 1621 2764 ἐντεῦθενῖ
1655 2719 1857 2762 Sintenis

171 2777 368 2821 fortasse
397 2780 522 2822 recte
712 2785 763 2821 12
799 2779 1061 2836 ἐδεήθησαν
1092 2782 1127 2824 Ι
1152 2781 1285 2836 Bong
1475 2784 1528 2822 14
1561 2779 1639 2822 καὶ
1671 2777 1729 2821 τά
1762 2779 1805 2822 V

233 2841 284 2879 17
318 2835 630 2895 ἀποβαλόντες
660 2839 694 2880 Ι
720 2839 801 2880 sed.
834 2840 861 2895 β
894 2841 940 2882 et
970 2843 994 2882 λ
1026 2839 1074 2882 in
1105 2853 1180 2883 ras
1212 2838 1282 2881 m²
1442 2843 1495 2882 18
1528 2836 1800 2895 ἀποβλέψας
1830 2836 1861 2878 J

172 2895 252 2937 sed
283 2895 313 2938 ἀ
346 2895 394 2938 in
425 2909 500 2938 ras
532 2895 601 2938 m²
643 2898 649 2951 Ι
692 2913 742 2939 το
770 2899 829 2952 (2)
856 2899 901 2940 P
