1992 3094
112 163 341 209 LIBANII
365 161 592 207 ORATIO
625 161 943 207 ADVERSUS
974 162 1325 208 PAEDAGOGI
1354 163 1640 209 CONVICIA
1705 165 1807 217 197

226 299 309 352 12.
357 296 448 362 Ὡς
493 300 688 352 τοίνυν
734 296 1005 369 ἐπιθυμίᾳ
1051 299 1152 368 μὲν
1200 299 1393 368 ἀργίας
1431 296 1568 368 ἧκον
1613 298 1814 367 ἐκεῖσε,

114 395 551 459 προσποιοῦνται
600 383 661 440 δὲ
707 397 820 440 τῶν
865 387 1037 456 ἡδέως
1084 387 1465 456 ἐργαζομένων
1506 385 1666 456 εἶναι,
1716 390 1815 457 δῆ-

114 482 216 531 λον
253 473 356 543 μὲν
393 476 495 529 κάκ
534 483 637 528 τοῦ
680 485 793 528 τῶν
834 478 911 538 εἰς
950 478 1171 546 μνήμην
1209 482 1462 530 παλαιῶν
1502 479 1681 545 λόγων
1721 496 1817 544 φε-

116 567 328 636 ρόντων
371 563 725 634 ἠμεληκέναι,
783 565 957 633 δῆλον
1008 562 1070 618 δὲ
1118 566 1221 619 κάκ
1270 574 1369 619 τοῦ
1418 566 1585 619 πίονα
1629 584 1687 618 τε
1724 563 1816 618 καὶ

115 655 249 725 μετὰ
300 655 576 707 πλειόνων
630 663 856 720 σαρκῶν
910 652 1205 724 ἐπανήκειν
1258 655 1357 721 τὸν
1411 654 1554 708 νέον.
1639 656 1816 717 πίστις
1863 676 1882 708 5

118 743 181 797 δὲ
229 743 639 810 τοῦδελμείζων
688 743 750 795 τὸ
797 744 932 811 μετὰ
980 744 1127 796 πάνυ
1182 745 1426 806 πολλοὺς
1479 748 1815 811 πεποιῆσθαι

119 833 220 900 τὴν
275 830 567 885 ἐπάνοδον.
645 831 673 885 ὁ
723 832 786 885 δὲ
829 833 891 885 τὸ
942 829 1045 901 μὲν
1094 831 1283 900 ὀξέως,
1337 834 1399 885 τὸ
1457 829 1516 885 δὲ
1570 830 1819 902 βραδέως

118 921 430 989 πεποιηκὼς
468 921 535 974 οὐ
583 921 673 973 καὶ
721 930 946 974 σιωπῶν
993 921 1251 991 ὁμολογεῖ
1296 927 1370 994 τῷ
1416 921 1518 990 μὲν
1563 922 1817 989 ἥδεσθαι,

122 1009 184 1062 τὸ
225 1005 286 1062 δὲ
326 1009 734 1079 δυσχεραίνειν;
792 1010 874 1062 13.
913 1009 1048 1079 ὑμῖν
1088 1007 1148 1063 δὲ
1189 1015 1245 1063 εἴ
1275 1030 1357 1072 τις
1396 1005 1467 1078 ἧν
1508 1011 1689 1077 λόγων
1729 1010 1816 1061 λό-

122 1118 242 1166 γος,
288 1096 530 1166 ἐβλέπετ’
562 1098 750 1162 ὀὲν-είς
797 1096 889 1168 ἐμὲ
935 1100 1035 1152 τὸν
1080 1100 1432 1168 μεμενηκότα.
1508 1096 1598 1151 καὶ
1647 1106 1816 1150 ταῦτα
1841 1119 1883 1152 ιο

124 1185 214 1239 καὶ
261 1185 391 1256 παρ’
429 1187 586 1255 ὑμῶν
634 1186 866 1256 ἐγίγνετ’
898 1187 966 1241 ἂν
1013 1190 1349 1256 νομιζόντων
1398 1190 1609 1254 μᾶλλον
1662 1186 1819 1255 ὑμῶν

126 1272 215 1343 ἐμὲ
253 1276 315 1328 τὸ
357 1275 489 1329 δέον
528 1275 827 1347 ἑωρακέναι
866 1275 957 1330 καὶ
999 1278 1046 1330 εἰ
1087 1278 1178 1329 διὰ
1216 1273 1390 1346 μηδὲν
1428 1275 1636 1345 ἕτερον,
1683 1275 1819 1328 κατά

125 1383 186 1432 γε
223 1365 284 1417 τὸ
322 1369 539 1434 πλῆθος
577 1375 689 1419 τῶν
729 1364 883 1432 ἐτῶν,
934 1371 1090 1432 ι”σμεν
1129 1364 1216 1433 δέ,
1267 1364 1475 1418 ὁπόσον
1520 1365 1697 1435 τούτῳ
1737 1364 1818 1416 δί-

127 1454 299 1507 δωσιν
353 1454 382 1507 ὁ
428 1462 541 1507 τῶν
590 1463 835 1524 ποιητῶν
884 1463 1207 1523 κορυφαῖος.
1292 1461 1400 1507 νῦν
1451 1452 1501 1505 δ’
1533 1452 1668 1521 ἐμοῦ
1717 1453 1819 1519 μὲν

125 1544 488 1611 καταγνόντες
541 1541 840 1611 ἐπιθυμεῖν
888 1537 1158 1610 θανάτου,
1214 1543 1518 1610 εὐβούλους
1569 1539 1629 1594 δὲ
1679 1541 1818 1610 ὑμᾶς
1844 1561 1885 1595 15

127 1631 327 1694 αὐτοὺς
372 1632 708 1702 ἡγησάμενοι
755 1643 874 1695 ταῖς
913 1631 973 1686 ἐν
1012 1631 1163 1704 ἀγρῷ
1204 1630 1426 1700 τέρψεσι
1466 1632 1530 1683 τὰ
1570 1634 1820 1683 Μουσῶν

132 1718 139 1791 Ι
180 1718 463 1787 ἐβλάψατε.
532 1719 721 1790 ἐπειδὴ
759 1723 955 1775 τοίνυν
994 1719 1126 1774 ποθ’
1159 1721 1292 1787 ὑμῖν
1332 1718 1660 1772 ἐπανελθεῖν
1699 1730 1740 1774 R
1762 1730 1907 1774 11272

130 1807 307 1877 ἔδοξε,
353 1812 412 1862 τί
454 1808 713 1863 δύναισθ’
750 1809 819 1863 ἂν
865 1810 1022 1879 ἡμῶν
1061 1808 1308 1862 ἐνταῦθα
1354 1816 1696 1877 κατηγορεῖν,
1748 1807 1821 1869 ὡς

130 1896 284 1965 ὑμεῖς
339 1884 456 1967 μὲν
495 1897 823 1966 ἐπεθυμεῖτε
874 1908 986 1951 τῶν
1039 1896 1164 1968 παρ’
1205 1898 1376 1965 ἡμῶν,
1431 1896 1584 1965 ἡμεῖς
1638 1896 1698 1949 δὲ
1752 1896 1820 1948 οὐ

128 1987 506 2058 μετεδίδομεν;
550 1988 632 2040 14.
663 1988 801 2041 ἀλλὰ
832 1989 995 2041 τοῦτό
1028 2006 1089 2054 γε
1122 1984 1210 2039 καὶ
1243 1986 1349 2055 πρὸ
1382 1993 1476 2054 τῆς
1507 1994 1618 2037 τῶν
1647 2002 1818 2053 πραγ-
1845 2005 1890 2037 20

131 2076 316 2143 μάτων
355 2075 443 2129 ἐπὶ
482 2078 549 2130 τὰ
587 2080 815 2147 κρείττω
847 2078 1149 2143 μεταβολῆς
1181 2073 1530 2143 εἰσφέροντες
1570 2073 1671 2126 οὐκ
1703 2071 1822 2140 ε’λή-

255 2271 308 2311 14
339 2267 392 2311 Il.
419 2285 449 2310 α
475 2272 574 2312 259.
619 2269 752 2326 43370
767 2282 834 2324 sq.
885 2266 941 2310 cf.
968 2280 1040 2322 ep.
1069 2269 1153 2309 666
1275 2268 1330 2307 20
1363 2262 1419 2306 cf.
1452 2277 1496 2318 p.
1527 2266 1610 2306 188
1642 2263 1738 2304 not.
1767 2266 1787 2303 1

257 2450 279 2489 1
313 2443 573 2503 ἐπιθυμίαν
601 2447 685 2490 Mo
701 2445 803 2488 Mor
917 2447 942 2486 2
973 2441 1121 2499 ἡδέως
1145 2439 1277 2514 (Bw)
1303 2440 1448 2484 Cobet
1470 2439 1639 2483 Mnem.
1658 2437 1721 2481 ΠΙ
1740 2441 1822 2480 147

138 2502 269 2559 (Coll.
290 2507 391 2561 130)
542 2510 570 2547 4
600 2502 796 2549 πλείονα
830 2504 873 2547 V
1032 2508 1057 2544 ὅ
1091 2499 1202 2557 μετὰ
1234 2514 1309 2543 om
1334 2499 1437 2542 Mor
1600 2502 1625 2540 6
1658 2496 1827 2540 τούτου

139 2561 337 2608 GPaMo
360 2563 462 2608 Mor
557 2560 692 2608 τοῦδ’
714 2563 780 2607 ἔτι
811 2562 916 2606 coni
940 2562 1008 2605 Re
1167 2564 1192 2602 8
1223 2576 1286 2603 τω
1319 2559 1394 2602 ΡΙ
1419 2557 1542 2601 sed
1578 2556 1670 2599 add
1695 2554 1828 2599 P⁸I⁸

198 2625 224 2664 9
254 2637 306 2666 το
339 2624 418 2667 ΡΙ
441 2622 556 2666 sed
601 2622 695 2666 add
727 2621 858 2667 P³I⁸
917 2623 981 2680 τῷ
1015 2621 1058 2663 V
1086 2621 1092 2675 Ι
1127 2618 1312 2675 signum
1343 2614 1722 2690 interrogationis
1754 2627 1826 2658 re-

173 2679 275 2724 osui
305 2693 330 2724 e
354 2682 431 2725 ΡΙ
435 2683 486 2736 V,
519 2680 652 2726 colon
683 2680 854 2737 reliqui
884 2667 993 2722 libri
1026 2678 1117 2722 edd
1193 2676 1304 2733 ἡμῖν
1336 2676 1438 2719 Mor
1468 2675 1548 2731 qui
1580 2674 1687 2746 ὑμῖν
1720 2671 1825 2716 coni

139 2693 228 2797 Γτι
249 2738 353 2784 Mor
474 2745 528 2784 10
562 2741 585 2786 ἔ
612 2743 720 2785 λεπε
742 2738 783 2783 τ’
817 2740 900 2782 Mo
927 2740 933 2795 Ι
960 2736 1106 2781 ταύτὰ
1174 2750 1199 2779 e
1322 2740 1373 2778 11
1409 2729 1602 2791 ἐγίγνετ’
1639 2745 1687 2775 re
1722 2730 1825 2775 osui

140 2809 168 2840 ο
196 2796 329 2842 libris
391 2796 554 2857 ἐγίνετ’
633 2813 685 2843 or
745 2794 915 2856 ἐγένετ’
943 2797 1011 2841 Re
1136 2799 1188 2839 14
1221 2794 1273 2839 δὲ
1305 2793 1396 2838 edd
1518 2795 1570 2835 17
1604 2791 1679 2848 ἐβλ
1705 2799 1828 2862 ψατε

143 2855 302 2901 ΡαΜο
325 2816 439 2902 Mor
452 2858 459 2916 Ι
485 2855 606 2902 ποθ’
633 2858 703 2901 Re
762 2816 883 2902 πόθ’
911 2855 1020 2899 libri
1044 2854 1146 2898 Mor
1269 2858 1323 2896 18
1354 2868 1423 2902 τις
1453 2851 1555 2894 Mor
1582 2852 1588 2908 Ι
1616 2845 1819 2894 dimac&

145 2913 229 2959 Mo
318 2914 503 2962 δύναιτ’
530 2917 633 2961 Mor
682 2919 687 2973 Ι
738 2922 1011 2974 κατηγορεῖν
1045 2913 1255 2957 ἐνταῦθα
1284 2913 1320 2957 0
1469 2913 1522 2953 19
1556 2909 1828 2965 ἐπιθυμεῖτε

143 2973 304 3019 ΡαΜο
327 2974 429 3019 Mor
