1992 3094
507 97 734 142 LIBANII
766 97 991 142 ORATIO
1024 98 1143 143 PRO
1175 99 1432 144 TEMPLIS
1747 103 1813 154 91

127 237 343 298 θυσίας.
434 234 635 297 ταύτας
689 233 718 287 ὁ
771 233 972 287 ’κείνου
1032 231 1135 301 μὲν
1188 234 1437 304 ἀνεψιός,
1500 236 1696 306 ἀρετὴν
1758 235 1817 290 δὲ

127 326 345 378 ἅπασαν
390 323 728 391 κτησάμενος
774 321 1034 391 ἐπανάγει
1081 321 1171 376 καὶ
1218 329 1521 387 τεθνεῶτος
1568 324 1629 377 έν
1677 324 1818 393 Πέρ-

127 427 272 481 σαις,
327 412 357 465 ὅ
402 432 456 465 τι
507 412 785 481 δεδρακὼς
837 410 869 480 ἢ
925 411 1156 481 μέλλων,
1219 413 1419 482 ἀφίημι
1478 421 1602 481 νῦν,
1666 413 1815 482 μένει

126 501 229 571 μέν
265 521 390 554 τινα
429 501 489 554 τὸ
529 501 697 553 θύειν
737 502 905 569 ἱερεῖα
950 503 1173 570 χρόνον,
1219 501 1502 570 νεωτέρων
1549 502 1614 555 δέ
1648 512 1816 555 τινων

126 591 454 660 συμβάντων
495 589 748 658 ἐκωλύθη
795 590 943 659 παρὰ
988 599 1109 643 τοῖν
1156 590 1442 660 ἀδελφοῖν,
1498 589 1614 644 ἀλλ’
1646 591 1713 644 οὐ
1752 593 1813 644 τὸ
1863 613 1881 643 5

127 680 448 747 λιβανωτόν.
520 678 658 731 ἀλλὰ
696 680 860 731 τοῦτό
894 698 956 747 γε
987 680 1078 732 καὶ
1111 679 1139 732 ὁ
1175 680 1269 742 σὸς
1300 677 1594 748 ἐβεβαίωσε
1633 682 1816 748 νόμος,

127 768 265 821 ὥστε
303 769 375 837 μὴ
415 771 625 837 μᾶλλον
665 766 855 836 ἀλγεῖν
894 767 1033 836 ἡμᾶς
1068 766 1074 839 Ι
1110 761 1195 831 οἷς
1233 767 1594 838 ἀφῃρέθημεν
1634 768 1665 837 ἢ
1698 781 1800 825 ΒΙΙ
1819 785 1902 824 164

125 857 286 927 χάριν
332 855 539 910 εἰδέναι
586 866 697 910 τῶν
745 857 1262 927 συγκεχωρημένων.
1340 857 1387 911 8.
1444 859 1512 910 σὺ
1561 855 1662 926 μὲν
1711 853 1815 910 οὖν

126 943 252 999 οὔθ’
274 945 392 1013 ίερά
415 949 733 999 κεκλεῖσθαι
755 944 1119 1015 <ἐκέλευσας>
1144 947 1271 999 οὔτε
1294 946 1503 1015 μηδένα
1528 945 1814 1015 προσιέναι

125 1034 250 1087 οὔτε
293 1041 405 1103 πῦρ
454 1035 579 1087 οὔτε
627 1035 937 1102 λιβανωτὸν
992 1036 1119 1088 οὔτε
1172 1036 1268 1098 τὰς
1322 1034 1427 1088 ἀπὸ
1475 1044 1588 1089 τῶν
1633 1036 1815 1088 ἄλλων
1842 1058 1881 1090 ιο

123 1123 490 1192 θυμιαμάτων
536 1113 693 1193 τιμὰς
742 1123 1002 1192 ἐξήλασας
1049 1132 1161 1177 τῶν
1206 1133 1350 1177 νεῶν
1389 1124 1520 1177 οὐδὲ
1559 1134 1670 1178 τῶν
1709 1128 1813 1192 βω-

122 1221 258 1279 μῶν,
298 1212 356 1265 οἱ
391 1209 451 1264 δὲ
483 1215 1010 1281 μελανειμονοῦντες
1049 1208 1203 1266 οὗτοι
1243 1211 1334 1266 καὶ
1370 1214 1537 1266 πλείω
1569 1210 1671 1282 μὲν
1702 1223 1812 1266 τῶν

123 1299 435 1370 ἐλεφάντων
475 1300 783 1370 ἐσθίοντες,
820 1303 996 1355 πόνον
1037 1302 1098 1355 δὲ
1136 1301 1465 1372 παρέχοντες
1502 1308 1577 1374 τῷ
1609 1304 1810 1371 πλήθει

122 1398 233 1443 τῶν
271 1388 606 1457 ἐκπωμάτων
652 1395 658 1456 Ι
700 1400 816 1453 τοῖς
856 1389 926 1443 δι’
960 1389 1219 1461 ᾀσμάτων
1258 1391 1446 1453 αὐτοῖς
1482 1409 1654 1461 παρα-
1693 1403 1899 1447 RII165

121 1477 395 1553 πέμπουσι
434 1480 494 1532 τὸ
535 1483 724 1547 ποτόν,
763 1480 1206 1548 συγκρύπτοντες
1246 1477 1306 1533 δὲ
1338 1487 1509 1532 ταῦτα
1544 1480 1810 1549 ὠχρότητι
1835 1501 1876 1534 15

121 1574 186 1637 τῇ
218 1569 310 1621 διὰ
340 1567 532 1637 τέχνης
564 1569 752 1632 αὐτοῖς
782 1568 1156 1639 πεπορισμένῃ
1185 1568 1465 1638 μένοντος,
1498 1565 1539 1622 ὦ
1565 1571 1811 1636 βασιλεῦ,

121 1656 208 1708 καὶ
248 1664 582 1725 κρατοῦντος
620 1665 721 1710 τοῦ
762 1659 937 1724 νόμου
977 1657 1212 1711 θέουσιν
1263 1656 1348 1726 ἐφ’
1384 1658 1503 1726 ἱερὰ
1542 1656 1677 1721 ξύλα
1715 1656 1808 1726 φέ-

122 1764 310 1814 ροντες
347 1743 436 1798 καὶ
488 1743 494 1815 Ι
541 1748 740 1809 λίθους
778 1745 869 1799 καὶ
909 1747 1158 1815 σίδηρον,
1198 1746 1251 1799 οἱ
1292 1746 1353 1799 δὲ
1390 1744 1481 1798 καὶ
1520 1747 1653 1799 ἄνευ
1693 1758 1896 1801 RH166

120 1834 332 1891 τούτων
369 1843 553 1904 χεῖρας
592 1834 684 1888 καὶ
723 1836 911 1898 πόδας.
981 1832 1167 1888 ἔπειτα
1207 1839 1424 1888 Μυσῶν
1456 1837 1574 1888 λεία
1612 1841 1807 1888 καθαι-

239 2052 264 2091 3
290 2047 346 2091 cf.
365 2028 618 2103 t.11371‚1'
727 2054 752 2092 5
786 2047 842 2092 cf.
862 2047 1124 2101 t.11391‚5;
1149 2051 1310 2101 433‚1;
1336 2051 1505 2101 518,16
1622 2051 1647 2090 6
1672 2047 1804 2089 Dion.

120 2103 990 2210 {321884QVg3ki921123011L2The0dXVI
1008 2111 1128 2161 10‚7.
1174 2106 1231 2150 c-f.
1258 2121 1302 2162 p.
1320 2109 1377 2148 80
1402 2107 1495 2149 not.
1511 2110 1537 2148 3
1662 2111 1713 2148 19
1748 2106 1804 2149 cf.

241 2364 263 2402 1
292 2356 550 2404 Ἰουλιανὸν
573 2358 692 2417 λέγει
716 2358 789 2403 1³³
924 2363 950 2401 3
983 2357 1193 2414 ὤφειλεν,
1227 2354 1250 2400 ὅ
1282 2373 1332 2400 τι
1365 2355 1711 2412 δεδρακότος
1743 2358 1806 2400 P*
1871 2386 1875 2389 -

180 2422 204 2460 9
253 2419 538 2477 κεκλεῖσθαι]
577 2419 630 2463 τὸ
671 2424 821 2475 σχῆμα
860 2415 1028 2466 ἀτελές.
1075 2414 1221 2460 λείπει
1262 2416 1313 2460 τὸ
1362 2413 1659 2465 ἐκέλευσας
1691 2415 1750 2461 Cf

123 2479 176 2519 12
209 2474 457 2534 σημείωσαι
488 2477 594 2533 περὶ
625 2484 841 2535 μοναχῶν
872 2493 916 2520 τι
949 2479 1147 2532 φλυαρεῖ
1176 2474 1200 2518 ὁ
1233 2473 1514 2531 κρονόληρος
1548 2475 1628 2520 CA
1700 2476 1800 2529 περὶ

120 2541 212 2579 τῶν
241 2543 457 2595 μοναχῶν
490 2535 514 2580 ὁ
546 2535 681 2593 λόγος
712 2537 776 2580 P³

240 2739 262 2777 1
286 2731 462 2779 ’κείνου
480 2737 514 2779 Ι
531 2736 612 2780 sed
633 2732 646 2749 '
674 2735 800 2778 inser
814 2734 885 2778 m³
946 2731 1127 2778 ἐκείνου
1152 2735 1197 2777 Β
1259 2730 1416 2777 κείνου
1442 2732 1531 2776 edd
1654 2737 1679 2775 3
1713 2730 1738 2776 ὃ
1763 2749 1821 2781 τι4

122 2791 242 2851 (δὲ)
274 2795 514 2849 δεδρακὼς
544 2792 572 2850 ἢ
605 2792 778 2850 μέλλων
811 2791 1140 2853 (ἀπέθανεν),
1173 2789 1346 2848 ἀφίημι
1378 2791 1482 2835 coni
1506 2791 1573 2834 Re
1608 2794 1614 2846 Ι
1649 2789 1803 2856 μένειν

121 2850 203 2907 μὲν
233 2849 340 2896 τίνα
364 2854 397 2897 Ι
511 2857 539 2895 4
568 2870 709 2897 τινων
739 2853 865 2896 inser
888 2853 921 2895 I
929 2852 946 2876 ³
1001 2864 1083 2894 om
1109 2853 1170 2895 M
1302 2855 1327 2894 9
1360 2848 1599 2900 ἐκέλευσας
1630 2850 1803 2894 inserm

121 2912 309 2956 auctore
331 2911 400 2956 Re
433 2911 490 2957 cf.
517 2912 658 2956 schol.
784 2916 838 2955 12
871 2913 1252 2967 μελανειμοῦντες
1283 2911 1315 2953 I
1432 2913 1485 2951 17
1519 2915 1600 2953 τοῦ
1632 2923 1707 2953 om
1739 2909 1782 2953 U
