<?xml version="1.0" encoding="UTF-8"?>
<!DOCTYPE html PUBLIC "-//W3C//DTD XHTML 1.0 Transitional//EN"
    "http://www.w3.org/TR/xhtml1/DTD/xhtml1-transitional.dtd">
<html xmlns="http://www.w3.org/1999/xhtml" xml:lang="en" lang="en">
 <head>
  <title>
</title>
<meta http-equiv="Content-Type" content="text/html;charset=utf-8" />
  <meta name='ocr-system' content='tesseract 3.04.00' />
  <meta name='ocr-capabilities' content='ocr_page ocr_carea ocr_par ocr_line ocrx_word'/>
</head>
<body>
  <div class='ocr_page' id='page_1' title='image "./operarecensuitri03libauoft_0100.png"; bbox 0 0 1992 3094; ppageno 0'>
   <div class='ocr_carea' id='block_1_1' title="bbox 207 93 1979 147">
    <p class='ocr_par' dir='ltr' id='par_1_1' title="bbox 207 93 1979 147">
     <span class='ocr_line' id='line_1_1' title="bbox 207 93 1979 147; baseline 0 -9"><span class='ocrx_word' id='word_1_1' title='bbox 207 94 278 147; x_wconf 83' lang='lat'><em>30</em></span> <span class='ocrx_word' id='word_1_2' title='bbox 706 94 935 138; x_wconf 89' lang='lat' dir='ltr'>LIBANII</span> <span class='ocrx_word' id='word_1_3' title='bbox 968 93 1192 138; x_wconf 82' lang='lat' dir='ltr'><strong>ORATIO</strong></span> <span class='ocrx_word' id='word_1_4' title='bbox 1225 94 1396 139; x_wconf 86' lang='lat' dir='ltr'>XXVII</span> <span class='ocrx_word' id='word_1_5' title='bbox 1877 121 1897 146; x_wconf 63' lang='lat' dir='ltr'>x</span> <span class='ocrx_word' id='word_1_6' title='bbox 1975 98 1979 99; x_wconf 50' lang='lat'><em>⁷</em></span> 
     </span>
    </p>
   </div>
   <div class='ocr_carea' id='block_1_2' title="bbox 114 228 1899 2162">
    <p class='ocr_par' dir='ltr' id='par_1_2' title="bbox 114 228 1899 2162">
     <span class='ocr_line' id='line_1_2' title="bbox 205 228 1896 301; baseline 0 -18"><span class='ocrx_word' id='word_1_7' title='bbox 205 231 360 283; x_wconf 88' lang='grc' dir='ltr'><em>λύειν</em></span> <span class='ocrx_word' id='word_1_8' title='bbox 405 231 550 299; x_wconf 86' lang='grc' dir='ltr'><em>πλὴν</em></span> <span class='ocrx_word' id='word_1_9' title='bbox 597 231 759 283; x_wconf 80' lang='grc' dir='ltr'><em>δυοῖν</em></span> <span class='ocrx_word' id='word_1_10' title='bbox 805 231 998 301; x_wconf 78' lang='grc' dir='ltr'><em>ἄρτοιν</em></span> <span class='ocrx_word' id='word_1_11' title='bbox 1045 228 1329 298; x_wconf 73' lang='grc' dir='ltr'><em>ἐξαγαγεῖν</em></span> <span class='ocrx_word' id='word_1_12' title='bbox 1374 231 1473 283; x_wconf 89' lang='grc' dir='ltr'><em>τὸν</em></span> <span class='ocrx_word' id='word_1_13' title='bbox 1519 232 1784 299; x_wconf 89' lang='grc' dir='ltr'><em>γεωργόν,</em></span> <span class='ocrx_word' id='word_1_14' title='bbox 1835 231 1896 283; x_wconf 93' lang='grc' dir='ltr'><em>τὸ</em></span> 
     </span>
     <span class='ocr_line' id='line_1_3' title="bbox 205 313 1899 389; baseline -0.001 -17"><span class='ocrx_word' id='word_1_15' title='bbox 205 318 252 371; x_wconf 87' lang='grc' dir='ltr'><em>δ’</em></span> <span class='ocrx_word' id='word_1_16' title='bbox 285 321 451 389; x_wconf 83' lang='grc' dir='ltr'><em>ἔργον</em></span> <span class='ocrx_word' id='word_1_17' title='bbox 489 323 695 371; x_wconf 79' lang='grc' dir='ltr'><em>πωλεῖν</em></span> <span class='ocrx_word' id='word_1_18' title='bbox 733 319 834 387; x_wconf 85' lang='grc' dir='ltr'><em>τὴν</em></span> <span class='ocrx_word' id='word_1_19' title='bbox 866 317 1146 387; x_wconf 82' lang='grc' dir='ltr'><em>ἐξαγωγὴν</em></span> <span class='ocrx_word' id='word_1_20' title='bbox 1181 328 1297 382; x_wconf 88' lang='grc' dir='ltr'><em>τοῖς</em></span> <span class='ocrx_word' id='word_1_21' title='bbox 1335 328 1622 388; x_wconf 88' lang='grc' dir='ltr'><em>γεωργοῖς;</em></span> <span class='ocrx_word' id='word_1_22' title='bbox 1661 316 1786 389; x_wconf 90' lang='grc' dir='ltr'><em>παρ’</em></span> <span class='ocrx_word' id='word_1_23' title='bbox 1819 313 1899 371; x_wconf 80' lang='grc' dir='ltr'><em>ὧν</em></span> 
     </span>
     <span class='ocr_line' id='line_1_4' title="bbox 203 405 1899 478; baseline -0.001 -17"><span class='ocrx_word' id='word_1_24' title='bbox 203 405 305 477; x_wconf 75' lang='grc' dir='ltr'><em>μὲν</em></span> <span class='ocrx_word' id='word_1_25' title='bbox 359 410 462 478; x_wconf 80' lang='grc' dir='ltr'><em>γὰρ</em></span> <span class='ocrx_word' id='word_1_26' title='bbox 522 409 624 461; x_wconf 87' lang='grc' dir='ltr'><em>οὐκ</em></span> <span class='ocrx_word' id='word_1_27' title='bbox 680 407 1009 477; x_wconf 74' lang='grc' dir='ltr'><em>ἐλάμβανον,</em></span> <span class='ocrx_word' id='word_1_28' title='bbox 1071 407 1193 461; x_wconf 85' lang='grc' dir='ltr'><em>οὐδ’</em></span> <span class='ocrx_word' id='word_1_29' title='bbox 1233 409 1369 461; x_wconf 82' lang='grc' dir='ltr'><em>ὅσον</em></span> <span class='ocrx_word' id='word_1_30' title='bbox 1429 406 1557 476; x_wconf 82' lang='grc' dir='ltr'><em>ἐξῆν</em></span> <span class='ocrx_word' id='word_1_31' title='bbox 1611 406 1899 476; x_wconf 82' lang='grc' dir='ltr'><em>ἐξαγαγεῖν</em></span> 
     </span>
     <span class='ocr_line' id='line_1_5' title="bbox 204 493 1897 567; baseline 0.001 -18"><span class='ocrx_word' id='word_1_32' title='bbox 204 495 518 567; x_wconf 74' lang='grc' dir='ltr'><em>ἐπέτρεπον,</em></span> <span class='ocrx_word' id='word_1_33' title='bbox 579 505 695 559; x_wconf 88' lang='grc' dir='ltr'><em>τοῖς</em></span> <span class='ocrx_word' id='word_1_34' title='bbox 749 493 809 549; x_wconf 77' lang='grc' dir='ltr'><em>δὲ</em></span> <span class='ocrx_word' id='word_1_35' title='bbox 865 498 1124 550; x_wconf 76' lang='grc' dir='ltr'><em>διδοῦσιν</em></span> <span class='ocrx_word' id='word_1_36' title='bbox 1178 496 1305 566; x_wconf 80' lang='grc' dir='ltr'><em>ἐξῆν</em></span> <span class='ocrx_word' id='word_1_37' title='bbox 1361 497 1572 551; x_wconf 78' lang='grc' dir='ltr'><em>ὁπόσον</em></span> <span class='ocrx_word' id='word_1_38' title='bbox 1633 495 1897 550; x_wconf 83' lang='grc' dir='ltr'><em>ἐθέλοιεν.</em></span> 
     </span>
     <span class='ocr_line' id='line_1_6' title="bbox 161 580 1897 658; baseline 0 -20"><span class='ocrx_word' id='word_1_39' title='bbox 161 607 179 639; x_wconf 84' lang='lat'><strong>5</strong></span> <span class='ocrx_word' id='word_1_40' title='bbox 205 586 572 654; x_wconf 80' lang='grc' dir='ltr'><em>ἀμελήσαντες</em></span> <span class='ocrx_word' id='word_1_41' title='bbox 610 586 714 655; x_wconf 83' lang='grc' dir='ltr'><em>γὰρ</em></span> <span class='ocrx_word' id='word_1_42' title='bbox 756 580 836 638; x_wconf 79' lang='grc' dir='ltr'><em>ὧν</em></span> <span class='ocrx_word' id='word_1_43' title='bbox 874 582 988 638; x_wconf 78' lang='grc' dir='ltr'><em>ἔδει</em></span> <span class='ocrx_word' id='word_1_44' title='bbox 1027 586 1304 655; x_wconf 88' lang='grc' dir='ltr'><em>πράττειν,</em></span> <span class='ocrx_word' id='word_1_45' title='bbox 1346 580 1388 658; x_wconf 78' lang='grc' dir='ltr'><strong><em>ᾧ</em></strong></span> <span class='ocrx_word' id='word_1_46' title='bbox 1421 587 1487 638; x_wconf 80' lang='grc' dir='ltr'><em>τὰ</em></span> <span class='ocrx_word' id='word_1_47' title='bbox 1520 585 1704 638; x_wconf 85' lang='grc' dir='ltr'><em>αὑτῶν</em></span> <span class='ocrx_word' id='word_1_48' title='bbox 1736 583 1897 653; x_wconf 81' lang='grc' dir='ltr'><em>αὐξή-</em></span> 
     </span>
     <span class='ocr_line' id='line_1_7' title="bbox 205 672 1898 742; baseline -0.001 -15"><span class='ocrx_word' id='word_1_49' title='bbox 205 689 403 728; x_wconf 91' lang='grc' dir='ltr'><em>σουσιν</em></span> <span class='ocrx_word' id='word_1_50' title='bbox 453 673 693 727; x_wconf 85' lang='grc' dir='ltr'><em>ἐποίουν.</em></span> <span class='ocrx_word' id='word_1_51' title='bbox 772 676 841 726; x_wconf 88' lang='grc' dir='ltr'><em>σὺ</em></span> <span class='ocrx_word' id='word_1_52' title='bbox 890 673 939 726; x_wconf 89' lang='grc' dir='ltr'><em>δ’</em></span> <span class='ocrx_word' id='word_1_53' title='bbox 970 672 1067 726; x_wconf 80' lang='grc' dir='ltr'><em>εἴτ’</em></span> <span class='ocrx_word' id='word_1_54' title='bbox 1100 675 1259 736; x_wconf 84' lang='grc' dir='ltr'><em>εἰδὼς</em></span> <span class='ocrx_word' id='word_1_55' title='bbox 1312 681 1484 727; x_wconf 93' lang='grc' dir='ltr'><em>ταῦτα</em></span> <span class='ocrx_word' id='word_1_56' title='bbox 1539 674 1641 726; x_wconf 86' lang='grc' dir='ltr'><em>οὐκ</em></span> <span class='ocrx_word' id='word_1_57' title='bbox 1694 673 1898 742; x_wconf 84' lang='grc' dir='ltr'><em>ἠγανά-</em></span> 
     </span>
     <span class='ocr_line' id='line_1_8' title="bbox 134 759 1898 832; baseline -0.001 -16"><span class='ocrx_word' id='word_1_58' title='bbox 134 769 146 784; x_wconf 81' lang='lat'><em>&#39;</em></span> <span class='ocrx_word' id='word_1_59' title='bbox 203 783 347 825; x_wconf 84' lang='grc' dir='ltr'><em>κτεις</em></span> <span class='ocrx_word' id='word_1_60' title='bbox 386 761 479 815; x_wconf 76' lang='grc' dir='ltr'><em>εἴτ’</em></span> <span class='ocrx_word' id='word_1_61' title='bbox 511 763 746 831; x_wconf 82' lang='grc' dir='ltr'><em>ἠγνόεις,</em></span> <span class='ocrx_word' id='word_1_62' title='bbox 785 763 1015 831; x_wconf 79' lang='grc' dir='ltr'><em>ἠδίκεις·</em></span> <span class='ocrx_word' id='word_1_63' title='bbox 1055 763 1116 815; x_wconf 90' lang='grc' dir='ltr'><em>τὸ</em></span> <span class='ocrx_word' id='word_1_64' title='bbox 1150 759 1252 832; x_wconf 73' lang='grc' dir='ltr'><em>μὲν</em></span> <span class='ocrx_word' id='word_1_65' title='bbox 1291 764 1395 831; x_wconf 78' lang='grc' dir='ltr'><em>γὰρ</em></span> <span class='ocrx_word' id='word_1_66' title='bbox 1430 762 1696 830; x_wconf 75' lang='grc' dir='ltr'><em>ἀμελείας,</em></span> <span class='ocrx_word' id='word_1_67' title='bbox 1735 763 1795 815; x_wconf 92' lang='grc' dir='ltr'><em>τὸ</em></span> <span class='ocrx_word' id='word_1_68' title='bbox 1836 762 1898 814; x_wconf 81' lang='grc' dir='ltr'><em>δὲ</em></span> 
     </span>
     <span class='ocr_line' id='line_1_9' title="bbox 203 853 519 920; baseline -0.003 -16"><span class='ocrx_word' id='word_1_69' title='bbox 203 853 519 920; x_wconf 77' lang='grc' dir='ltr'><em>προδοσίας.</em></span> 
     </span>
     <span class='ocr_line' id='line_1_10' title="bbox 318 938 1898 1012; baseline 0.001 -20"><span class='ocrx_word' id='word_1_70' title='bbox 318 940 399 993; x_wconf 81' lang='lat'><em>15.</em></span> <span class='ocrx_word' id='word_1_71' title='bbox 446 942 540 1002; x_wconf 88' lang='grc' dir='ltr'><em>Τίς</em></span> <span class='ocrx_word' id='word_1_72' title='bbox 580 938 627 992; x_wconf 84' lang='grc' dir='ltr'><em>δ’</em></span> <span class='ocrx_word' id='word_1_73' title='bbox 660 938 729 992; x_wconf 78' lang='grc' dir='ltr'><em>ὀὲν</em></span> <span class='ocrx_word' id='word_1_74' title='bbox 768 940 915 1012; x_wconf 78' lang='grc' dir='ltr'><em>αὐτῷ</em></span> <span class='ocrx_word' id='word_1_75' title='bbox 949 942 1113 1008; x_wconf 85' lang='grc' dir='ltr'><em>λόγος</em></span> <span class='ocrx_word' id='word_1_76' title='bbox 1151 945 1234 1008; x_wconf 75' lang='grc' dir='ltr'><em>εἴη</em></span> <span class='ocrx_word' id='word_1_77' title='bbox 1271 938 1361 992; x_wconf 87' lang='grc' dir='ltr'><em>καὶ</em></span> <span class='ocrx_word' id='word_1_78' title='bbox 1400 941 1524 1010; x_wconf 79' lang='grc' dir='ltr'><em>περὶ</em></span> <span class='ocrx_word' id='word_1_79' title='bbox 1563 950 1675 992; x_wconf 84' lang='grc' dir='ltr'><em>τῶν</em></span> <span class='ocrx_word' id='word_1_80' title='bbox 1713 949 1898 994; x_wconf 84' lang='grc' dir='ltr'><em>κακῶν</em></span> 
     </span>
     <span class='ocr_line' id='line_1_11' title="bbox 140 1027 1898 1100; baseline 0 -18"><span class='ocrx_word' id='word_1_81' title='bbox 140 1028 240 1083; x_wconf 78' lang='grc' dir='ltr'><em>ιοᾶ</em></span> <span class='ocrx_word' id='word_1_82' title='bbox 285 1030 445 1082; x_wconf 76' lang='grc' dir='ltr'><em>κοινὰ</em></span> <span class='ocrx_word' id='word_1_83' title='bbox 490 1038 602 1081; x_wconf 83' lang='grc' dir='ltr'><em>τῶν</em></span> <span class='ocrx_word' id='word_1_84' title='bbox 647 1048 705 1081; x_wconf 94' lang='grc' dir='ltr'><em>τε</em></span> <span class='ocrx_word' id='word_1_85' title='bbox 753 1027 814 1082; x_wconf 82' lang='grc' dir='ltr'><em>ἐν</em></span> <span class='ocrx_word' id='word_1_86' title='bbox 860 1037 924 1099; x_wconf 75' lang='grc' dir='ltr'><em>τῇ</em></span> <span class='ocrx_word' id='word_1_87' title='bbox 971 1031 1127 1081; x_wconf 90' lang='grc' dir='ltr'><em>πόλει</em></span> <span class='ocrx_word' id='word_1_88' title='bbox 1177 1038 1288 1081; x_wconf 84' lang='grc' dir='ltr'><em>τῶν</em></span> <span class='ocrx_word' id='word_1_89' title='bbox 1334 1048 1390 1081; x_wconf 91' lang='grc' dir='ltr'><em>τε</em></span> <span class='ocrx_word' id='word_1_90' title='bbox 1438 1028 1499 1082; x_wconf 89' lang='grc' dir='ltr'><em>ἐν</em></span> <span class='ocrx_word' id='word_1_91' title='bbox 1544 1037 1661 1092; x_wconf 90' lang='grc' dir='ltr'><em>τοῖς</em></span> <span class='ocrx_word' id='word_1_92' title='bbox 1707 1028 1898 1100; x_wconf 79' lang='grc' dir='ltr'><em>ἀγροῖς</em></span> 
     </span>
     <span class='ocr_line' id='line_1_12' title="bbox 203 1116 1896 1188; baseline -0.001 -17"><span class='ocrx_word' id='word_1_93' title='bbox 203 1116 341 1181; x_wconf 88' lang='grc' dir='ltr'><em>ἐστι;</em></span> <span class='ocrx_word' id='word_1_94' title='bbox 392 1117 532 1185; x_wconf 90' lang='grc' dir='ltr'><em>λέγω</em></span> <span class='ocrx_word' id='word_1_95' title='bbox 579 1119 645 1170; x_wconf 79' lang='grc' dir='ltr'><em>τὰ</em></span> <span class='ocrx_word' id='word_1_96' title='bbox 683 1116 809 1188; x_wconf 82' lang='grc' dir='ltr'><em>περὶ</em></span> <span class='ocrx_word' id='word_1_97' title='bbox 848 1118 947 1170; x_wconf 91' lang='grc' dir='ltr'><em>τὸν</em></span> <span class='ocrx_word' id='word_1_98' title='bbox 994 1125 1133 1186; x_wconf 85' lang='grc' dir='ltr'><em>χοῦν</em></span> <span class='ocrx_word' id='word_1_99' title='bbox 1180 1118 1246 1171; x_wconf 90' lang='grc' dir='ltr'><em>ὃν</em></span> <span class='ocrx_word' id='word_1_100' title='bbox 1285 1117 1541 1187; x_wconf 82' lang='grc' dir='ltr'><em>ἐκφέρειν</em></span> <span class='ocrx_word' id='word_1_101' title='bbox 1589 1117 1896 1187; x_wconf 84' lang='grc' dir='ltr'><em>ἀλλοτρίοις</em></span> 
     </span>
     <span class='ocr_line' id='line_1_13' title="bbox 204 1202 1897 1275; baseline 0.001 -16"><span class='ocrx_word' id='word_1_102' title='bbox 204 1208 407 1259; x_wconf 78' lang='grc' dir='ltr'><em>ἔδωκεν</em></span> <span class='ocrx_word' id='word_1_103' title='bbox 459 1208 610 1268; x_wconf 81' lang='grc' dir='ltr'><em>ὄνοις</em></span> <span class='ocrx_word' id='word_1_104' title='bbox 656 1205 788 1260; x_wconf 88' lang='grc' dir='ltr'><em>δέον</em></span> <span class='ocrx_word' id='word_1_105' title='bbox 834 1208 1060 1268; x_wconf 84' lang='grc' dir='ltr'><em>οἰκείοις</em></span> <span class='ocrx_word' id='word_1_106' title='bbox 1108 1205 1446 1274; x_wconf 77' lang='grc' dir='ltr'><em>ἀναγκάζειν.</em></span> <span class='ocrx_word' id='word_1_107' title='bbox 1524 1206 1596 1269; x_wconf 83' lang='grc' dir='ltr'><em>ὡς</em></span> <span class='ocrx_word' id='word_1_108' title='bbox 1643 1203 1745 1275; x_wconf 76' lang='grc' dir='ltr'><em>μὲν</em></span> <span class='ocrx_word' id='word_1_109' title='bbox 1792 1202 1897 1260; x_wconf 82' lang='grc' dir='ltr'><em>οὖν</em></span> 
     </span>
     <span class='ocr_line' id='line_1_14' title="bbox 203 1294 1895 1365; baseline 0.001 -18"><span class='ocrx_word' id='word_1_110' title='bbox 203 1297 345 1364; x_wconf 87' lang='grc' dir='ltr'><em>βαρὺ</em></span> <span class='ocrx_word' id='word_1_111' title='bbox 385 1296 446 1347; x_wconf 91' lang='grc' dir='ltr'><em>τὸ</em></span> <span class='ocrx_word' id='word_1_112' title='bbox 485 1303 731 1365; x_wconf 84' lang='grc' dir='ltr'><em>πρᾶγμα,</em></span> <span class='ocrx_word' id='word_1_113' title='bbox 773 1297 933 1363; x_wconf 81' lang='grc' dir='ltr'><em>δηλοῖ</em></span> <span class='ocrx_word' id='word_1_114' title='bbox 970 1296 1037 1347; x_wconf 81' lang='grc' dir='ltr'><em>τὰ</em></span> <span class='ocrx_word' id='word_1_115' title='bbox 1077 1295 1290 1362; x_wconf 89' lang='grc' dir='ltr'><em>δάκρυα</em></span> <span class='ocrx_word' id='word_1_116' title='bbox 1328 1304 1439 1348; x_wconf 85' lang='grc' dir='ltr'><em>τῶν</em></span> <span class='ocrx_word' id='word_1_117' title='bbox 1479 1294 1567 1348; x_wconf 86' lang='grc' dir='ltr'><em>ἐπὶ</em></span> <span class='ocrx_word' id='word_1_118' title='bbox 1606 1303 1770 1348; x_wconf 86' lang='grc' dir='ltr'><em>τοῦτο</em></span> <span class='ocrx_word' id='word_1_119' title='bbox 1811 1295 1895 1349; x_wconf 79' lang='grc' dir='ltr'><em>ἑλ-</em></span> 
     </span>
     <span class='ocr_line' id='line_1_15' title="bbox 114 1382 1896 1456; baseline -0.002 -16"><span class='ocrx_word' id='word_1_120' title='bbox 114 1396 154 1439; x_wconf 79' lang='lat' dir='ltr'><strong>R</strong></span> <span class='ocrx_word' id='word_1_121' title='bbox 178 1396 323 1440; x_wconf 88' lang='lat' dir='ltr'>H118</span> <span class='ocrx_word' id='word_1_122' title='bbox 362 1383 626 1452; x_wconf 85' lang='grc' dir='ltr'><em>κομένων,</em></span> <span class='ocrx_word' id='word_1_123' title='bbox 684 1384 690 1453; x_wconf 89' lang='grc' dir='ltr'>Ι</span> <span class='ocrx_word' id='word_1_124' title='bbox 750 1384 821 1446; x_wconf 84' lang='grc' dir='ltr'><em>ὡς</em></span> <span class='ocrx_word' id='word_1_125' title='bbox 861 1382 908 1436; x_wconf 82' lang='grc' dir='ltr'><em>δ’</em></span> <span class='ocrx_word' id='word_1_126' title='bbox 943 1384 1009 1436; x_wconf 88' lang='grc' dir='ltr'><em>οὐ</em></span> <span class='ocrx_word' id='word_1_127' title='bbox 1051 1385 1285 1451; x_wconf 87' lang='grc' dir='ltr'><em>δίκαιον,</em></span> <span class='ocrx_word' id='word_1_128' title='bbox 1333 1385 1498 1446; x_wconf 86' lang='grc' dir='ltr'><em>αὐτὸς</em></span> <span class='ocrx_word' id='word_1_129' title='bbox 1536 1390 1610 1456; x_wconf 77' lang='grc' dir='ltr'><em>τῷ</em></span> <span class='ocrx_word' id='word_1_130' title='bbox 1651 1385 1896 1437; x_wconf 87' lang='grc' dir='ltr'><em>κωλύσαι</em></span> 
     </span>
     <span class='ocr_line' id='line_1_16' title="bbox 137 1471 1895 1542; baseline 0 -16"><span class='ocrx_word' id='word_1_131' title='bbox 137 1494 178 1526; x_wconf 87' lang='lat'><em>15</em></span> <span class='ocrx_word' id='word_1_132' title='bbox 202 1481 480 1542; x_wconf 91' lang='grc' dir='ltr'><em>μαρτυρεῖ.</em></span> <span class='ocrx_word' id='word_1_133' title='bbox 543 1474 667 1539; x_wconf 78' lang='grc' dir='ltr'><em>ἄρτι</em></span> <span class='ocrx_word' id='word_1_134' title='bbox 698 1473 802 1542; x_wconf 81' lang='grc' dir='ltr'><em>γὰρ</em></span> <span class='ocrx_word' id='word_1_135' title='bbox 842 1473 993 1540; x_wconf 78' lang='grc' dir='ltr'><em>ἥκων</em></span> <span class='ocrx_word' id='word_1_136' title='bbox 1031 1472 1164 1541; x_wconf 77' lang='grc' dir='ltr'><em>ἡμῖν</em></span> <span class='ocrx_word' id='word_1_137' title='bbox 1202 1471 1292 1525; x_wconf 85' lang='grc' dir='ltr'><em>καὶ</em></span> <span class='ocrx_word' id='word_1_138' title='bbox 1325 1475 1467 1525; x_wconf 89' lang='grc' dir='ltr'><em>πολὺ</em></span> <span class='ocrx_word' id='word_1_139' title='bbox 1507 1480 1674 1526; x_wconf 90' lang='grc' dir='ltr'><em>τοῦτο</em></span> <span class='ocrx_word' id='word_1_140' title='bbox 1716 1472 1895 1542; x_wconf 86' lang='grc' dir='ltr'><em>εὑρὼν</em></span> 
     </span>
     <span class='ocr_line' id='line_1_17' title="bbox 203 1560 1892 1634; baseline 0.001 -21"><span class='ocrx_word' id='word_1_141' title='bbox 203 1563 439 1614; x_wconf 81' lang='grc' dir='ltr'><em>ἔπαυσεν</em></span> <span class='ocrx_word' id='word_1_142' title='bbox 486 1561 658 1623; x_wconf 86' lang='grc' dir='ltr'><em>εὐθὺς</em></span> <span class='ocrx_word' id='word_1_143' title='bbox 703 1562 769 1613; x_wconf 81' lang='grc' dir='ltr'><em>τὰ</em></span> <span class='ocrx_word' id='word_1_144' title='bbox 814 1569 1041 1614; x_wconf 85' lang='grc' dir='ltr'><em>τοιαῦτα</em></span> <span class='ocrx_word' id='word_1_145' title='bbox 1088 1563 1290 1630; x_wconf 84' lang='grc' dir='ltr'><em>φορτία</em></span> <span class='ocrx_word' id='word_1_146' title='bbox 1338 1563 1404 1614; x_wconf 79' lang='grc' dir='ltr'><em>τὰ</em></span> <span class='ocrx_word' id='word_1_147' title='bbox 1451 1560 1679 1630; x_wconf 87' lang='grc' dir='ltr'><em>μέγιστα</em></span> <span class='ocrx_word' id='word_1_148' title='bbox 1716 1562 1892 1634; x_wconf 80' lang='grc' dir='ltr'><em>τούτῳ</em></span> 
     </span>
     <span class='ocr_line' id='line_1_18' title="bbox 201 1646 1895 1721; baseline 0.001 -19"><span class='ocrx_word' id='word_1_149' title='bbox 201 1651 303 1717; x_wconf 83' lang='grc' dir='ltr'><em>τὴν</em></span> <span class='ocrx_word' id='word_1_150' title='bbox 349 1649 558 1719; x_wconf 79' lang='grc' dir='ltr'><em>ἀγορὰν</em></span> <span class='ocrx_word' id='word_1_151' title='bbox 604 1650 848 1718; x_wconf 82' lang='grc' dir='ltr'><em>ὠφελῶν.</em></span> <span class='ocrx_word' id='word_1_152' title='bbox 930 1650 1011 1701; x_wconf 85' lang='grc'><em>16.</em></span> <span class='ocrx_word' id='word_1_153' title='bbox 1070 1649 1097 1702; x_wconf 91' lang='grc' dir='ltr'>ὁ</span> <span class='ocrx_word' id='word_1_154' title='bbox 1140 1646 1199 1702; x_wconf 75' lang='grc' dir='ltr'><em>δὲ</em></span> <span class='ocrx_word' id='word_1_155' title='bbox 1240 1651 1428 1703; x_wconf 88' lang='grc' dir='ltr'><em>δεινόν</em></span> <span class='ocrx_word' id='word_1_156' title='bbox 1474 1669 1531 1703; x_wconf 89' lang='grc' dir='ltr'><em>τε</em></span> <span class='ocrx_word' id='word_1_157' title='bbox 1570 1651 1631 1702; x_wconf 92' lang='grc' dir='ltr'><em>τὸ</em></span> <span class='ocrx_word' id='word_1_158' title='bbox 1671 1658 1895 1721; x_wconf 84' lang='grc' dir='ltr'><em>πρᾶγμα</em></span> 
     </span>
     <span class='ocr_line' id='line_1_19' title="bbox 202 1737 1892 1808; baseline 0.001 -18"><span class='ocrx_word' id='word_1_159' title='bbox 202 1738 506 1807; x_wconf 83' lang='grc' dir='ltr'><em>ἡγούμενος</em></span> <span class='ocrx_word' id='word_1_160' title='bbox 558 1737 649 1790; x_wconf 85' lang='grc' dir='ltr'><em>καὶ</em></span> <span class='ocrx_word' id='word_1_161' title='bbox 695 1746 760 1808; x_wconf 76' lang='grc' dir='ltr'><em>τῇ</em></span> <span class='ocrx_word' id='word_1_162' title='bbox 810 1740 967 1791; x_wconf 88' lang='grc' dir='ltr'><em>πόλει</em></span> <span class='ocrx_word' id='word_1_163' title='bbox 1014 1739 1291 1807; x_wconf 82' lang='grc' dir='ltr'><em>βλαβερὸν</em></span> <span class='ocrx_word' id='word_1_164' title='bbox 1341 1739 1430 1790; x_wconf 81' lang='grc' dir='ltr'><em>καὶ</em></span> <span class='ocrx_word' id='word_1_165' title='bbox 1479 1738 1710 1807; x_wconf 79' lang='grc' dir='ltr'><em>φάσκων</em></span> <span class='ocrx_word' id='word_1_166' title='bbox 1753 1739 1892 1808; x_wconf 82' lang='grc' dir='ltr'><em>ὑπὲρ</em></span> 
     </span>
     <span class='ocr_line' id='line_1_20' title="bbox 202 1826 1887 1896; baseline 0.001 -17"><span class='ocrx_word' id='word_1_167' title='bbox 202 1836 313 1879; x_wconf 86' lang='grc' dir='ltr'><em>τῶν</em></span> <span class='ocrx_word' id='word_1_168' title='bbox 358 1828 422 1879; x_wconf 79' lang='grc' dir='ltr'><em>τὰ</em></span> <span class='ocrx_word' id='word_1_169' title='bbox 467 1835 694 1879; x_wconf 90' lang='grc' dir='ltr'><em>τοιαῦτα</em></span> <span class='ocrx_word' id='word_1_170' title='bbox 740 1826 1146 1896; x_wconf 82' lang='grc' dir='ltr'><em>κεχαρισμένων</em></span> <span class='ocrx_word' id='word_1_171' title='bbox 1202 1827 1569 1895; x_wconf 81' lang='grc' dir='ltr'><em>αἰσχύνεσθαι</em></span> <span class='ocrx_word' id='word_1_172' title='bbox 1620 1826 1712 1880; x_wconf 84' lang='grc' dir='ltr'><em>καὶ</em></span> <span class='ocrx_word' id='word_1_173' title='bbox 1759 1826 1887 1896; x_wconf 86' lang='grc' dir='ltr'><em>μηδ’</em></span> 
     </span>
     <span class='ocr_line' id='line_1_21' title="bbox 137 1912 1890 1985; baseline -0.001 -15"><span class='ocrx_word' id='word_1_174' title='bbox 137 1938 179 1970; x_wconf 82' lang='grc' dir='ltr'><em>2ο</em></span> <span class='ocrx_word' id='word_1_175' title='bbox 203 1917 471 1984; x_wconf 81' lang='grc' dir='ltr'><em>ἄρχοντας</em></span> <span class='ocrx_word' id='word_1_176' title='bbox 507 1919 798 1968; x_wconf 84' lang='grc' dir='ltr'><em>καλεῖσθαι</em></span> <span class='ocrx_word' id='word_1_177' title='bbox 839 1916 959 1968; x_wconf 88' lang='grc' dir='ltr'><em>δεῖν</em></span> <span class='ocrx_word' id='word_1_178' title='bbox 999 1916 1170 1968; x_wconf 85' lang='grc' dir='ltr'><em>εἰπὼν</em></span> <span class='ocrx_word' id='word_1_179' title='bbox 1210 1915 1374 1977; x_wconf 83' lang='grc' dir='ltr'><em>αὐτὸς</em></span> <span class='ocrx_word' id='word_1_180' title='bbox 1412 1912 1483 1984; x_wconf 76' lang='grc' dir='ltr'><em>ἦν</em></span> <span class='ocrx_word' id='word_1_181' title='bbox 1519 1915 1547 1969; x_wconf 87' lang='grc' dir='ltr'>ὁ</span> <span class='ocrx_word' id='word_1_182' title='bbox 1587 1923 1759 1968; x_wconf 90' lang='grc' dir='ltr'><em>ταῦτα</em></span> <span class='ocrx_word' id='word_1_183' title='bbox 1797 1935 1890 1985; x_wconf 88' lang='grc' dir='ltr'><em>χα-</em></span> 
     </span>
     <span class='ocr_line' id='line_1_22' title="bbox 204 1999 1893 2073; baseline 0 -17"><span class='ocrx_word' id='word_1_184' title='bbox 204 2006 495 2073; x_wconf 83' lang='grc' dir='ltr'><em>ριζόμενος.</em></span> <span class='ocrx_word' id='word_1_185' title='bbox 571 2004 661 2056; x_wconf 83' lang='grc' dir='ltr'><em>καὶ</em></span> <span class='ocrx_word' id='word_1_186' title='bbox 700 2005 747 2056; x_wconf 85' lang='grc' dir='ltr'><em>εἰ</em></span> <span class='ocrx_word' id='word_1_187' title='bbox 785 2001 887 2072; x_wconf 75' lang='grc' dir='ltr'><em>μὲν</em></span> <span class='ocrx_word' id='word_1_188' title='bbox 926 2002 1149 2073; x_wconf 81' lang='grc' dir='ltr'><em>θέρους,</em></span> <span class='ocrx_word' id='word_1_189' title='bbox 1191 2009 1307 2066; x_wconf 78' lang='grc' dir='ltr'><em>ἴσος</em></span> <span class='ocrx_word' id='word_1_190' title='bbox 1347 2003 1417 2056; x_wconf 77' lang='grc' dir='ltr'><em>ἂν</em></span> <span class='ocrx_word' id='word_1_191' title='bbox 1448 1999 1518 2071; x_wconf 75' lang='grc' dir='ltr'><em>ἦν</em></span> <span class='ocrx_word' id='word_1_192' title='bbox 1558 2003 1803 2073; x_wconf 85' lang='grc' dir='ltr'><em>ἐκείνοις,</em></span> <span class='ocrx_word' id='word_1_193' title='bbox 1844 2005 1893 2057; x_wconf 84' lang='grc' dir='ltr'><em>εἰ</em></span> 
     </span>
     <span class='ocr_line' id='line_1_23' title="bbox 204 2089 1893 2162; baseline 0.001 -18"><span class='ocrx_word' id='word_1_194' title='bbox 204 2089 265 2144; x_wconf 73' lang='grc' dir='ltr'><em>δὲ</em></span> <span class='ocrx_word' id='word_1_195' title='bbox 303 2093 392 2144; x_wconf 83' lang='grc' dir='ltr'><em>καὶ</em></span> <span class='ocrx_word' id='word_1_196' title='bbox 432 2101 719 2161; x_wconf 85' lang='grc' dir='ltr'><em>χειμῶνος,</em></span> <span class='ocrx_word' id='word_1_197' title='bbox 771 2092 1100 2162; x_wconf 86' lang='grc' dir='ltr'><em>ἀδικώτερος</em></span> <span class='ocrx_word' id='word_1_198' title='bbox 1146 2096 1324 2160; x_wconf 81' lang='grc' dir='ltr'><em>πηλοῦ</em></span> <span class='ocrx_word' id='word_1_199' title='bbox 1374 2100 1474 2144; x_wconf 92' lang='grc' dir='ltr'><em>τοῦ</em></span> <span class='ocrx_word' id='word_1_200' title='bbox 1514 2101 1614 2161; x_wconf 90' lang='grc' dir='ltr'><em>χοῦ</em></span> <span class='ocrx_word' id='word_1_201' title='bbox 1654 2100 1753 2146; x_wconf 88' lang='grc' dir='ltr'><em>τοῦ</em></span> <span class='ocrx_word' id='word_1_202' title='bbox 1792 2090 1893 2160; x_wconf 73' lang='grc' dir='ltr'><em>μὲν</em></span> 
     </span>
    </p>
   </div>
   <div class='ocr_carea' id='block_1_3' title="bbox 265 2325 1892 2440">
    <p class='ocr_par' dir='ltr' id='par_1_3' title="bbox 265 2325 1892 2440">
     <span class='ocr_line' id='line_1_24' title="bbox 324 2325 1892 2382; baseline 0 -14"><span class='ocrx_word' id='word_1_203' title='bbox 324 2331 375 2368; x_wconf 93' lang='grc'><em>11</em></span> <span class='ocrx_word' id='word_1_204' title='bbox 404 2325 459 2369; x_wconf 84' lang='lat' dir='ltr'><em>cf.</em></span> <span class='ocrx_word' id='word_1_205' title='bbox 486 2326 517 2368; x_wconf 74' lang='lat' dir='ltr'><em>t.</em></span> <span class='ocrx_word' id='word_1_206' title='bbox 536 2325 578 2367; x_wconf 88' lang='grc' dir='ltr'><em>ΙΙ</em></span> <span class='ocrx_word' id='word_1_207' title='bbox 602 2340 645 2381; x_wconf 90' lang='lat' dir='ltr'><em>p.</em></span> <span class='ocrx_word' id='word_1_208' title='bbox 666 2330 766 2379; x_wconf 84' lang='lat'><em>551,</em></span> <span class='ocrx_word' id='word_1_209' title='bbox 785 2330 809 2368; x_wconf 84' lang='lat'>8</span> <span class='ocrx_word' id='word_1_210' title='bbox 825 2340 890 2380; x_wconf 80' lang='lat' dir='ltr'><em>sq.</em></span> <span class='ocrx_word' id='word_1_211' title='bbox 926 2330 1025 2380; x_wconf 89' lang='lat'><strong>552,</strong></span> <span class='ocrx_word' id='word_1_212' title='bbox 1044 2331 1151 2380; x_wconf 82' lang='lat' dir='ltr'>4sq.</span> <span class='ocrx_word' id='word_1_213' title='bbox 1171 2325 1213 2368; x_wconf 87' lang='lat' dir='ltr'>R</span> <span class='ocrx_word' id='word_1_214' title='bbox 1330 2331 1383 2368; x_wconf 91' lang='lat'><em>13</em></span> <span class='ocrx_word' id='word_1_215' title='bbox 1409 2325 1466 2369; x_wconf 84' lang='lat' dir='ltr'><em>cf.</em></span> <span class='ocrx_word' id='word_1_216' title='bbox 1492 2328 1524 2370; x_wconf 73' lang='lat' dir='ltr'><em>t.</em></span> <span class='ocrx_word' id='word_1_217' title='bbox 1547 2326 1589 2369; x_wconf 87' lang='grc' dir='ltr'><em>ΙΙ</em></span> <span class='ocrx_word' id='word_1_218' title='bbox 1605 2330 1705 2381; x_wconf 83' lang='grc'><em>566,</em></span> <span class='ocrx_word' id='word_1_219' title='bbox 1724 2330 1749 2370; x_wconf 97' lang='grc'><em>5</em></span> <span class='ocrx_word' id='word_1_220' title='bbox 1764 2341 1830 2382; x_wconf 82' lang='lat' dir='ltr'><em>sq.</em></span> <span class='ocrx_word' id='word_1_221' title='bbox 1850 2325 1892 2368; x_wconf 88' lang='lat' dir='ltr'>R</span> 
     </span>
     <span class='ocr_line' id='line_1_25' title="bbox 265 2384 834 2440; baseline -0.002 -12"><span class='ocrx_word' id='word_1_222' title='bbox 265 2390 319 2428; x_wconf 83' lang='lat'><em>14</em></span> <span class='ocrx_word' id='word_1_223' title='bbox 352 2385 407 2428; x_wconf 84' lang='lat' dir='ltr'><em>cf.</em></span> <span class='ocrx_word' id='word_1_224' title='bbox 433 2387 464 2427; x_wconf 74' lang='lat' dir='ltr'><em>t.</em></span> <span class='ocrx_word' id='word_1_225' title='bbox 485 2384 526 2426; x_wconf 90' lang='lat' dir='ltr'>H</span> <span class='ocrx_word' id='word_1_226' title='bbox 551 2388 650 2440; x_wconf 86' lang='lat'><strong>559,</strong></span> <span class='ocrx_word' id='word_1_227' title='bbox 670 2390 693 2427; x_wconf 90' lang='lat'><strong>2</strong></span> <span class='ocrx_word' id='word_1_228' title='bbox 710 2399 774 2440; x_wconf 80' lang='lat' dir='ltr'><em>sq.</em></span> <span class='ocrx_word' id='word_1_229' title='bbox 793 2385 834 2427; x_wconf 82' lang='lat' dir='ltr'>R</span> 
     </span>
    </p>
   </div>
   <div class='ocr_carea' id='block_1_4' title="bbox 205 2601 1888 2720">
    <p class='ocr_par' dir='ltr' id='par_1_4' title="bbox 205 2601 1888 2720">
     <span class='ocr_line' id='line_1_26' title="bbox 322 2601 1829 2662; baseline -0.001 -12"><span class='ocrx_word' id='word_1_230' title='bbox 322 2611 348 2650; x_wconf 82' lang='lat'><strong>5</strong></span> <span class='ocrx_word' id='word_1_231' title='bbox 381 2607 534 2650; x_wconf 80' lang='grc' dir='ltr'><em>αὐτῶν</em></span> <span class='ocrx_word' id='word_1_232' title='bbox 560 2607 592 2648; x_wconf 94' lang='grc' dir='ltr'><em>Ι</em></span> <span class='ocrx_word' id='word_1_233' title='bbox 729 2609 754 2648; x_wconf 86' lang='grc'><strong>6</strong></span> <span class='ocrx_word' id='word_1_234' title='bbox 788 2606 1068 2662; x_wconf 84' lang='grc' dir='ltr'><em>ἀγανακτεῖς</em></span> <span class='ocrx_word' id='word_1_235' title='bbox 1093 2606 1137 2651; x_wconf 91' lang='lat' dir='ltr'><em>V</em></span> <span class='ocrx_word' id='word_1_236' title='bbox 1268 2610 1290 2647; x_wconf 85' lang='lat'><strong>7</strong></span> <span class='ocrx_word' id='word_1_237' title='bbox 1325 2601 1408 2649; x_wconf 85' lang='grc' dir='ltr'><em>εἶτ’</em></span> <span class='ocrx_word' id='word_1_238' title='bbox 1438 2607 1484 2649; x_wconf 89' lang='lat' dir='ltr'><strong><em>P</em></strong></span> <span class='ocrx_word' id='word_1_239' title='bbox 1604 2610 1658 2648; x_wconf 90' lang='lat'><em>10</em></span> <span class='ocrx_word' id='word_1_240' title='bbox 1689 2603 1732 2649; x_wconf 87' lang='grc' dir='ltr'><em>τ’</em></span> <span class='ocrx_word' id='word_1_241' title='bbox 1760 2605 1829 2648; x_wconf 85' lang='lat' dir='ltr'><em>Re</em></span> 
     </span>
     <span class='ocr_line' id='line_1_27' title="bbox 205 2662 1888 2720; baseline -0.002 -11"><span class='ocrx_word' id='word_1_242' title='bbox 205 2670 258 2709; x_wconf 88' lang='lat'><em>12</em></span> <span class='ocrx_word' id='word_1_243' title='bbox 293 2665 477 2718; x_wconf 82' lang='grc' dir='ltr'><em>ἔδωκεν,</em></span> <span class='ocrx_word' id='word_1_244' title='bbox 511 2664 648 2714; x_wconf 88' lang='grc' dir='ltr'><em>ὄνους</em></span> <span class='ocrx_word' id='word_1_245' title='bbox 677 2663 778 2707; x_wconf 89' lang='lat' dir='ltr'><em>Mor</em></span> <span class='ocrx_word' id='word_1_246' title='bbox 820 2667 825 2720; x_wconf 88' lang='grc' dir='ltr'>Ι</span> <span class='ocrx_word' id='word_1_247' title='bbox 868 2663 1057 2716; x_wconf 84' lang='grc' dir='ltr'><em>οἰκείοις</em></span> <span class='ocrx_word' id='word_1_248' title='bbox 1087 2665 1276 2720; x_wconf 79' lang='lat' dir='ltr'>reposui</span> <span class='ocrx_word' id='word_1_249' title='bbox 1307 2678 1332 2707; x_wconf 83' lang='lat' dir='ltr'>e</span> <span class='ocrx_word' id='word_1_250' title='bbox 1363 2663 1495 2707; x_wconf 84' lang='lat' dir='ltr'>libris</span> <span class='ocrx_word' id='word_1_251' title='bbox 1565 2662 1766 2715; x_wconf 85' lang='grc' dir='ltr'><em>οἰκείους</em></span> <span class='ocrx_word' id='word_1_252' title='bbox 1796 2663 1888 2707; x_wconf 83' lang='lat' dir='ltr'><em>edd</em></span> 
     </span>
    </p>
   </div>
   <div class='ocr_carea' id='block_1_5' title="bbox 201 2721 1888 2897">
    <p class='ocr_par' dir='ltr' id='par_1_5' title="bbox 201 2721 1888 2897">
     <span class='ocr_line' id='line_1_28' title="bbox 208 2721 1887 2782; baseline -0.001 -14"><span class='ocrx_word' id='word_1_253' title='bbox 208 2743 211 2782; x_wconf 52' lang='grc' dir='ltr'><em>ξ</em></span> <span class='ocrx_word' id='word_1_254' title='bbox 247 2721 332 2770; x_wconf 83' lang='grc' dir='ltr'><em>οὖν</em></span> <span class='ocrx_word' id='word_1_255' title='bbox 364 2738 439 2768; x_wconf 90' lang='lat' dir='ltr'><em>om</em></span> <span class='ocrx_word' id='word_1_256' title='bbox 462 2723 564 2767; x_wconf 86' lang='lat' dir='ltr'><em>Mor</em></span> <span class='ocrx_word' id='word_1_257' title='bbox 717 2728 768 2765; x_wconf 82' lang='grc'><em>13</em></span> <span class='ocrx_word' id='word_1_258' title='bbox 815 2731 950 2767; x_wconf 87' lang='grc' dir='ltr'><em>τοῦτο</em></span> <span class='ocrx_word' id='word_1_259' title='bbox 985 2724 1147 2779; x_wconf 82' lang='lat' dir='ltr'><strong>scripsi</strong></span> <span class='ocrx_word' id='word_1_260' title='bbox 1181 2736 1205 2766; x_wconf 84' lang='lat' dir='ltr'>e</span> <span class='ocrx_word' id='word_1_261' title='bbox 1237 2724 1338 2767; x_wconf 88' lang='lat' dir='ltr'><em>BV</em></span> <span class='ocrx_word' id='word_1_262' title='bbox 1363 2724 1551 2766; x_wconf 74' lang='lat' dir='ltr'>auctore</span> <span class='ocrx_word' id='word_1_263' title='bbox 1582 2723 1651 2766; x_wconf 83' lang='lat' dir='ltr'><em>Re</em></span> <span class='ocrx_word' id='word_1_264' title='bbox 1739 2723 1887 2782; x_wconf 77' lang='grc' dir='ltr'><em>τούτῳ</em></span> 
     </span>
     <span class='ocr_line' id='line_1_29' title="bbox 201 2781 1888 2842; baseline 0 -16"><span class='ocrx_word' id='word_1_265' title='bbox 201 2783 371 2838; x_wconf 82' lang='lat' dir='ltr'><strong>reliqui</strong></span> <span class='ocrx_word' id='word_1_266' title='bbox 402 2782 512 2826; x_wconf 88' lang='lat' dir='ltr'>libri</span> <span class='ocrx_word' id='word_1_267' title='bbox 545 2783 635 2826; x_wconf 81' lang='lat' dir='ltr'><em>edd</em></span> <span class='ocrx_word' id='word_1_268' title='bbox 773 2787 827 2825; x_wconf 80' lang='lat'><em>14</em></span> <span class='ocrx_word' id='word_1_269' title='bbox 860 2783 984 2842; x_wconf 78' lang='grc' dir='ltr'><em>αὐτῷ</em></span> <span class='ocrx_word' id='word_1_270' title='bbox 1016 2782 1120 2826; x_wconf 85' lang='lat' dir='ltr'>coni</span> <span class='ocrx_word' id='word_1_271' title='bbox 1143 2781 1246 2825; x_wconf 84' lang='lat' dir='ltr'><em>Mor</em></span> <span class='ocrx_word' id='word_1_272' title='bbox 1273 2784 1278 2837; x_wconf 84' lang='grc' dir='ltr'>Ι</span> <span class='ocrx_word' id='word_1_273' title='bbox 1306 2797 1418 2824; x_wconf 89' lang='lat' dir='ltr'><em>num</em></span> <span class='ocrx_word' id='word_1_274' title='bbox 1449 2784 1650 2825; x_wconf 83' lang='grc' dir='ltr'><em>κωλῦσαι</em></span> <span class='ocrx_word' id='word_1_275' title='bbox 1680 2783 1734 2824; x_wconf 82' lang='lat' dir='ltr'><em>ut</em></span> <span class='ocrx_word' id='word_1_276' title='bbox 1766 2783 1888 2826; x_wconf 84' lang='lat' dir='ltr'><em>Mo?</em></span> 
     </span>
     <span class='ocr_line' id='line_1_30' title="bbox 202 2840 1829 2897; baseline -0.001 -12"><span class='ocrx_word' id='word_1_277' title='bbox 202 2841 259 2885; x_wconf 87' lang='lat' dir='ltr'><em>cf.</em></span> <span class='ocrx_word' id='word_1_278' title='bbox 294 2843 355 2885; x_wconf 84' lang='lat' dir='ltr'><em>ad</em></span> <span class='ocrx_word' id='word_1_279' title='bbox 384 2841 462 2884; x_wconf 74' lang='lat' dir='ltr'><em>t.1</em></span> <span class='ocrx_word' id='word_1_280' title='bbox 496 2846 594 2895; x_wconf 84' lang='lat'><strong>272,</strong></span> <span class='ocrx_word' id='word_1_281' title='bbox 621 2845 646 2884; x_wconf 89' lang='lat'><strong>5</strong></span> <span class='ocrx_word' id='word_1_282' title='bbox 858 2846 910 2884; x_wconf 87' lang='grc'><em>16</em></span> <span class='ocrx_word' id='word_1_283' title='bbox 957 2848 1185 2886; x_wconf 82' lang='grc' dir='ltr'><em>ποιοῦντα</em></span> <span class='ocrx_word' id='word_1_284' title='bbox 1218 2842 1262 2886; x_wconf 92' lang='lat' dir='ltr'><strong><em>V</em></strong></span> <span class='ocrx_word' id='word_1_285' title='bbox 1311 2843 1316 2897; x_wconf 90' lang='grc' dir='ltr'>Ι</span> <span class='ocrx_word' id='word_1_286' title='bbox 1365 2841 1540 2884; x_wconf 86' lang='grc' dir='ltr'><em>τούτων</em></span> <span class='ocrx_word' id='word_1_287' title='bbox 1575 2841 1694 2884; x_wconf 84' lang='grc' dir='ltr'><em>ΟΜο</em></span> <span class='ocrx_word' id='word_1_288' title='bbox 1726 2840 1829 2884; x_wconf 78' lang='lat' dir='ltr'><em>Mor</em></span> 
     </span>
    </p>
   </div>
   <div class='ocr_carea' id='block_1_6' title="bbox 205 2897 1588 2957">
    <p class='ocr_par' dir='ltr' id='par_1_6' title="bbox 205 2897 1588 2957">
     <span class='ocr_line' id='line_1_31' title="bbox 205 2897 1588 2957; baseline 0.001 -14"><span class='ocrx_word' id='word_1_289' title='bbox 205 2904 257 2943; x_wconf 87' lang='lat'><em>19</em></span> <span class='ocrx_word' id='word_1_290' title='bbox 290 2900 350 2957; x_wconf 84' lang='grc' dir='ltr'><em>μὴ</em></span> <span class='ocrx_word' id='word_1_291' title='bbox 376 2897 422 2945; x_wconf 76' lang='grc' dir='ltr'><em>δ’</em></span> <span class='ocrx_word' id='word_1_292' title='bbox 449 2900 666 2944; x_wconf 79' lang='lat' dir='ltr'><em>IBMoV</em></span> <span class='ocrx_word' id='word_1_293' title='bbox 781 2905 834 2943; x_wconf 83' lang='lat'><em>21</em></span> <span class='ocrx_word' id='word_1_294' title='bbox 870 2899 978 2951; x_wconf 76' lang='grc' dir='ltr'><em>ἴσως</em></span> <span class='ocrx_word' id='word_1_295' title='bbox 1009 2901 1133 2945; x_wconf 83' lang='lat' dir='ltr'><em>BVa</em></span> <span class='ocrx_word' id='word_1_296' title='bbox 1255 2905 1309 2943; x_wconf 92' lang='grc'><em>22</em></span> <span class='ocrx_word' id='word_1_297' title='bbox 1342 2902 1510 2943; x_wconf 75' lang='grc' dir='ltr'><em>πολλοῦ</em></span> <span class='ocrx_word' id='word_1_298' title='bbox 1544 2900 1588 2944; x_wconf 89' lang='lat' dir='ltr'><strong><em>V</em></strong></span> 
     </span>
    </p>
   </div>
  </div>
 </body>
</html>
