1992 3094
525 128 754 172 LIBANII
786 128 1010 174 ORATIO
1042 129 1124 172 DE
1156 129 1395 174 VINOTIS
1704 130 1807 183 367

117 266 505 335 δεσμωτηρίων
551 262 944 334 ἐκφερομένοις
993 273 1232 334 νεκροῖς;
1287 266 1339 318 οὶ
1388 264 1438 318 δ’
1475 263 1668 334 ἔλεγον
1713 267 1815 334 μὲν

116 351 347 408 ἔσεσθαι
379 355 649 421 βελτίους,
690 348 831 422 ἦσαν
868 351 928 407 δὲ
968 353 1127 407 αὐτοὶ
1158 362 1429 408 τοσοῦτον
1459 364 1575 418 τοῖς
1608 356 1815 422 δεσμώ-

118 462 236 505 ταις
274 443 353 505 εῑς
393 441 678 510 ἀναπνοὴν
719 443 993 510 διδόντες,
1041 443 1178 496 ὅσον
1215 440 1354 512 ἦγον
1394 444 1597 507 αὐτοὺς
1637 447 1714 507 εἰς
1752 445 1813 498 τὸ

116 532 223 600 πρὸ
255 537 356 584 τοῦ
395 532 751 600 δικαστηρίου
784 533 1004 601 χωρίον.
1075 533 1148 594 ὡς
1178 533 1279 600 τὴν
1311 533 1486 601 αὐτήν
1517 552 1579 600 γε
1611 535 1813 602 ἤγοντο

115 619 284 673 πάλιν
322 617 644 682 ἐλπίσαντες
682 619 784 688 μέν
822 639 874 672 τι
914 621 1161 688 κάλλιον,
1202 620 1488 690 ἐσχηκότες
1529 622 1590 675 δὲ
1629 622 1811 676 οὐδέν.
1860 641 1879 675 5

231 708 313 761 17.
361 709 460 777 Νὴ
501 710 654 776 Δία,
694 709 763 761 τὸ
804 710 924 779 γὰρ
965 718 1092 762 τῶν
1131 710 1526 779 πραγμάτων
1562 714 1815 780 πλῆθος

116 806 421 868 κρεῖττον
466 805 578 867 τῆς
617 798 833 851 αὐτῶν
871 799 1272 867 βουλήσεως,
1319 797 1425 851 καὶ
1473 798 1658 852 αὐτοὶ
1698 797 1814 869 μὲν

23 955 26 961 Ι
115 885 320 956 ἡδέως
366 885 442 939 ἂν
490 885 595 940 ἐπὶ
649 884 832 940 τοῦθ’
870 883 1056 955 ἧκον,
1110 888 1182 940 τὰ
1238 888 1576 941 κωλύοντα
1624 885 1692 941 δὲ
1738 885 1815 957 ἦν

119 976 526 1045 ἰσχυρότερα.
614 978 740 1029 τίνα
793 983 988 1040 ταῦτα;
1043 977 1367 1030 εἰπάτωσαν.
1444 979 1506 1029 αί
1556 978 1814 1046 εἰσφοραὶ

115 1063 206 1118 καὶ
240 1065 298 1117 τὸ
331 1066 508 1118 πολλὰ
539 1066 783 1127 πολλοὺς
810 1065 1058 1134 ὀφείλειν
1088 1063 1179 1117 καὶ
1213 1059 1355 1118 εἶναι
1385 1073 1556 1119 ταῦτα
1588 1065 1814 1120 ἐκείνων
1839 1085 1882 1118 10

117 1153 538 1224 ἀναγκαιότερα·
580 1138 804 1207 δεῖσθαι
837 1155 941 1223 γὰρ
974 1155 1072 1207 τὸν
1104 1155 1300 1224 καιρὸν
1332 1155 1638 1224 χρημάτων.
1707 1154 1813 1222 ἐγὼ

118 1241 168 1296 δ’
200 1244 248 1295 εἰ
285 1242 388 1310 μὲν
420 1241 609 1311 ἑώρων
640 1241 764 1313 περὶ
797 1251 969 1296 ταῦτα
999 1244 1099 1296 τὸν
1131 1244 1345 1296 ἅπαντα
1377 1243 1815 1310 ἀναλισκόμενον

117 1333 347 1401 χρόνον,
399 1337 530 1395 ἴσως
575 1332 678 1401 μὲν
726 1331 847 1385 οὐδ’
887 1331 958 1385 ἂν
1003 1334 1126 1386 τότε
1174 1334 1357 1400 λόγων
1406 1333 1656 1401 ἠπόρησα
1702 1342 1815 1386 τῶν

0 1447 29 1462 ν
117 1429 180 1492 τῇ
230 1429 296 1491 σῇ
344 1423 597 1491 βασιλείᾳ
642 1423 993 1489 πρεπόντων,
1040 1417 1110 1489 ἧν
1158 1419 1207 1473 δ’
1246 1421 1317 1474 ἄν
1362 1441 1413 1473 τι
1460 1422 1550 1473 mxl
1597 1422 1816 1483 τούτοις

118 1510 312 1577 εἰπεῖν,
344 1510 392 1562 εἰ
424 1508 515 1563 καὶ
547 1510 619 1579 μὴ
652 1510 800 1563 πάνυ
832 1512 1025 1563 καλόν·
1057 1517 1166 1564 νῦν
1198 1506 1258 1562 δὲ
1297 1512 1380 1572 τίς
1412 1509 1587 1571 οὕτως
1625 1509 1816 1577 ἀγνοεῖ
1840 1531 1881 1564 15

31 1623 34 1651 z
117 1599 184 1652 τὰ
215 1607 327 1652 τῶν
359 1598 662 1668 ἀρχόντων,
703 1600 777 1661 ὡς
809 1599 911 1652 οὐκ
944 1597 1167 1665 εἰδέναι,
1198 1600 1374 1652 πόσον
1403 1618 1456 1651 τι
1487 1607 1583 1667 τῆς
1617 1598 1815 1667 ἡμέρας

25 1699 35 1722 ⁵
119 1688 434 1757 εἰσπράξεσι
483 1686 745 1754 νέμοντες
801 1687 1011 1740 ὁπόσον
1065 1688 1300 1754 ἄγουσιν
1354 1685 1442 1739 ἐπὶ
1495 1688 1590 1750 τὰς
1645 1688 1814 1750 δίκας.

26 1802 41 1865 ς,
122 1776 204 1830 18.
261 1777 410 1830 δίκαι
458 1773 519 1829 δὲ
562 1777 702 1846 ὑπὲρ
743 1786 955 1846 μικρῶν
994 1777 1219 1843 πολλαί,
1266 1773 1405 1845 ὑπὲρ
1454 1776 1515 1829 δὲ
1561 1777 1815 1844 μεγάλων

120 1865 317 1934 ὀλίγαι.
408 1866 672 1928 πολλάκις
725 1872 868 1934 γοῦν
921 1867 1134 1934 ἤκουσα
1187 1866 1650 1934 παρακαθήμενος
1702 1885 1815 1934 τρι-

31 2012 42 2028 -,
120 1954 323 2007 άκοντα
370 1962 639 2023 στατῆρας
681 1953 773 2008 καὶ
822 1959 999 2009 εἴκοσι
1043 1954 1134 2006 mxl
1180 1952 1429 2023 πλέθρον
1471 1954 1560 2006 καὶ
1610 1953 1814 2021 δένδρα
1840 1975 1883 2007 20

32 2065 38 2113 j
119 2044 244 2096 τινὰ
282 2041 374 2095 καὶ
421 2043 779 2112 ἀνδράποδον
817 2043 907 2097 καὶ
954 2043 1200 2111 κάμηλον
1239 2042 1328 2094 καὶ
1377 2043 1513 2095 ὄνον
1551 2040 1642 2095 καὶ
1690 2045 1816 2111 χλα-

29 2141 37 2193 3‘
120 2132 268 2199 μύδα
321 2131 410 2184 καὶ
465 2134 796 2200 χιτωνίσκον
850 2132 940 2184 καὶ
996 2133 1139 2184 πολὺ
1193 2131 1407 2183 τούτων
1468 2129 1669 2185 ἐλάττω
1725 2129 1814 2183 καὶ

120 2222 362 2283 πολλοὺς
390 2219 515 2287 μεθ’
550 2219 822 2291 ἑκατέρων
854 2221 1089 2290 ῥήτορας
1120 2220 1208 2272 καὶ
1241 2222 1486 2288 μακροὺς
1506 2218 1511 2290 Ι
1531 2218 1669 2289 παρ’
1699 2232 1739 2274 R
1758 2231 1902 2275 H451

122 2307 448 2378 ἀμφοτέρων
505 2311 722 2377 λόγους.
813 2312 1028 2373 καθίζει
1092 2305 1151 2360 δὲ
1206 2308 1407 2370 αὐτοὺς
1462 2306 1550 2360 καὶ
1616 2306 1816 2378 ἑσπέρα

33 2417 50 2476 'j
122 2397 381 2460 δικαστὰς
421 2398 523 2450 οὐκ
557 2397 820 2466 ὀλιγάκις,
860 2398 950 2450 καὶ
982 2397 1042 2449 τὸ
1076 2398 1306 2449 δεῖπνον
1338 2396 1542 2459 αὐτοὺς
1573 2397 1605 2465 ἡ
1638 2399 1816 2466 κρίσις
1840 2384 1902 2450 25ι

241 2533 297 2572 24
330 2528 389 2574 cf.
413 2543 459 2585 p.
480 2532 646 2583 170,19
667 2543 733 2583 sq.

242 2650 266 2690 1
294 2646 341 2690 οἳ
363 2648 409 2691 Α
471 2645 524 2690 οῖ’
541 2647 587 2690 Ρ
607 2646 689 2690 sed
716 2645 727 2660 ‘
751 2645 800 2688 in
824 2658 899 2689 ras
924 2644 1006 2699 ω’,
1030 2645 1160 2688 IBV
1183 2647 1188 2700 Ι
1217 2645 1267 2690 δὲ
1293 2644 1385 2689 edd
1499 2650 1524 2689 5
1550 2643 1707 2701 μέντοι
1729 2646 1764 2689 Ι

123 2708 150 2748 8
183 2701 230 2748 δ’
257 2705 327 2749 Re
449 2710 504 2750 10
536 2706 618 2749 καὶ
650 2707 712 2762 (1)
745 2719 820 2748 om
853 2703 944 2748 Got
970 2706 977 2760 Ι
1004 2704 1084 2747 καὶ
1116 2703 1202 2760 γὰρ
1235 2699 1357 2749 εἶναι
1390 2704 1463 2748 Ρα
1586 2709 1639 2747 12
1672 2703 1724 2748 δὲ
1747 2704 1816 2747 Re

34 2802 36 2806 Α
125 2767 179 2806 13
204 2767 314 2820 post
337 2764 420 2821 μὲν
443 2779 519 2809 ras
545 2768 645 2808 2—3
670 2764 750 2808 litt
772 2763 826 2821 ΙΙ
847 2761 990 2819 λέγων
1016 2763 1061 2805 Β
1178 2767 1232 2806 16
1257 2761 1429 2819 ἡμέρας
1453 2762 1749 2818 εἰσπράξουσι
1774 2765 1819 2807 Ρ

124 2822 206 2866 sed
236 2821 410 2879 ἡμέρας
441 2823 510 2867 εἰσ
540 2823 590 2866 in
621 2836 696 2866 ras
729 2827 755 2865 3
788 2822 867 2865 liti:
898 2822 982 2876 ωδ,
1014 2837 1070 2865 ου
1097 2821 1146 2864 in
1169 2835 1246 2865 ras
1270 2821 1339 2864 m²
1366 2824 1371 2877 Ι
1400 2821 1699 2876 εἰσπράξουσι
1730 2823 1815 2866 UB

86 2922 92 2926 .
184 2881 248 2932 εἰς
279 2881 506 2937 πράξουσι
538 2884 573 2927 Ι
705 2886 757 2924 17
790 2880 968 2925 πόσονῗ
1012 2883 1018 2937 Ι
1061 2880 1127 2930 εἰς
1159 2879 1248 2924 Got
1391 2885 1444 2924 19
1478 2878 1521 2938 γ’
1550 2878 1635 2925 οὖν
1669 2882 1761 2925 AP

36 2958 45 2989 1,-
125 2943 179 2983 21
213 2940 495 2997 ἀνδράποδα
526 2943 602 2986 Pa
723 2945 779 2984 23
811 2938 927 2984 καθ’
965 2940 1010 2982 Β
