1992 3094
190 120 295 172 150
698 118 925 162 LIBANII
957 118 1180 185 ORATIO
1214 118 1384 164 xxxn

185 260 325 307 θεὸν
365 249 510 324 εἶχεν
549 255 773 321 ἱκανῶς,
820 252 1105 323 ἐκαθήμην
1145 253 1234 307 καὶ
1274 257 1510 323 πλησίον
1547 275 1655 324 μου
1696 256 1874 310 Μενέ-

96 357 202 418 RH
220 360 306 400 224
347 345 534 411 δημος,
559 340 743 395 ἔπειτα
766 351 912 410 τρεῖς
937 342 1112 410 ἕτεροι
1136 353 1247 396 τῶν
1271 343 1714 413 πολιτευομένων
1748 347 1754 413 Ι
1790 345 1874 398 ἐλ-

185 434 383 494 θόντες
437 437 682 499 καθῆντο
737 429 828 483 καὶ
883 430 1040 484 αὐτοὶ
1101 430 1193 484 καὶ
1257 433 1553 500 διηγοῦντο
1617 434 1874 503 διήγησιν

183 521 398 591 μακρὰν
457 520 792 590 πραγμάτων
854 518 916 573 ἐν
976 522 1264 593 συμποσίῳ
1333 520 1714 593 γεγενημένων
1773 529 1874 575 τοῦ

141 631 160 662 5
184 616 494 678 στρατηγοῦ
526 609 628 678 μὲν
652 610 814 671 ὄντος
845 607 1174 678 ἑστιάτορος,
1207 610 1560 678 δαιτυμόνων
1591 610 1653 663 δὲ
1677 610 1874 664 αὐτῶν.

182 700 243 752 τὸ
284 694 345 751 δὲ
384 699 452 767 δὴ
491 699 810 766 κεφάλαιον,
849 695 1082 768 παρῄνει
1121 697 1356 767 πέμπειν
1394 698 1423 751 ὁ
1463 701 1763 768 στρατηγὸς
1802 701 1876 762 ὡς

182 789 282 842 τὸν
335 786 563 856 βασιλέα
616 788 916 857 πρεσβείαν
968 787 1060 840 καὶ
1113 795 1177 857 τῇ
1240 787 1462 855 πατρίδι
1516 790 1750 856 βοηθεῖν
1803 789 1876 851 ὡς

183 877 336 929 οὔπω
361 877 646 929 κινδύνων
669 881 930 945 καθαρῶς
955 875 1361 946 ἀπηλλαγμένῃ,
1393 883 1875 946 προσγεγενῆσθαι

182 966 287 1034 γὰρ
327 973 442 1027 τοῖς
480 963 541 1018 ἐν
580 972 644 1034 τῇ
685 965 872 1018 στάσει
909 973 1099 1027 κακοῖς
1136 965 1197 1018 τὸ
1237 966 1339 1033 τὴν
1378 964 1737 1018 ἐλπισθεῖσαν
1775 966 1875 1018 πά-

117 1075 158 1106 10
183 1057 272 1107 λαι
311 1055 610 1124 πρεσβείαν
647 1054 720 1122 μὴ
759 1052 1090 1107 τετελέσθαι.
1169 1053 1217 1105 3.
1256 1059 1553 1107 πεπεῖσθαι
1593 1051 1654 1106 δὲ
1694 1055 1874 1107 εἰπόν-

181 1162 267 1205 τες
316 1150 380 1213 τῇ
428 1145 713 1212 συμβουλῇ
768 1143 902 1210 μετὰ
947 1149 1048 1195 τοῦ
1105 1143 1385 1212 δακρύειν,
1441 1142 1622 1210 λέγειν
1677 1142 1739 1195 δὲ
1785 1141 1876 1195 καὶ

181 1232 279 1285 τὸν
315 1232 637 1299 σύμβουλον
667 1232 802 1300 μετὰ
834 1231 1091 1300 δακρύων
1130 1231 1204 1293 ὡς
1237 1233 1396 1293 ὄντος
1426 1238 1526 1284 τοῦ
1560 1234 1877 1299 φοβοῦντος

179 1320 441 1388 μεγάλου,
491 1318 641 1373 ταῦτ’
675 1315 780 1373 οὖν
818 1320 1144 1382 ὑπειπόντες
1181 1319 1549 1388 προσέθεσαν,
1597 1321 1670 1382 ὡς
1719 1318 1875 1373 αὐτοὶ

181 1408 282 1478 μὲν
322 1405 434 1462 εἷεν
471 1408 727 1479 πρέσβεις
765 1408 1031 1479 ὁμολογίᾳ
1080 1416 1145 1479 τῇ
1197 1417 1357 1478 σφῶν
1406 1409 1604 1476 αὐτῶν,
1657 1408 1874 1461 δέοιντο

115 1518 155 1550 15
182 1494 243 1550 δὲ
282 1498 561 1567 τετάρτου,
602 1498 869 1566 δεδόχθαι
908 1498 1013 1566 γὰρ
1047 1498 1115 1566 δὴ
1145 1496 1379 1566 πέμπειν
1410 1498 1727 1564 τοσούτους,
1766 1499 1875 1563 καί,

181 1584 339 1655 ἔτυχε
386 1588 491 1656 γὰρ
541 1587 780 1654 πλησίον
829 1587 1144 1654 καθήμενος
1191 1585 1465 1655 Εὐσέβιος
1512 1587 1540 1639 ὁ
1592 1588 1874 1654 σοφιστής,

181 1673 354 1745 ᾔτουν
391 1673 516 1744 παρ’
550 1673 683 1742 ἐμοῦ
724 1675 824 1727 τὸν
862 1674 1182 1743 ἄνθρωπον,
1224 1673 1331 1742 ἐγὼ
1366 1671 1426 1726 δὲ
1457 1682 1660 1727 τοῦτον
1692 1674 1876 1728 αὐτῶν

181 1760 263 1816 ἐπ’
296 1761 510 1816 ἐκεῖνον
549 1762 852 1831 μετέφερον
891 1764 990 1816 τὸν
1022 1765 1210 1831 λόγον,
1250 1766 1322 1825 ὡς
1352 1761 1573 1829 βέλτιον
1603 1763 1742 1831 <ὃν>
1773 1763 1875 1816 οὐκ

181 1848 273 1918 ἐμὲ
327 1852 591 1919 κελεύειν,
654 1851 791 1904 ἀλλὰ
843 1854 1065 1904 πείθειν
1122 1850 1347 1904 ἐκεῖνον.
1425 1853 1627 1919 ἤκουσε
1689 1859 1873 1904 ταῦτα.

113 1961 156 1993 20
179 1940 513 2009 ὑπήκουσεν,
569 1941 636 1993 οὐ
692 1942 796 2009 γὰρ
850 1937 921 2008 ἦν
967 1940 1140 1993 καλὸν
1187 1939 1455 1993 ἀπειθεῖν.
1531 1941 1581 1992 4.
1636 1944 1875 2009 προσλα-

91 2040 133 2084 R
154 2040 195 2084 II
212 2045 297 2085 225
345 2030 537 2097 βόντες
585 2029 593 2097 Ι
644 2030 711 2098 δὴ
759 2029 857 2081 τὸν
903 2027 1164 2098 τέταρτον
1211 2027 1436 2081 δέονταί
1480 2049 1587 2097 μου
1627 2036 1722 2097 τῆς
1760 2026 1872 2081 ἐπι-

181 2117 351 2186 ούσης
397 2119 657 2186 παρεῖναί
700 2137 756 2170 τε
806 2118 994 2179 αὐτοῖς
1044 2118 1116 2179 ὡς
1155 2117 1253 2170 τὸν
1292 2118 1600 2185 στρατηγὸν
1639 2118 1873 2170 εἰσιοῦσι

180 2206 270 2258 καὶ
326 2206 698 2274 συμπράττειν
753 2206 782 2258 ὅ
837 2226 890 2258 τι
945 2206 1220 2273 δυναίμην
1275 2204 1530 2273 ἐγγύθεν.
1608 2207 1873 2271 πείθομαι

301 2400 327 2438 5
360 2395 602 2439 Ellebichi.
638 2395 694 2438 cf.
721 2398 752 2439 t.
772 2396 813 2439 Π
838 2401 939 2450 490,
961 2401 1013 2439 16
1031 2411 1096 2452 sq.
1223 2401 1275 2439 16
1310 2394 1366 2439 cf.
1394 2394 1464 2438 t.1
1492 2400 1589 2450 194,
1609 2400 1633 2437 3

303 2577 325 2615 1
360 2570 614 2629 μενέὸημος
637 2574 667 2616 Ι
697 2573 778 2615 sed
804 2572 878 2617 ενέ
909 2586 965 2617 ex
990 2588 1010 2616 ε
1044 2586 1146 2615 corr
1168 2572 1238 2615 m3
1360 2577 1385 2615 3
1418 2574 1632 2627 καθῆντο
1659 2570 1824 2627 scripsi
1848 2583 1873 2612 e

191 2631 235 2674 V
291 2631 525 2687 ἐκάθηντο
545 2630 656 2676 CPI
678 2632 759 2675 sed
784 2632 806 2676 ἐ
830 2634 1024 2688 antepos
1049 2631 1150 2676 1³²1
1157 2631 1187 2685 ³,
1213 2631 1303 2674 edd
1365 2630 1577 2686 κάθηντο
1595 2631 1640 2674 Α
1763 2634 1788 2672 6
1814 2629 1874 2679 ὡς

181 2689 232 2734 in
256 2703 331 2733 ras
355 2691 391 2733 I
396 2690 413 2715 ³
563 2695 588 2732 9
622 2690 711 2747 γὰρ
743 2690 869 2734 inser
891 2691 949 2735 Ι8
1095 2694 1148 2733 10
1182 2688 1234 2734 δὲ
1265 2689 1430 2746 scripsi
1501 2705 1549 2733 τε
1581 2688 1691 2732 libri
1723 2688 1814 2731 edd

186 2754 238 2793 11
272 2747 420 2806 λέγειν
454 2750 499 2792 Ρ
527 2749 609 2793 sed
641 2751 664 2791 λ
695 2749 745 2792 in
769 2762 843 2792 ras
867 2750 937 2792 m²
1075 2754 1128 2792 13
1170 2746 1379 2799 εἰπόντες
1410 2749 1444 2791 Ι
1469 2747 1550 2792 sed
1581 2748 1646 2791 ὑπ
1677 2748 1871 2803 antepos

182 2807 266 2862 m³,
298 2807 431 2865 Bong
554 2811 607 2850 16
641 2807 909 2864 καθήμενος
931 2810 977 2853 Ρ
1005 2809 1087 2852 sed
1119 2825 1142 2858 ς
1171 2807 1221 2851 in
1244 2820 1320 2850 ras
1344 2808 1414 2850 m⁵
1536 2811 1589 2851 18
1621 2805 1871 2862 μετέφερον

180 2866 218 2909 Ι
242 2866 324 2910 sed
356 2882 376 2911 ε
407 2869 470 2923 (2)
501 2866 551 2910 in
574 2880 650 2910 ras
674 2866 744 2909 m³
770 2869 777 2922 Ι
806 2863 861 2910 ὃν
891 2867 1067 2911 inserui
1099 2868 1287 2910 auctore
1317 2866 1385 2908 Re
1408 2866 1547 2908 Anim
1670 2869 1723 2907 19
1757 2861 1871 2907 ἐκεί-

183 2931 327 2976 νουςῖ
448 2930 505 2969 20
537 2924 801 2980 ὑπήκουσεν
828 2927 859 2970 Ι
889 2926 969 2969 sed
1002 2944 1028 2969 ν
1062 2926 1154 2968 add
1178 2925 1247 2968 m³
1367 2929 1422 2968 23
1458 2922 1525 2968 ὅτι
1557 2925 1591 2966 Ι
