1992 3094
474 148 702 192 LIBANII
733 148 956 193 ORATIO
987 149 1106 194 PRO
1139 149 1394 194 TEMPLIS
1717 153 1783 205 81

97 292 373 353 conscripta
412 305 511 351 qua
542 288 780 336 Libanius
812 305 841 336 a
867 289 1141 339 Theodosio
1177 291 1320 356 petit,
1359 293 1416 339 ut
1447 293 1635 355 templa
1675 293 1786 342 deo-

95 382 205 414 rum
245 381 275 412 a
303 363 658 412 monachorum
689 362 881 425 impetu
912 363 1158 425 defendat,
1199 367 1403 426 propter
1442 370 1788 430 argumentum

98 438 390 488 Christianis
429 437 645 485 invisum
683 437 776 485 etsi
815 453 913 484 non
954 440 1153 486 omnino
1189 435 1446 500 ‘corporis'
1486 439 1663 489 fim'bus
1697 443 1787 489 cir-

95 513 395 574 cumscripta
418 511 617 572 mansit,
650 514 819 558 tamen
850 511 902 559 in
926 514 1264 573 paucissimas,
1297 529 1423 574 quae
1455 515 1654 562 eaedem
1685 515 1787 563 fere

96 589 245 649 atque
262 587 422 635 oratio
438 584 485 630 V
510 578 777 651 (Ἄρτεμις)
803 585 1018 646 fuerunt,
1044 587 1238 650 eclogas
1262 589 1460 649 recepta
1478 591 1565 636 est.
1604 588 1786 636 Nume-

93 676 177 709 rus
222 660 376 724 igitur
427 659 650 707 codicum
697 659 874 721 quibus
922 659 986 706 ad
1033 662 1253 708 nostram
1301 663 1516 722 aetatem
1560 664 1787 724 pervenit

94 735 299 798 exiguus
340 735 428 781 est.
508 732 637 780 Sunt
676 735 844 781 autem
881 733 955 781 hi:

210 811 254 856 1.
296 806 616 855 Ghisianus
656 807 790 855 RVI
814 808 882 855 43
919 800 1013 873 (=
1042 802 1102 874 O)
1143 823 1266 856 saec.
1291 804 1490 873 X1sXII
1528 810 1612 858 fol.
1642 812 1785 858 250&

95 882 221 930 Vide
258 884 295 929 t.
319 881 344 928 I
382 899 429 943 p.
459 883 527 929 10
546 897 615 943 sq.
695 880 908 930 Contuli.

208 958 254 1004 2.
287 956 663 1003 Monacensis
690 972 760 1018 gr.
781 956 886 1003 483
916 956 1037 1002 olim
1051 956 1375 1020 Augustanus
1395 950 1489 1023 (=
1508 951 1576 1023 A)
1602 974 1723 1006 saec.
1742 959 1786 1004 X

94 1031 179 1081 fol.
197 1031 339 1078 138<
394 1029 532 1078 Inter
555 1030 732 1077 folium
760 1032 891 1078 14οῩ
916 1030 1046 1092 quod
1073 1030 1255 1078 desinit
1278 1046 1395 1079 voce
1427 1030 1522 1096 ἔχει
1552 1049 1599 1094 p.
1622 1034 1786 1091 9210

96 1186 202 1231 aliis
233 1186 347 1230 locis
379 1201 568 1242 prorsus
602 1186 740 1230 aliter
764 1186 821 1229 de
847 1185 1043 1243 Cynegii
1074 1186 1281 1230 moribus
1312 1186 1541 1230 iudicavit
1564 1186 1787 1231 Libanius

95 1261 188 1290 non
219 1245 368 1290 solum
399 1246 451 1289 in
482 1245 593 1289 Vita
625 1247 656 1288 t.
682 1245 703 1288 l
733 1260 778 1301 p.
805 1250 995 1299 293,17,
1040 1246 1123 1289 sed
1154 1246 1299 1289 etiam
1337 1246 1387 1289 in
1418 1247 1628 1289 oratione
1667 1247 1787 1291 κατὰ

98 1313 188 1350 τῶν
238 1304 477 1350 εἰσιόντων
532 1305 593 1348 8(1
631 1304 946 1348 Theodosium
989 1305 1154 1349 eodem
1204 1304 1301 1349 fere
1351 1307 1562 1361 tempore
1612 1307 1788 1362 scripta

94 1379 187 1421 quo
217 1367 390 1419 nostra,
425 1364 464 1407 si
494 1364 610 1408 fides
643 1366 765 1408 esset
796 1364 1015 1408 habenda
1048 1363 1348 1419 Gothofredo,
1382 1365 1415 1408 t.
1432 1364 1496 1408 [H
1519 1380 1563 1421 p.
1585 1370 1683 1419 104,
1703 1370 1727 1408 7
1746 1365 1787 1407 R

96 1424 396 1494 συναγορεύει
427 1421 481 1467 δέ
511 1440 589 1480 μοι
620 1424 701 1466 καὶ
730 1424 1058 1480 τετελευτηκὼς
1089 1423 1113 1467 ὃ
1139 1431 1235 1474 τοῖς
1266 1423 1396 1479 παρὰ
1420 1430 1502 1468 σοῦ
1528 1423 1785 1480 στεφανού-

0 1532 1 1535 ,
92 1499 232 1540 μενος
279 1480 490 1532 ἐπαίνοις
529 1481 764 1539 Κυνήγιος
807 1483 1062 1540 ἀχθεσθεὶς
1107 1483 1224 1538 ὑπὲρ
1269 1499 1295 1526 τ
1304 1489 1332 1538 ῆ
1343 1499 1365 1533 ς
1409 1499 1434 1526 τ
1444 1500 1468 1527 ο
1478 1490 1505 1526 ῦ
1554 1486 1583 1528 δ
1592 1501 1607 1526 ι
1617 1501 1645 1527 κ
1654 1501 1684 1526 α
1698 1482 1715 1527 ί
1723 1499 1747 1527 ο
1757 1501 1786 1527 υ

93 1541 300 1596 τάξεως
323 1541 692 1610 ·διατετμημένης
723 1543 802 1586 καὶ
834 1541 1266 1598 κατατετρωμένηςὶ)
1327 1542 1509 1586 Nomen
1540 1542 1667 1586 illius
1699 1543 1787 1586 viri

94 1615 179 1645 nos
210 1602 387 1645 nescire
419 1601 734 1645 confiteamur.
796 1601 860 1644 At
892 1601 1022 1645 aliud
1054 1615 1078 1645 e
1110 1616 1201 1656 quo
1233 1602 1461 1646 iudicium
1493 1602 1550 1645 de
1578 1603 1786 1658 tempore

94 1661 319 1705 orationis
349 1661 539 1717 pendet,
572 1661 612 1704 si
643 1661 758 1715 quid
782 1660 933 1715 video,
965 1661 1190 1704 novimus.
1245 1660 1449 1706 Tantum
1477 1661 1637 1704 abesse
1671 1661 1786 1704 dicit

95 1719 316 1764 Libanius
340 1722 394 1763 ut
409 1720 698 1764 Theodosius
723 1733 800 1764 eos
826 1720 908 1775 qui
924 1720 1068 1764 veteri
1091 1719 1310 1778 religioni
1335 1720 1474 1764 fidem
1491 1723 1787 1764 servaverunt

96 1780 202 1823 odio
231 1781 552 1836 persequatur,
598 1781 652 1823 ut
682 1779 937 1823 honoribus
970 1779 1418 1837 magistratibusque
1449 1779 1600 1823 tollat
1665 1778 1786 1832 Quin

97 1839 252 1893 etiam,
296 1839 466 1896 pergit,
499 1846 601 1884 νῦν
631 1839 750 1893 πρὸς
781 1839 935 1889 ἄλλοις
964 1840 1056 1882 τισὶ
1087 1837 1436 1894 παρέζευξας
1467 1843 1644 1911 σεαυτῷ
1676 1853 1785 1894 συμ-

96 1896 257 1954 φέρειν
286 1905 342 1956 τῇ
382 1897 590 1959 βασιλείᾳ
623 1896 817 1954 νομίσας
848 1897 1002 1951 ἄνδρα
1037 1898 1240 1954 ὀμνυντα
1271 1899 1416 1948 θεοὺς
1453 1897 1570 1952 πρός
1599 1914 1646 1942 τε
1678 1899 1787 1948 τοὺς

93 1956 261 2008 ἄλλους
290 1957 370 2001 καὶ
403 1956 462 2002 σέ.
527 1943 655 2011 Quae
686 1956 826 2001 verba
859 1957 917 2002 de
948 1957 1283 2001 Richomere
1308 1957 1532 2000 Kalendis
1555 1956 1784 2000 Ianuariis

93 2017 207 2059 anni
232 2021 317 2060 384
349 2017 536 2061 consule
567 2015 858 2073 proclamato
891 2017 939 2060 et
962 2020 1169 2061 veterum
1197 2017 1388 2060 deorum
1418 2016 1657 2072 intrepido
1690 2015 1786 2059 cul-

95 2075 195 2119 tore
226 2075 315 2132 (t.I
342 2079 440 2127 180,
461 2082 561 2131 lsq.
596 2089 666 2132 ep.
694 2078 796 2133 926)
839 2075 1162 2133 intellegenda
1201 2089 1302 2119 6886
1342 2088 1526 2128 6611866,
1571 2074 1786 2118 similiter

46 2166 51 2179 .
95 2136 238 2190 atque
270 2134 436 2192 ὃμόζυξ
468 2136 526 2178 (16
560 2134 780 2179 Sallustio
818 2136 877 2179 ab
910 2135 1190 2191 imperatore
1221 2134 1402 2177 Iuliano
1435 2134 1480 2176 in
1517 2133 1784 2178 consulatus

91 2194 375 2237 consortium
417 2195 564 2238 ascito
604 2194 782 2238 dictum
814 2196 885 2239 est
916 2197 948 2237 t.
967 2194 1010 2238 H
1033 2198 1200 2248 43,10,
1234 2198 1422 2247 215,11.
1485 2194 1638 2248 Atque
1679 2207 1784 2236 cum

97 2251 392 2297 Richomeres
417 2253 559 2310 paulo
585 2255 693 2297 ante
718 2267 860 2308 quam
883 2268 1049 2297 munus
1074 2228 1270 2306 ihiisset,
1304 2251 1518 2308 epistulis
1552 2254 1599 2295 et
1622 2266 1704 2296 suo
1738 2254 1784 2296 et

48 2318 54 2324 '
95 2310 388 2368 imperatoris
405 2312 592 2357 nomine
610 2312 796 2369 scriptis
812 2312 1062 2356 Libanium
1078 2310 1517 2367 Constantinopolin
1540 2311 1785 2355 invitasset

48 2400 50 2409 ι
93 2369 186 2427 (1.1
211 2375 309 2426 180,
329 2375 392 2428 7),
428 2373 469 2416 is
502 2372 591 2416 hac
622 2372 866 2416 occasione
898 2373 946 2415 et
976 2371 1266 2415 Richomeris
1298 2371 1534 2414 mentione
1565 2384 1783 2427 prospere

71 2441 148 2474 86
177 2429 248 2473 uti
280 2431 466 2475 credere
497 2431 665 2488 potuit,
697 2433 751 2475 ut
775 2430 956 2487 aliquid
987 2430 1102 2484 ὑπὲρ
1133 2437 1226 2474 τῶν
1257 2429 1394 2484 ἱερῶν
1427 2430 1552 2486 apud
1584 2430 1784 2486 impera-

46 2462 246 2559 Ltorem
288 2489 504 2534 efficeret.
567 2490 735 2534 Postea
778 2490 874 2533 vidi
916 2489 1011 2533 iam
1044 2488 1395 2532 Tillemontium
1437 2488 1659 2545 (Histoire
1704 2489 1783 2531 des

51 2591 61 2629 ¹
95 2617 129 2648 2
98 2549 470 2652 (1θέἕὲθέιῖ
471 2548 1341 2665 ἕωωῗέἰῗωῗῖἱζὲὲὴίἐζέἓὲἒέἓὲ
1345 2546 1783 2662 ‘'gzffmazguffinssz

47 2662 371 2710 Richomere
413 2667 644 2724 cogitasse
692 2670 833 2722 atque
877 2667 1134 2710 orationem
1181 2665 1266 2709 sub
1314 2666 1500 2709 initium
1547 2665 1658 2708 anni
1697 2669 1783 2708 384

48 2722 241 2775 ,scribi
263 2726 472 2792 potuisse
497 2726 748 2770 coniecisse
774 2729 835 2783 (p.
856 2729 972 2782 950).
1030 2724 1237 2778 Quocum
1262 2724 1378 2768 mihi
1403 2724 1645 2768 convenire
1670 2736 1782 2781 gau-

46 2755 199 2856 ν’,ςάθο
230 2783 321 2827 11181
351 2785 477 2840 quod
510 2785 710 2842 vperba
753 2790 822 2840 94,
842 2789 897 2828 20
936 2784 994 2828 τὰ
1025 2782 1150 2842 τείχη
1182 2791 1328 2827 ταῦτα
1368 2783 1424 2826 τὰ
1456 2783 1597 2827 καινὰ
1628 2784 1707 2826 καὶ
1739 2780 1784 2826 οἱ

46 2828 282 2895 θερινοὶ
313 2843 450 2887 πόνοι
483 2844 544 2887 ad
567 2801 772 2888 medipam
798 2844 955 2901 potius
979 2842 1052 2887 vel
1077 2843 1273 2886 alteram
1303 2844 1485 2899 partem
1508 2841 1646 2884 huius
1673 2841 1785 2885 anni

51 2919 61 2929 ·
98 2911 183 2942 1168
223 2915 387 2946 vocare
431 2903 673 2947 contendo
737 2903 876 2947 Cuius
914 2902 1120 2946 rationes
1160 2914 1253 2957 qua
1293 2902 1350 2945 de
1387 2914 1527 2944 causa
1559 2899 1784 2944 Sieversio

85 2962 266 3013 parum
295 2961 563 3016 probabiles
595 2962 720 3006 visae
753 2962 860 3016 sint,
894 2961 1111 3018 equidem
1142 2960 1271 3004 haud
1300 2960 1545 3016 perspicio.

189 3039 336 3074 Lmnu
323 3050 386 3076 ms
411 3044 469 3076 ed.
495 3045 616 3077 1661·
626 3049 726 3077 ster
776 3045 847 3076 ΙΙΙ.
1494 3037 1520 3075 6
