1992 3094
385 139 614 184 LIBANH
645 139 868 185 ORATIO
902 140 1147 186 CONTRA
1179 141 1540 186 TISAMENUM
1703 145 1766 196 17
1774 144 1809 197 9

120 273 170 328 δ’
216 275 592 343 ἀληθεύοντος
660 272 731 343 ἧν
791 275 1002 344 ἐκεῖνα,
1070 278 1131 330 τὸ
1193 279 1266 346 μὴ
1326 276 1417 330 καὶ
1480 279 1743 349 δεύτερον
1800 278 1809 349 Ι

118 369 391 433 κληθῆναι
437 365 584 432 παρὰ
630 373 734 417 σοῦ
785 364 1085 433 γεγένηται.
1164 368 1210 418 εἰ
1252 363 1311 419 δὲ
1351 367 1419 435 δὴ
1458 367 1547 420 καὶ
1587 368 1648 420 τὸ
1688 379 1895 423 RH256

119 454 337 506 δίκαιον
366 449 438 521 ἦν
468 451 531 506 ἐν
560 461 679 516 ταῖς
720 454 934 522 αἰτίαις,
977 453 1063 506 ἐπὶ
1096 455 1196 507 τὸν
1233 456 1579 524 ἡμαρτηκότα
1610 464 1809 524 χωρεῖν

118 539 231 595 ἔδει
268 541 369 610 τὴν
407 541 597 611 ὀργήν,
650 541 738 610 οὐ,
776 543 850 611 μὰ
888 544 1019 610 Δία,
1060 544 1161 612 τὴν
1199 545 1410 612 βουλὴν
1450 544 1599 611 ὅλην.
1677 541 1807 597 οὐδὲ

118 631 220 700 γὰρ
261 629 737 699 ε’λειτουργοῦμεν,
778 636 987 684 εἴποιεν
1027 633 1112 699 ἄν,
1160 632 1394 694 ἅπαντες
1435 630 1556 684 οὐδ’
1585 633 1657 701 ἣν
1694 630 1809 685 ἔδει
1855 653 1874 685 5

117 724 401 772 ποιεῖσθαι
455 723 654 787 κλῆσιν
708 718 1038 786 ἐξελίπομεν.
1123 721 1209 773 27.
1263 721 1460 774 πιστὸν
1523 721 1584 773 δὲ
1639 721 1812 774 αὐτὸν

117 807 463 877 ἀρνούμενον
500 808 707 877 ταύτην
749 808 920 862 ἐποίει
959 811 1060 878 τὴν
1092 813 1392 863 κοινωνίαν
1429 808 1520 862 καὶ
1560 810 1620 862 τὸ
1661 810 1817 875 παρὰ.

115 904 209 965 τῆς
246 898 492 963 μείζονος
530 896 700 967 ἀρχῆς
737 903 1103 967 προειρῆσθαι
1143 900 1278 971 τῷδε
1316 897 1503 965 μένειν
1542 917 1599 951 τε
1636 898 1816 951 αὐτοῦ·

116 983 204 1038 καὶ
243 986 315 1053 μὴ
352 990 651 1053 κινεῖσθαι,
691 984 826 1055 πρὶν
865 985 935 1040 ἂν
967 987 1131 1049 αὐτὸς
1171 985 1260 1039 ἀπ’
1293 987 1581 1054 Αἰγύπτου
1620 1005 1678 1038 τε
1717 984 1815 1038 καὶ.

115 1083 227 1127 τῶν
279 1077 489 1127 Νείλου
545 1074 831 1143 ῥευμάτων
893 1074 1186 1145 ἐπανέλθῃ.
1270 1074 1360 1127 καὶ
1414 1082 1577 1127 τοῦτο
1633 1074 1807 1136 οὕτως
1833 1097 1878 1128 ιο

116 1160 264 1216 ἐστὶν
327 1164 573 1233 ἰσχυρόν,
637 1163 774 1216 ὥστε
835 1164 926 1216 καὶ
1005 1161 1182 1216 λυθὲν
1244 1172 1390 1231 σοῖς,
1461 1160 1502 1216 ὦ
1561 1165 1806 1230 βασιλεῦ,

117 1252 393 1320 γράμμασι
445 1253 641 1315 δόντος
689 1261 806 1315 τοῖς
853 1255 1135 1325 Τισαμενῷ
1180 1255 1456 1321 βοηθοῦσι
1507 1253 1607 1320 τὴν
1645 1251 1807 1320 χάριν

117 1339 260 1406 ὅμως
306 1339 606 1409 ἐτετήρητο.
685 1340 714 1394 ὁ
755 1338 815 1394 δὲ
863 1349 963 1394 τοῦ
1009 1342 1082 1409 μὴ
1129 1340 1458 1402 καλέσαντος
1506 1340 1692 1409 ὀρθῶς
1739 1339 1804 1392 οὐ

114 1430 436 1498 κεκληκότος
480 1439 629 1498 μισεῖ
674 1430 777 1498 μὲν
823 1429 1055 1496 ἐκεῖνον,
1109 1439 1256 1496 μισεῖ
1303 1425 1363 1481 δὲ
1412 1431 1541 1491 τοὺς
1588 1430 1804 1496 ἄλλους,

116 1515 270 1585 λῆξαι
310 1515 370 1571 δὲ
410 1515 543 1571 οὐδὲ
581 1517 644 1572 ἐν
681 1525 871 1591 μακρῷ
912 1519 1208 1587 δεδύνηται
1246 1524 1322 1589 τῷ
1362 1520 1558 1589 χρόνῳ.
1830 1538 1871 1570 15

226 1606 312 1658 28.
366 1605 523 1660 Ἀλλὰ
569 1608 800 1670 τούτους
846 1606 965 1677 μέν,
1022 1609 1069 1660 εἰ
1116 1608 1205 1660 καὶ
1252 1608 1324 1675 μὴ
1372 1607 1612 1671 δικαίως,
1664 1606 1806 1674 ὅμως

117 1692 362 1762 ἐγκαλῶν
392 1714 446 1748 τι
478 1699 673 1764 ζημιοῖ,
706 1698 835 1759 τοὺς
868 1697 930 1749 δὲ
962 1695 1369 1764 δικαζομένους,
1411 1694 1514 1762 ε’ρῶ
1552 1695 1655 1764 γὰρ
1689 1695 1717 1747 ὅ
1741 1714 1805 1761 με

117 1782 344 1852 διέφυγε
382 1786 670 1853 πρότερον,
720 1787 776 1838 τί
821 1785 1007 1852 λαβὼν
1054 1784 1223 1838 αὐτὸν
1269 1785 1594 1852 ἠδικηκότας
1639 1782 1804 1836 ἀπόλ-

117 1874 243 1925 λυσι
280 1871 370 1925 καὶ
409 1881 581 1927 ταῦτα
621 1875 712 1927 διὰ
753 1874 968 1942 γάμων;
1007 1875 1103 1936 τὰς
1140 1875 1243 1942 γὰρ
1281 1873 1453 1925 αὑτοῦ
1494 1870 1805 1940 θυγατέρας

116 1957 369 2024 ἐκδιδοὺς
405 1964 548 2015 πολὺ
587 1964 695 2032 πρὸ
735 1970 832 2030 τῆς
868 1972 980 2016 τῶν
1019 1962 1209 2029 γάμων
1247 1961 1448 2030 ἡμέρας
1491 1958 1805 2021 εἰσκαλέσας
1828 1980 1871 2011 20

115 2057 225 2101 τῶν
279 2050 528 2120 ρητόρων
584 2052 684 2104 τὸν
737 2051 907 2121 χορὸν
963 2049 968 2121 Ι
1027 2058 1274 2117 σιγᾶτε,
1335 2047 1468 2117 ἔφη,
1521 2055 1630 2115 τῆς
1682 2059 1888 2103 RII257

117 2145 300 2206 σιγῆς
347 2136 699 2208 ἀρξάμενοι
745 2142 1052 2209 τήμερον,
1106 2137 1329 2206 μέχρις
1383 2135 1459 2189 ἂν
1506 2137 1575 2189 αἰ
1617 2138 1803 2205 κόραι

116 2233 241 2277 τῶν
293 2230 596 2295 νυμφίων
650 2227 995 2296 γένωνται,
1050 2227 1111 2279 τὸ
1160 2234 1381 2295 πρᾶγμα
1438 2223 1631 2294 ἑορτὴν
1679 2224 1803 2277 ὀνο-

234 2448 260 2487 8
293 2445 350 2488 cf.
375 2461 419 2502 p.
448 2450 548 2502 168,
568 2451 622 2491 16

238 2656 259 2693 1
293 2651 344 2696 δὲ
376 2653 465 2696 ΡΒ
478 2653 546 2697 Va
577 2653 667 2696 edd
801 2657 826 2695 3
857 2659 940 2695 τοῦ
972 2649 1289 2707 ἡμαρτηκότος
1321 2650 1425 2693 coni
1457 2649 1558 2692 Mor
1686 2653 1712 2690 4
1746 2647 1800 2691 οὔ

56 2719 61 2730 ”
118 2707 288 2765 PBV!
317 2711 392 2756 ἐπὶ
414 2711 499 2767 τὴν
531 2711 622 2755 odd
646 2714 695 2755 ab
721 2711 777 2755 cf.
795 2713 827 2754 ὓ.
851 2711 889 2753 ΙΙ
914 2715 1013 2764 473,
1033 2715 1058 2753 3
1181 2715 1206 2754 5
1239 2709 1347 2754 οὐδὲ
1380 2708 1446 2751 Ro
1569 2712 1594 2751 6
1627 2703 1686 2750 αὖ
1719 2706 1800 2749 τὸν

117 2765 184 2810 Re
216 2769 340 2823 quod
371 2770 651 2826 improbavit
674 2770 940 2814 Monnerius
1062 2774 1088 2813 8
1120 2767 1226 2812 τόδε
1257 2770 1324 2813 Va
1385 2769 1714 2821 προειρῆσθαι·
1748 2765 1800 2808 τὸ

121 2823 172 2870 δὲ
202 2825 304 2871 Mor
425 2833 478 2872 13
509 2836 592 2874 τοῦ
624 2829 732 2872 libri
763 2829 865 2872 Mor
940 2825 984 2885 γ’
1015 2828 1070 2872 οὐ
1095 2827 1160 2870 ΒΘ
1284 2831 1336 2870 17
1370 2824 1413 2869 τί
1437 2827 1482 2869 Β
1613 2829 1665 2867 18
1698 2824 1800 2879 ἠδι-

118 2883 290 2940 κηκότα
321 2886 422 2931 Μοι·
572 2891 625 2930 19
659 2889 803 2931 αὐτοῦ
827 2888 910 2931 IV
1062 2891 1116 2929 22
1148 2884 1274 2943 μέχρι
1310 2884 1562 2929 APIVaV
1587 2883 1689 2927 Mor
1719 2882 1801 2926 sed

117 2941 167 2984 in
190 2942 276 2988 hoc
307 2962 362 3002 γρ
387 2944 542 3004 μέχρις
571 2946 621 2989 in
643 2962 777 3003 marg

1449 3017 1534 3060 12*
