1992 3094
203 85 311 136 272
691 84 920 128 LIBANII
952 84 1177 130 ORATIO
1209 85 1401 129 XXXIX

202 228 313 273 πᾶν
350 221 411 272 τὸ
453 219 581 273 δέον
620 229 816 283 σῶσαι;
867 219 926 282 ὃς
971 221 1109 289 πρὸς
1154 230 1269 284 τοῖς
1316 222 1504 284 ἄλλοις
1550 231 1739 285 κακοῖς
1776 231 1892 286 τοῖς

204 310 485 371 δικασταῖς
524 308 711 377 ἐπάγει
747 311 879 371 τοὺς
910 311 1249 378 στρατηγοὺς
1281 311 1483 380 δώροις
1514 307 1617 379 μὲν
1649 310 1894 375 ἐκείνους

202 396 300 466 ὑφ’
332 396 507 470 ἑαυτῷ
541 398 898 464 ποιούμενος,
950 398 1211 464 δυνάμεις
1251 399 1313 451 δὲ
1350 401 1567 468 μείζους
1610 398 1895 453 ἐλάττοσιν

203 485 434 554 ἐπάγων.
511 494 675 539 τοῦτο
715 487 771 539 αἱ
811 489 1032 556 ἔλαφοι,
1087 493 1252 538 τοῦτο
1293 487 1345 539 οἱ
1395 489 1624 556 λαγωοί,
1669 487 1830 541 τοῦθ’
1864 489 1893 542 ὁ

159 598 178 631 5
202 577 375 638 πολὺς
414 568 582 643 οἶνος,
625 582 790 628 τοῦτο
830 576 896 628 τά
933 584 1046 628 τῶν
1085 575 1337 645 ὀρνίθων
1376 575 1522 644 γένη.
1600 577 1693 630 διὰ
1730 584 1893 630 τοῦτο

201 673 313 717 τῶν
367 665 832 733 συναριστῶντων
883 684 941 717 τε
1003 664 1191 726 αὐτοῖς
1245 659 1386 717 εἶναι
1449 665 1705 733 βούλεται
1758 663 1888 718 καθ’

202 752 411 822 ἡμέραν
447 751 538 805 καὶ
580 753 726 815 ὅπως
765 773 826 821 γε
866 758 948 822 εἰή
987 763 1149 806 ποιεῖ.
1212 746 1326 806 εἶτα
1365 754 1460 816 τὰς
1499 754 1636 807 κατὰ
1673 763 1785 807 τῶν
1825 754 1893 806 οὐ

201 842 380 894 πάντα
418 842 565 913 αὐτῷ
605 841 956 910 πειθομένων
1002 843 1277 895 δικαστῶν
1323 842 1660 911 ἀναμίγνυσι
1707 842 1894 911 διαβο-

203 932 300 993 λὰς
337 932 516 983 πίνων
555 929 693 999 ὁμοῦ
732 928 824 983 καὶ
865 939 1248 999 συκοφαντῶν.
1309 932 1400 984 διὰ
1439 932 1709 984 τοιούτων
1747 931 1895 984 ὁδῶν

137 1043 180 1075 ιο
204 1021 594 1089 χρηματίζεται.
673 1014 833 1072 αὗται
887 1021 985 1072 τὸν
1030 1020 1413 1073 κατάπτυστον
1459 1021 1516 1073 αἱ
1566 1019 1750 1089 τέχναι
1799 1027 1896 1088 τῆς

201 1114 434 1171 παλαιᾶς
473 1110 664 1171 πενίας
704 1107 1036 1171 ἐξείλκυσαν.
1118 1108 1199 1162 15.
1250 1117 1345 1178 τῆς
1384 1108 1551 1178 αὐτῆς
1592 1108 1677 1176 δέ,
1725 1104 1894 1176 οἶμαι,

201 1197 392 1267 τέχνης
429 1196 462 1265 ἢ
504 1195 593 1250 καὶ
640 1194 715 1249 ἔτ’
748 1199 1027 1265 αἰσχίονος
1076 1197 1105 1251 ὁ
1153 1204 1254 1250 τοῦ
1303 1198 1486 1261 δεῖνος
1525 1201 1739 1267 κλῆρος.
1815 1191 1895 1250 ὧν

201 1287 305 1355 γὰρ
353 1285 415 1340 ἐν
461 1288 634 1357 σκότῳ
685 1286 796 1352 μετ’
829 1285 1083 1354 ἀλλήλων
1129 1284 1369 1354 ἔπραξαν
1415 1286 1593 1340 πάντα
1640 1286 1896 1355 ἀλλήλοις

201 1373 292 1427 καὶ
333 1376 582 1438 διδόντες
627 1376 716 1427 καὶ
757 1375 1150 1443 λαμβάνοντες,
1202 1376 1416 1428 τούτων
1453 1376 1661 1445 καρπὸς
1699 1374 1728 1427 ὁ
1767 1378 1895 1442 κλῆ-

136 1486 178 1519 15
203 1484 313 1533 ρος.
374 1462 465 1516 καὶ
512 1462 872 1532 ἐκληρονόμει
917 1464 1122 1532 μητρὸς
1169 1464 1362 1533 οὔσης,
1414 1463 1656 1533 ἀδελφῆς
1711 1463 1894 1531 οὔσης,

202 1554 417 1606 παίδων
457 1551 681 1620 ἐκείνης.
752 1548 830 1605 ὧν
869 1553 958 1606 ὅτε
996 1553 1100 1621 τὴν
1137 1551 1386 1621 ἀδελφὴν
1425 1551 1629 1621 ἐγάμει,
1668 1560 1844 1620 τεῖχος
1886 1550 1890 1622 Ι

116 1654 157 1698 R
180 1654 323 1698 H359
364 1639 465 1709 μὲν
495 1640 812 1710 ὑπισχνεῖτο
851 1648 951 1694 τοῦ
989 1642 1260 1709 κηδεστοῦ
1290 1650 1407 1704 τοῖς
1437 1640 1618 1694 υἱέσιν
1650 1643 1894 1708 ἔσεσθαι,

202 1730 396 1799 γέγονε
437 1726 498 1782 δὲ
535 1729 762 1782 πάντων
799 1730 1204 1798 μηχανημάτων
1244 1731 1554 1799 δεινότερος
1592 1731 1895 1782 κατασείων

203 1817 294 1871 καὶ
348 1817 675 1887 καταφέρων
728 1821 844 1886 καί,
898 1820 960 1871 τὸ
1016 1820 1083 1887 δὴ
1140 1820 1476 1886 δεινότατον,
1532 1817 1602 1871 δι’
1643 1818 1895 1887 ἀλλήλων

137 1929 180 1961 20
203 1915 405 1960 τοῦτον
457 1903 560 1975 μὲν
611 1907 751 1974 πρὸς
805 1906 1018 1960 ἐκεῖνον
1073 1906 1250 1974 λέγων
1302 1917 1502 1974 κακῶς,
1567 1906 1780 1961 ἐκεῖνον
1834 1903 1895 1959 δὲ

203 1996 340 2064 πρὸς
378 2003 578 2048 τοῦτον
622 1994 712 2048 καὶ
752 2003 859 2049 νῦν
909 1992 1011 2064 μὲν
1049 2003 1251 2049 τοῦτον
1290 1994 1372 2049 ἐπ’
1405 1995 1619 2049 ἐκεῖνον
1657 1996 1893 2062 ἀκονῶν,

202 2091 310 2136 νῦν
350 2081 411 2136 δὲ
451 2082 665 2136 ἐκεῖνον
705 2083 793 2137 ἐπὶ
832 2092 1050 2152 τοῦτον,
1092 2087 1274 2152 φιλῶν
1304 2081 1407 2151 μὲν
1439 2083 1751 2154 οὐδέτερον,
1790 2089 1893 2136 θα-

203 2172 341 2244 τέρῳ
382 2170 442 2224 δὲ
483 2173 652 2225 αὑτὸν
691 2171 772 2225 ἀεὶ
812 2175 1150 2242 προστιθείς,
1193 2172 1555 2242 ἰσχυροτέραν
1590 2175 1690 2241 τὴν
1721 2172 1891 2225 αὑτοῦ

325 2395 349 2434 3
383 2391 511 2434 Dem.
538 2405 627 2434 cor.
653 2406 697 2446 p.
718 2395 817 2445 239,
838 2395 890 2434 19

327 2604 349 2642 1
381 2598 473 2652 πρὸ
501 2598 539 2642 0
682 2603 707 2640 3
739 2595 823 2652 ὑφ’
861 2597 1026 2654 scripsi
1058 2611 1083 2641 e
1117 2598 1159 2640 V
1184 2611 1289 2640 cum
1322 2596 1495 2641 Cobeto
1529 2595 1641 2640 Coll.
1662 2601 1746 2639 133
1808 2592 1886 2650 ἐφ’

206 2657 376 2712 reliqui
406 2657 516 2700 libri
548 2656 638 2700 edd
675 2659 680 2712 Ι
716 2656 911 2713 δυνάμει
943 2658 978 2700 Ι
995 2657 1128 2713 Bong
1268 2661 1296 2698 4
1327 2653 1519 2713 λαγωιοί
1541 2656 1587 2700 Α
1730 2660 1756 2698 5
1789 2656 1891 2698 δια-

205 2723 340 2759 τοῦτο
372 2717 450 2760 ΑΙ
459 2717 502 2759 V
687 2720 712 2758 6
745 2716 905 2766 αὑτοῖς
935 2716 1003 2759 Re
1045 2719 1050 2772 Ι
1094 2715 1306 2773 βούλεται
1338 2714 1504 2770 scripsi
1535 2727 1561 2757 e
1593 2715 1792 2759 PaAPI
1797 2713 1839 2757 V

206 2774 452 2831 βούλονται
483 2774 652 2830 reliqui
683 2774 793 2817 libri
824 2775 915 2818 edd
958 2778 963 2828 Ι
1006 2772 1280 2830 καθημέραν
1314 2774 1358 2817 V
1510 2777 1534 2815 7
1566 2779 1718 2817 ποιεῖν
1752 2773 1839 2817 GV

209 2839 261 2876 12
295 2829 358 2876 ὧν
376 2860 431 2866 -
452 2838 507 2876 14
531 2836 696 2889 κλῆρος
726 2848 802 2877 om
826 2833 959 2890 Bong
1082 2838 1134 2876 16
1169 2830 1364 2882 ἐκείνοις
1385 2833 1420 2875 Ι
1436 2832 1570 2888 Bong
1601 2831 1682 2888 qui
1714 2828 1893 2885 ἐκείνης

207 2892 311 2935 coni
434 2896 490 2934 20
524 2890 714 2936 ἐκείνων
739 2893 772 2935 Ι
792 2895 798 2948 Ι
826 2891 944 2949 λέγει
977 2893 1052 2936 Ρα
1173 2895 1227 2934 23
1261 2892 1406 2934 αὐτοῦ
1440 2891 1484 2934 V
