1992 3094
270 123 497 168 LIBANII
529 121 754 167 ORATIO
787 121 905 166 PRO
938 121 1255 167 AGRICOLIS
1288 122 1366 165 DE
1399 121 1687 167 ANGARIIS
1749 123 1855 175 487

280 260 367 312 36.
423 259 530 311 Καὶ
571 257 660 312 σοὶ
700 255 760 311 δὲ
801 258 829 311 ὁ
871 259 1045 326 φόρος
1083 257 1314 323 ἐκεῖθεν,
1355 254 1396 310 ὦ
1428 261 1670 327 βασιλεῦ.
1743 260 1859 311 δια-

167 348 299 419 λέγῃ
347 348 448 417 μὲν
486 348 591 417 γὰρ
631 345 755 416 περὶ
803 346 975 399 αὐτοῦ
1015 354 1133 408 ταῖς
1171 348 1401 399 πόλεσιν
1439 344 1500 399 ἐν
1539 357 1653 409 τοῖς
1691 347 1857 417 γράμ-

165 451 319 505 μασι,
357 444 475 498 ταῖς
514 436 576 489 δὲ
615 434 833 488 ἐκεῖθεν
871 435 933 487 τὸ
976 435 1190 487 δοῦναι.
1259 435 1406 497 ὅστις
1438 455 1494 487 τε
1527 431 1631 488 οὖν
1662 438 1861 504 βοηθεῖ

169 534 285 588 τοῖς
330 532 620 594 γεωργοῖς,
672 519 834 586 οὗτος
879 524 945 575 τὰ
993 523 1061 575 σὰ
1108 523 1350 592 συνέχει,
1401 522 1491 576 καὶ
1538 524 1687 586 ὅστις
1734 523 1859 593 ἐπη-

171 615 363 683 ρεάζει,
401 611 527 682 περὶ
565 614 632 666 τὰ
672 613 741 665 σὰ
779 613 945 675 κακὸς
983 613 1207 679 γίνεται.
1276 612 1481 680 ταύτην
1520 632 1577 664 τε
1617 609 1720 667 οὗν
1758 614 1859 682 τὴν
1883 635 1902 665 5

168 701 430 772 ἐπήρειαν
470 701 783 771 ἐπισχετέον
822 715 935 769 σοι,
971 698 977 772 Ι
1018 703 1272 769 βασιλεῦ,
1307 703 1467 773 νόμῳ
1507 703 1592 754 καὶ
1636 722 1712 755 τι-
1743 714 1947 758 RH569

166 793 347 862 μωρίᾳ
400 791 490 844 καὶ
546 791 848 859 γράμμασι,
906 790 995 843 καὶ
1049 797 1113 860 τῇ
1167 789 1292 859 περὶ
1347 786 1427 844 ὧν
1480 798 1587 843 νῦν
1641 790 1860 853 ἀκούεις

172 881 386 950 σπουδῇ
425 879 804 949 παρακλητέον
840 879 1083 940 ἅπαντας
1116 880 1194 941 εἰς
1223 881 1352 941 τοὺς
1382 879 1519 947 ὑπὲρ
1552 889 1663 932 τῶν
1695 899 1860 949 γεωρ-

172 978 287 1036 γῶν
321 970 534 1036 λόγους.
612 968 697 1020 37.
754 961 904 1037 οἶμαι
944 966 1011 1020 δέ
1045 982 1132 1020 σοι
1171 970 1471 1038 προσήκειν
1509 970 1580 1037 μὴ
1619 970 1860 1035 νομίζειν

172 1058 391 1125 ἱκανόν,
440 1058 487 1110 εἰ
526 1057 700 1126 μηδὲν
738 1059 818 1110 ἔτι
860 1064 1116 1110 τοιοῦτον
1155 1058 1331 1124 ἔσται,
1379 1056 1516 1110 ἀλλὰ
1562 1055 1650 1110 καὶ
1700 1058 1860 1125 δίκην
1885 1079 1926 1111 ιο

174 1145 435 1213 ἐθελῆσαι
482 1134 686 1213 λαβεῖν.
771 1147 894 1214 δίκη
945 1145 1005 1198 δὲ
1051 1145 1338 1213 πρέπουσα
1387 1148 1517 1209 τοὺς
1563 1146 1664 1215 μὲν
1710 1145 1859 1215 ἀρχι-

172 1234 430 1297 τέκτονας
462 1235 564 1288 ὅσα
594 1254 652 1288 τε
683 1236 902 1304 χώματα
939 1232 1030 1287 καὶ
1071 1234 1219 1287 ὅσων
1258 1233 1327 1287 ἄν
1358 1234 1619 1303 μετετέθη
1660 1235 1861 1304 χρημά-

172 1343 286 1376 των
323 1325 523 1391 εἰπεῖν,
570 1324 727 1377 ταυτὶ
775 1321 835 1376 δὲ
881 1324 947 1376 τὰ
984 1325 1231 1394 χρήματα
1269 1324 1531 1391 γενέσθαι
1570 1338 1659 1377 σοι
1697 1323 1861 1394 μέρος

173 1419 268 1481 τῆς
298 1409 436 1482 ὑπὲρ
468 1422 580 1465 τῶν
611 1412 756 1466 ὅλων
787 1413 1049 1482 δαπάνης,
1086 1415 1216 1475 τοὺς
1248 1410 1308 1466 δὲ
1339 1412 1596 1476 τιθέντας
1627 1412 1861 1482 ἀμφοτέ-

174 1521 308 1570 ρους
339 1497 500 1569 εἶναι,
539 1501 670 1564 τούς
693 1520 750 1553 τε
783 1501 982 1564 δόντας
1013 1502 1115 1570 τὴν
1145 1502 1306 1572 χάριν
1336 1503 1466 1564 τούς
1488 1521 1546 1554 τε
1578 1503 1859 1568 λαβόντας.
1887 1522 1927 1554 15

297 1651 319 1690 1
354 1645 378 1691 ὃ
411 1646 624 1705 βασιλεύς
646 1647 682 1690 Ι
798 1651 851 1690 15
882 1645 1011 1698 τέλος
1038 1654 1121 1691 τοῦ
1149 1646 1266 1703 ὑπὲρ
1290 1654 1382 1692 τῶν
1407 1654 1618 1704 γεωργῶν
1641 1648 1746 1703 περὶ
1770 1654 1862 1691 τῶν

173 1706 435 1763 ἀγγαρειῶν
465 1704 604 1763 λόγου
638 1705 798 1749 subscr
827 1707 894 1761 Α,
935 1707 1050 1763 ὑπὲρ
1088 1714 1180 1750 τῶν
1215 1714 1430 1764 γεωργῶν
1460 1708 1566 1762 περὶ
1596 1714 1687 1751 τῶν
1719 1707 1861 1764 ἀγγα-

174 1772 313 1821 ρειῶν
340 1766 386 1810 Ρ
414 1766 496 1809 sed
527 1781 568 1810 ει
599 1767 648 1810 et
671 1769 690 1778 ⁸
722 1765 772 1809 in
802 1779 877 1809 ras
908 1765 978 1809 m’
