1992 3094
213 109 249 160 2
257 109 323 160 76
708 105 936 149 LIBANII
968 105 1192 150 ORATIO
1225 106 1417 150 XXXIX

216 243 478 312 γυναικὸς
539 242 821 310 παρούσης
875 241 965 294 καὶ
1020 240 1332 310 ἀκουούσης
1393 242 1520 294 οὔτε
1574 241 1908 310 άντέβλεψεν

217 334 343 386 οὔτε
383 331 653 398 ἀντεῖπεν,
695 331 918 398 ἄφωνος
958 330 1019 382 δὲ
1059 331 1136 392 εἰς
1175 338 1280 399 γῆν
1317 329 1539 397 βλέπων
1579 331 1770 401 ἱδρῶτι
1808 332 1909 400 τὴν

214 421 517 490 ὁμολογίαν
555 426 650 486 τῆς
689 420 882 487 μίξεως
923 417 1229 486 ἐποιήσατο.
1307 418 1496 472 δεινὸν
1534 420 1595 472 τὸ
1635 426 1734 472 τοῦ
1773 418 1909 472 Θυέ-

218 524 369 576 στου,
408 510 468 561 τὸ
511 505 570 560 δὲ
610 515 718 559 νῦν
756 515 920 559 τοῦτο
963 508 1293 576 δεινότερον,
1338 507 1448 579 ὅσω
1489 527 1550 576 γε
1591 508 1910 576 δεινότερον

172 619 193 652 5
218 597 279 651 ἐν
316 598 427 650 υἱεῖ
466 596 726 664 γενέσθαι
766 603 1023 648 τοιοῦτον
1063 595 1095 664 ἢ
1135 598 1392 665 θυγατρί.

329 686 414 739 23.
467 684 596 753 Ἐγὼ
629 682 730 753 μὲν
762 685 958 737 τοίνυν
998 685 1181 737 ἔδεισα
1219 685 1482 747 πολλάκις
1520 682 1647 754 περὶ
1676 685 1806 755 τῇδε
1844 692 1909 755 τῇ

218 777 374 828 πόλει
420 775 492 843 μὴ
538 782 684 827 πᾶσα
733 774 810 845 δῷ
853 774 1015 841 δίκην
1056 781 1151 842 τῆς
1199 771 1519 841 Μιξιδήμου
1566 775 1775 841 κακίας,
1819 771 1910 825 καὶ

218 872 317 917 τοῦ
359 882 419 931 γε
457 864 529 931 μὴ
569 863 675 931 ἤδη
717 860 1014 914 δεδωκέναι
1061 862 1223 930 χάριν
1262 859 1427 930 ἔσχον
1465 870 1580 924 τοῖς
1618 866 1788 924 θεοῖς.
1850 860 1912 914 ἐν

130 966 171 1009 R
194 964 340 1008 11363
379 945 413 1020 ᾗ
453 951 557 1019 γὰρ
597 957 824 1003 τοιαῦτα
861 952 1200 1018 τετόλμηται,
1249 949 1255 1021 Ι
1306 951 1546 1018 χαλεπὸν
1590 951 1663 1019 μὴ
1708 958 1912 1019 πεσεῖν,

155 1063 196 1096 ιο
222 1041 399 1102 ἄλλως
452 1038 511 1092 θ’
552 1039 640 1092 ὅτε
695 1039 966 1091 λανθάνει
1018 1035 1121 1105 μὲν
1175 1037 1379 1092 οὐδένα
1433 1048 1545 1091 τῶν
1606 1039 1912 1093 οἰκούντων

221 1129 392 1198 αὐτὴν
446 1130 507 1181 τὸ
565 1131 746 1198 ἔργον,
803 1126 1051 1194 ἐκβάλλει
1107 1127 1168 1180 δὲ
1222 1126 1406 1189 οὐδεὶς
1460 1126 1579 1180 οὐδ’
1620 1127 1913 1195 ἀγανακτεῖ

222 1221 420 1282 ζῶντος
459 1215 521 1270 ἐν
559 1209 592 1286 ᾗ
631 1223 859 1269 τοιαῦτα
897 1215 1062 1286 ᾔσθη.

332 1307 417 1359 24.
475 1303 553 1358 Σὲ
594 1302 654 1358 δὲ
693 1307 956 1375 προσήκει
1005 1306 1107 1373 τὴν
1145 1305 1247 1373 μὲν
1292 1303 1419 1375 παρ’
1451 1304 1678 1358 ἐκείνων
1715 1305 1786 1372 μὴ
1829 1308 1913 1373 ζη-

220 1404 335 1448 τεῖν
383 1397 653 1463 βοήθειαν
691 1395 871 1447 ὄντων
916 1413 975 1461 γε
1016 1395 1300 1462 τοιούτων,
1348 1401 1531 1466 σαυτῷ
1566 1395 1626 1447 δὲ
1665 1394 1912 1462 ἀμύνειν.

156 1506 197 1540 15
223 1488 336 1537 ἔστι
393 1483 458 1536 δέ
501 1498 589 1536 σοι
644 1483 894 1551 δύναμις.
971 1484 1085 1535 ἔστι
1138 1483 1241 1552 γὰρ
1295 1484 1361 1551 δὴ
1417 1481 1508 1535 καὶ
1562 1487 1774 1550 γλῶττα
1823 1482 1912 1534 καὶ

223 1574 375 1635 δόσις
424 1573 571 1642 παρὰ
610 1575 863 1641 Μουσῶν
917 1572 1007 1624 οἵα
1060 1570 1130 1624 ἂν
1183 1573 1330 1642 παρὰ
1376 1575 1628 1624 Μουσῶν
1680 1571 1912 1638 γένοιτο.

160 1663 201 1731 †
225 1660 254 1714 ὁ
296 1659 344 1713 δ’
377 1657 480 1713 οὖν
914 1659 1339 1730 ἐπιγραμμάτων
1377 1663 1574 1729 μείζων
1612 1660 1644 1728 ἢ

224 1748 473 1818 Ἀντίοχε.
550 1749 619 1818 ἢν
669 1745 774 1802 οὖν
820 1756 989 1801 ταῦτα
1043 1750 1225 1823 τείνῃς
1277 1751 1343 1802 τὰ
1391 1748 1543 1818 τόξα,
1599 1751 1806 1802 σαυτόν
1854 1768 1911 1802 τε

223 1840 597 1908 παραμυθήσῃ
637 1837 728 1890 καὶ
770 1836 1010 1901 διδάξεις
1050 1837 1281 1906 ἐκεῖνον,
1322 1838 1406 1890 ὅτι
1446 1839 1551 1908 ἄρα
1599 1832 1770 1891 οἶσθα
1817 1839 1913 1890 τὸν

156 1950 201 1982 20
223 1925 552 1996 Ἀρχίλοχον.

345 2077 369 2114 3
402 2072 573 2129 Hygin.
600 2071 693 2115 fab.
720 2076 789 2116 88.
855 2071 1004 2116 Schol.
1038 2073 1099 2116 ad
1131 2072 1237 2115 Eur.
1265 2072 1337 2116 Or.
1360 2078 1413 2116 14
1542 2076 1598 2116 20
1630 2071 1821 2115 Arisizid.
1847 2084 1911 2115 or.

224 2145 310 2188 pro
340 2130 404 2174 IV
435 2131 545 2174 viris
575 2133 609 2174 t.
642 2131 684 2174 H
714 2147 757 2187 p.
786 2136 885 2185 380,
904 2137 956 2174 21
986 2146 1051 2187 sq.
1079 2131 1118 2174 D
1218 2131 1429 2174 Proverb.
1460 2129 1721 2189 Ἀρχίλοχον
1752 2137 1913 2180 πατεῖς

227 2191 353 2247 apud
385 2190 512 2234 Suid.
539 2205 572 2234 s.
599 2205 637 2232 v.
664 2188 914 2248 Ἀρχίλοχος

349 2329 370 2366 1
405 2326 452 2367 et
485 2328 509 2366 2
558 2320 657 2367 οὔτ’
694 2322 762 2367 Re
943 2328 967 2366 2
1017 2323 1206 2379 ἄφωνος
1238 2322 1288 2366 δὲ
1329 2323 1493 2379 scripsi
1537 2337 1640 2366 cum
1673 2322 1853 2365 Sinbeni

228 2381 419 2438 ἄφωνός
440 2399 488 2427 τε
511 2382 621 2425 libri
639 2382 729 2426 edd
847 2388 898 2426 12
926 2381 1048 2438 ἥσθη
1067 2384 1099 2425 Ι
1154 2381 1279 2438 ἥσθη
1308 2382 1613 2438 CPaVBong
1728 2386 1780 2424 17
1806 2380 1912 2437 post

228 2440 252 2485 ὁ
285 2439 331 2486 δ’
361 2438 445 2485 οὖν
475 2442 645 2485 lacuna
679 2446 732 2484 12
765 2441 861 2484 fere
893 2442 971 2484 litt
998 2442 1044 2495 0,
1079 2446 1103 2484 6
1129 2443 1230 2494 ΑΡ,
1264 2446 1289 2484 8
1326 2442 1375 2495 U,
1411 2446 1433 2483 7
1459 2443 1500 2495 I,
1536 2446 1586 2483 17
1617 2442 1658 2485 V
1715 2441 1911 2484 fortasse

228 2500 478 2557 explenda:
521 2500 544 2544 ὁ
578 2498 622 2544 δ’
653 2501 707 2544 οὐ
741 2502 856 2555 δῆτα
888 2500 978 2556 (vel
1003 2501 1200 2557 οὐδαμῆ)
1229 2503 1234 2556 Ι
1263 2499 1538 2557 γραμμάτων
1575 2500 1716 2543 GPaI
1721 2501 1764 2543 V
1781 2499 1912 2556 Bong

230 2559 236 2618 1
272 2562 379 2616 post
409 2556 438 2614 ἢ
469 2559 639 2603 lacuna
668 2564 690 2602 7
724 2560 798 2602 vel
831 2563 856 2601 8
889 2559 968 2602 litt
994 2559 1041 2614 0,
1076 2563 1129 2602 13
1163 2560 1214 2613 V,
1247 2575 1281 2602 π
1313 2573 1416 2602 eum
1447 2559 1617 2602 lacuna
1650 2565 1674 2602 6
1707 2558 1785 2601 litt
1809 2558 1910 2611 ΑΡ,

228 2623 255 2661 8
280 2619 332 2671 U,
359 2620 442 2673 91,
475 2619 673 2662 fortasse
705 2618 954 2674 explenda:
989 2619 1179 2677 ἐπῳδῶν
1212 2618 1300 2675 (vel
1333 2617 1528 2675 ἰάμβων)
