1992 3094
888 765 1075 819 XLVI.

251 871 423 921 Oratio
463 871 607 921 κατὰ
658 874 1034 938 Φλωρεντίου
1082 875 1443 937 aliquantisper
1486 878 1601 938 post
1647 892 1830 924 annum

143 947 245 996 387
262 940 304 1014 ¹)
361 947 424 995 ad
470 947 798 996 Theodosium
854 949 1132 1011 conscripta
1187 944 1444 1011 ‘corporis'
1495 950 1596 997 fere
1649 949 1830 998 finibus

140 1021 511 1084 circumscripta
540 1023 738 1070 mansit.
807 1022 997 1071 Parvus
1036 1024 1194 1086 igitur
1223 1039 1456 1071 numerus
1497 1026 1572 1072 est
1610 1024 1830 1072 codicum

139 1095 317 1158 quibus
371 1095 435 1144 ad
490 1098 713 1144 nostram
771 1099 985 1144 aetatem
1039 1099 1276 1159 pervenit.
1371 1096 1498 1144 Sunt
1559 1100 1726 1146 autem
1779 1099 1829 1145 hi

137 1185 336 1218 novem:

251 1245 296 1291 1.
351 1242 700 1292 Chisianus
738 1244 879 1291 RVI
912 1246 980 1292 43
1028 1238 1120 1308 (--
1158 1238 1216 1310 C)
1266 1260 1390 1293 saec.
1422 1245 1541 1292 XIV
1579 1245 1663 1294 fol.
1699 1247 1831 1294 306*

137 1317 344 1366 diversis
382 1318 611 1366 manibus
624 1310 666 1385 ²)
708 1320 952 1366 exaratus.
1014 1318 1141 1366 Vide
1172 1336 1219 1381 p.
1249 1320 1352 1367 164
1390 1322 1440 1367 et
1476 1321 1511 1367 t.
1537 1319 1562 1367 I
1601 1336 1648 1382 p.
1677 1321 1744 1368 10
1759 1335 1829 1382 sq.

139 1390 351 1440 Contuli.

249 1467 296 1514 2.
346 1466 721 1515 Monacensis
761 1483 838 1530 gr.
881 1467 986 1514 483
1043 1466 1163 1514 olim
1207 1466 1597 1530 Augustanus
1637 1460 1732 1535 (=
1758 1460 1826 1532 A)

138 1555 261 1588 saec.
293 1539 339 1587 X
376 1540 461 1588 fol.
498 1542 618 1588 201.
694 1540 821 1588 Vide
859 1543 895 1588 t.
921 1541 946 1587 I
977 1558 1023 1603 p.
1053 1542 1118 1588 15
1134 1555 1204 1602 sq.
1277 1539 1488 1588 Contuli.

249 1615 296 1662 3.
335 1613 670 1662 Vaticanus
709 1614 1026 1662 Palatinus
1066 1631 1144 1678 gr.
1179 1615 1282 1662 282
1327 1608 1421 1682 (=
1453 1608 1517 1685 P)
1559 1629 1683 1663 saec.
1708 1615 1827 1662 XIV

136 1688 220 1736 fol.
248 1689 394 1736 205'.
469 1688 597 1736 Vide
634 1690 671 1737 t.
696 1688 723 1736 I
752 1705 797 1751 p.
827 1690 896 1737 20
910 1704 980 1751 sq.
1059 1687 1272 1736 Contuli.

246 1763 295 1810 4.
344 1761 902 1810 Cheltenhamensis
939 1763 1115 1811 10618
1158 1755 1654 1827 saec.XV11sXV111
1683 1762 1768 1811 fol.
1795 1763 1824 1810 5

137 1851 167 1884 a
204 1834 461 1884 Leonardo
492 1836 674 1884 Adami
722 1853 747 1884 e
793 1836 1026 1885 Palatino
1064 1836 1393 1898 transcriptus
1440 1836 1622 1884 desinit
1658 1837 1742 1885 fol.
1770 1838 1828 1884 5v

136 1909 298 1958 verbis
337 1913 440 1968 τοῖς
478 1908 675 1976 ἐχθροῖς
712 1927 758 1973 Ρ.
787 1911 966 1971 381,9.
1042 1910 1170 1957 Vide
1207 1912 1243 1958 t.
1276 1910 1301 1956 I
1339 1927 1385 1973 p.
1413 1911 1517 1958 282
1533 1924 1605 1972 sq.

249 1984 294 2033 5.
351 1984 723 2033 Marcianus
771 1984 1036 2047 append.
1076 1982 1187 2031 XCI
1235 1985 1264 2030 2
1316 1977 1412 2050 (=
1450 1977 1498 2050 Ι)
1546 1998 1669 2032 saec.
1710 1983 1827 2031 XIV

137 2056 220 2105 fol.
249 2059 395 2106 2447.
456 2057 583 2106 Vide
622 2061 658 2106 t.
690 2058 715 2105 I
753 2075 800 2121 p.
837 2060 940 2106 217
960 2073 1031 2120 sq.
1109 2056 1322 2105 Contuli.

255 2214 298 2260 1)
336 2213 458 2257 Nam
500 2215 655 2257 motus
694 2212 974 2257 Antiocheni
1014 2212 1094 2268 qui
1132 2225 1237 2256 vere
1278 2213 1388 2255 anni
1429 2217 1513 2257 387
1554 2214 1681 2257 ortus
1728 2216 1829 2257 erat

135 2271 286 2315 sedati
324 2272 400 2329 (cf.
442 2288 485 2330 p.
522 2278 604 2316 147
645 2274 741 2317 not.
777 2274 819 2330 1)
857 2272 906 2315 in
950 2271 1157 2316 oratione
1195 2286 1240 2328 p.
1275 2276 1504 2328 394,5sq.
1547 2273 1720 2316 mentio
1759 2272 1823 2316 fit.

136 2330 290 2387 Atque
329 2331 452 2376 inter
489 2332 614 2376 hunc
654 2333 701 2375 et
739 2331 1028 2375 Florentium
1067 2331 1262 2374 duorum
1301 2328 1540 2388 ἀρχόντων
1577 2331 1827 2388 imperium

137 2389 453 2435 intercessisse
491 2391 715 2434 Libanius
753 2390 803 2433 in
841 2389 954 2434 Vita
990 2392 1024 2434 t.
1053 2389 1074 2432 I
1102 2404 1147 2446 p.
1177 2394 1570 2444 192,8—197,23
1612 2392 1827 2446 testatur,
1883 2392 1888 2395 ’

137 2448 178 2492 si
202 2449 391 2504 quidem
415 2463 535 2505 quae
560 2450 617 2494 de
641 2449 878 2493 Florentio
901 2449 950 2492 in
975 2449 1184 2493 oratione
1215 2464 1259 2505 p.
1287 2453 1386 2503 380,
1402 2453 1449 2504 33
1474 2453 1663 2504 382,24;
1689 2454 1825 2503 383,6

134 2508 182 2551 et
207 2513 282 2564 163
317 2513 417 2564 399,
436 2514 491 2552 22
525 2509 764 2563 dicuntur,
805 2508 849 2552 ei
881 2508 1161 2552 conveniunt
1192 2521 1331 2564 quem
1361 2508 1553 2551 tertium
1583 2508 1679 2552 illis
1712 2509 1826 2553 duo-

135 2565 225 2610 bus
250 2568 525 2612 successisse
550 2568 667 2611 dicit
689 2567 738 2610 in
754 2567 866 2610 Vita
896 2582 941 2623 p.
962 2571 1059 2620 197,
1076 2572 1104 2609 4
1122 2581 1189 2621 sq.
1252 2566 1319 2611 Cf.
1345 2565 1623 2611 Sieversium
1652 2583 1698 2625 p.
1726 2571 1824 2612 189.

252 2630 296 2683 2)
330 2626 453 2670 Nam
493 2626 588 2670 alia
628 2628 770 2682 atque
809 2626 1060 2669 antecessit
1097 2639 1261 2669 manus
1301 2627 1586 2683 conspicitur
1622 2626 1672 2670 in
1711 2626 1825 2671 folio

136 2687 242 2727 307¹
278 2684 388 2729 inde
421 2699 449 2730 a
479 2686 617 2730 verbo
649 2686 970 2742 ἀγανακτῆσαι
1001 2699 1046 2741 p.
1073 2689 1172 2739 381,
1193 2689 1246 2727 12
1277 2698 1425 2741 usque
1458 2686 1518 2729 ad
1549 2685 1704 2743 ἡγεῖτο
1735 2685 1824 2743 γάρ

133 2756 178 2798 p.
204 2746 304 2799 382,
323 2748 378 2787 19
410 2746 459 2788 et
496 2744 546 2787 in
576 2743 690 2788 folio
723 2748 835 2787 308v
864 2743 975 2788 inde
1011 2757 1039 2787 a
1069 2744 1148 2787 καὶ
1183 2743 1275 2788 ἔδει
1306 2759 1349 2800 p.
1378 2748 1478 2799 386,
1498 2749 1551 2787 12
1584 2758 1730 2800 usque
1763 2745 1824 2788 ad

134 2799 163 2856 ἡ
194 2800 387 2858 τιμωρία
417 2818 462 2860 Ρ.
490 2807 659 2858 387,17
694 2805 741 2846 et
771 2803 821 2846 in
852 2802 965 2846 folio
999 2806 1104 2846 309*
1134 2801 1242 2846 inde
1276 2816 1303 2845 a
1336 2808 1547 2859 στερῆσαι
1578 2818 1623 2860 p.
1651 2807 1750 2858 387,
1765 2808 1821 2847 23

133 2873 281 2916 usque
320 2861 380 2904 ad
418 2862 578 2917 finem3
619 2862 715 2905 alia
753 2861 803 2904 in
840 2860 954 2905 folio
994 2865 1104 2905 307*
1142 2861 1252 2905 inde
1284 2875 1312 2905 a
1342 2861 1582 2906 vocabulis
1615 2860 1727 2918 ὅπερ
1761 2859 1821 2906 αὖ

16 2944 38 2994 ⁸.
133 2932 179 2974 p.
205 2923 306 2976 382,
325 2923 378 2963 19
411 2933 558 2977 usque
590 2921 651 2964 ad
683 2919 956 2979 βιαζομένου
987 2919 1125 2978 λόγον
1156 2935 1200 2976 Ρ.
1229 2924 1412 2975 386,12.
