1992 3094
225 108 297 162 50
702 108 931 153 LIBANII
963 107 1187 153 ORATIO
1219 107 1412 152 XXVIII

225 252 477 308 τοιοῦτος
515 244 649 313 ἡμῖν
689 244 718 298 ὁ
758 245 1055 313 γεννάδας,
1096 242 1215 298 ἀλλ’
1247 244 1552 314 ἄνθρωπον
1592 242 1787 311 εὐγενῆ
1826 241 1919 296 πέ-
1978 230 1986 287 ²÷

224 352 362 401 νητα
401 334 485 396 δὶς
524 336 957 402 λειτουργοῦντα
994 334 1060 385 τὰ
1097 331 1224 402 περὶ
1262 334 1359 395 τὰς
1389 333 1655 399 καμίνους
1693 332 1789 394 τὰς
1827 350 1919 400 με-

225 422 411 489 γάλας,
450 421 752 475 ἀδικοῦντα
790 422 891 490 μὲν
924 421 1108 490 οὐδέν,
1150 422 1423 474 δοκοῦντα
1463 417 1524 473 δὲ
1561 420 1707 492 αὐτῷ
1739 421 1921 472 παίων

226 509 520 563 ἀπώλεσεν.
598 503 640 583 ᾧ
689 511 793 579 γὰρ
841 511 1034 578 ἅτερος
1079 519 1200 563 τοῖν
1251 510 1425 579 ὥμοιν
1476 509 1750 575 ἀπόλωλε,
1803 517 1919 571 πῶς
1978 551 1985 586 3

182 594 388 662 5οὗτος
436 598 537 652 οὐκ
585 598 892 663 ἀπόλωλεν;
949 598 996 652 7.
1043 597 1230 652 ἐλθὼν
1281 595 1342 651 δὲ
1383 599 1461 660 εἰς
1503 599 1775 665 Φοινίκην
1820 597 1921 650 τὸν

229 686 290 740 ἐν
327 689 534 756 μείζονι
575 690 908 758 λειτουργίᾳ,
948 683 1011 756 ἧς
1044 688 1147 757 γὰρ
1188 689 1331 756 ἔφην
1368 689 1566 754 μείζων
1604 687 1637 755 ἡ
1678 686 1771 739 διὰ
1808 694 1923 739 τῶν

226 778 460 846 θηρίων,
516 775 798 838 ἀποδύσας
851 777 922 845 ἣν
974 774 1101 846 παρ’
1142 775 1309 845 αὐτῆς
1363 770 1510 845 εἶχεν
1564 774 1772 843 ἐσθῆτα
1824 781 1922 842 τῆς

227 866 572 934 λειτουργίας
642 866 717 927 εἰς
789 866 992 935 ἰατρῶν
1059 873 1244 934 χεῖρας
1305 866 1558 933 ἔπεμψεν.
1651 857 1769 917 οἶδε
1829 862 1922 919 καὶ

136 966 178 1009 R
201 965 345 1009 H137
380 954 597 1023 Βόστρα
632 953 638 1022 Ι
672 954 928 1016 τοιαύτας
957 954 1183 1022 πληγάς,
1224 949 1342 1006 οἶδε
1372 953 1463 1006 καὶ
1493 951 1813 1022 Ἀρέθουσα,
1852 948 1924 1005 οὗ

161 1064 204 1095 ιο
227 1050 390 1111 τιμᾶν
453 1042 682 1110 φάσκων
751 1042 1056 1112 ἄνθρωπον
1122 1046 1545 1111 φιλοσοφοῦντα
1612 1043 1926 1111 βουλευτὴν

227 1129 525 1198 ἀπώλεσεν,
574 1129 759 1199 ἐπειδὴ
806 1130 975 1199 πένης
1014 1131 1093 1183 ὢν
1133 1130 1161 1184 ὁ
1201 1131 1504 1199 βουλευτὴς
1551 1125 1713 1193 οὗτος
1750 1134 1923 1184 πλου-

227 1225 431 1271 τοῦντα
469 1219 567 1271 τὸν
607 1221 923 1287 φιλόσοφον
962 1219 1226 1289 εἰσφορὰς
1266 1218 1595 1288 εἰσέπραττε.

340 1308 388 1360 8.
447 1308 526 1360 Τά
566 1306 614 1360 δ’
647 1306 709 1360 ἐν
748 1309 952 1378 Βεροίᾳ
991 1311 1074 1370 τίς
1114 1308 1216 1361 οὐκ
1256 1306 1526 1378 ἐδάκρυσε
1564 1309 1728 1360 δυοῖν
1767 1311 1924 1360 πολι-

227 1394 551 1465 τευομένοιν
591 1399 649 1448 οἳ
684 1397 750 1448 τὰ
785 1406 975 1465 πρῶτα
1013 1392 1171 1465 ἦσαν,
1210 1400 1431 1450 πολλῶν
1468 1394 1594 1466 περὶ
1634 1397 1701 1448 τὰ
1739 1396 1924 1450 αὑτῶν

162 1506 203 1539 15
228 1485 541 1554 μετάφρενα
573 1494 772 1555 χειρῶν
804 1484 1170 1553 ἀνηλωκότων
1201 1485 1403 1554 ἀκμήν;
1443 1485 1542 1547 οὓς
1579 1483 1763 1547 οὐδεὶς
1793 1482 1918 1538 ἔσθ’

230 1574 379 1636 ὅστις
418 1573 483 1626 οὐ
517 1583 627 1626 τῶν
657 1574 763 1643 πρὸ
795 1575 960 1626 τοῦδε
992 1572 1276 1644 ἀρξάντων
1307 1575 1662 1636 εἰσελθόντας
1692 1572 1924 1644 ᾐδέσθη.

229 1663 295 1714 τὰ
335 1659 394 1714 δὲ
435 1663 501 1730 δὴ
543 1669 650 1715 νῦν
687 1670 859 1715 ταῦτα
896 1663 1096 1731 πηγάς,
1143 1658 1184 1714 ὦ
1223 1665 1476 1730 βασιλεῦ,
1518 1662 1777 1730 δακρύων
1816 1661 1923 1719 ἐκί-

229 1764 361 1818 νησε
414 1759 529 1813 τοῖς
575 1770 632 1803 τε
677 1749 802 1821 περὶ
857 1752 953 1813 τὰς
1005 1751 1186 1820 θύρας
1238 1760 1355 1813 τοῖς
1409 1771 1465 1803 τε
1513 1750 1654 1803 ὅπου
1711 1751 1778 1819 δὴ
1826 1758 1925 1819 τῆς

231 1840 440 1901 πόλεως
495 1839 753 1908 ἀνδράσι,
810 1838 1053 1908 γυναιξί,
1113 1842 1322 1907 παισίν,
1386 1838 1729 1908 ἐλευθέροις,
1793 1839 1920 1891 δού-

166 1949 208 1980 20
234 1930 374 1995 λοις,
436 1927 625 1990 αὐτοῖς
678 1935 793 1990 τοῖς
845 1929 1094 1980 παίουσι·
1163 1935 1436 1980 τοσοῦτον
1497 1923 1567 1995 ἦν
1627 1928 1688 1980 τὸ
1750 1928 1926 1981 κακὸν

230 2013 320 2068 καὶ
382 2013 471 2067 ἐπὶ
526 2023 796 2068 τοσοῦτον
848 2024 944 2084 τῆς
997 2015 1198 2084 ἡμέρας
1252 2016 1485 2085 προβάν,
1542 2014 1682 2068 ὥσθ’
1714 2016 1768 2068 οἱ
1822 2016 1925 2068 τὸν

232 2103 363 2157 νέον
428 2103 533 2156 ἀπὸ
595 2112 693 2157 τοῦ
757 2105 1001 2173 στήθους
1062 2103 1347 2173 ἀνέχοντες
1408 2111 1482 2176 τῷ
1537 2105 1765 2176 μετώπῳ
1827 2105 1926 2167 τὰς

231 2201 414 2261 χεῖρας
499 2194 871 2261 προσάγοντες
955 2192 1258 2262 ἐσκόπουν,
1343 2194 1390 2245 εἰ
1476 2194 1550 2262 μὴ
1635 2192 1923 2262 τέθνηκεν.

232 2280 280 2332 9.
335 2280 471 2349 ὑπὲρ
527 2288 626 2333 τοῦ
683 2282 750 2349 δὴ
803 2289 975 2334 ταῦτα
1027 2280 1117 2334 καὶ
1163 2283 1220 2334 τί
1269 2282 1329 2334 τὸ
1381 2281 1640 2350 ἀδι’κημα;
1695 2280 1724 2334 ὁ
1764 2295 1923 2334 συν-

167 2368 502 2437 25‘15720909⁹
580 2371 768 2438 φησίν,
840 2370 954 2423 οὐκ
1026 2364 1229 2438 εἶπεν,
1299 2371 1439 2438 ἥτις
1507 2367 1585 2438 ἦν
1653 2371 1685 2438 ἡ
1755 2370 1923 2438 γυνὴ

353 2563 377 2600 2
411 2557 467 2601 cf.
502 2573 546 2614 p.
574 2563 614 2613 6,
634 2563 685 2601 12
699 2573 764 2614 sq.
912 2565 934 2602 7
969 2560 1026 2604 cf.
1058 2575 1102 2616 p.
1130 2564 1201 2615 57,
1220 2565 1327 2614 4sq.
1467 2565 1490 2602 9
1525 2559 1581 2603 cf.
1615 2574 1659 2615 p.
1687 2564 1757 2614 57,
1778 2563 1831 2602 13
1851 2573 1923 2614 sq.

355 2738 379 2776 2
411 2733 468 2777 τὰ
501 2735 546 2778 Α
578 2734 659 2777 sed
693 2752 714 2785 ς
745 2738 851 2790 post
883 2753 912 2778 α
946 2749 1046 2780 eras
1182 2740 1208 2780 8
1243 2735 1417 2791 ἔπεμψε
1439 2736 1475 2778 Ι
1596 2739 1622 2779 8
1655 2736 1702 2777 et
1735 2738 1758 2777 9
1792 2729 1924 2778 οἶδεν

235 2793 280 2835 A
396 2796 448 2835 12
482 2790 746 2847 εἰσέπραττε
777 2795 963 2850 reposui
988 2808 1013 2838 e
1036 2794 1169 2838 libris
1232 2793 1478 2849 ἐπράττετο
1504 2794 1572 2837 Re
1696 2797 1748 2836 13
1775 2792 1824 2836 δὲ
1849 2792 1922 2835 Re
1991 2795 1992 2828 ἒ

234 2851 253 2951 4
280 2849 467 2908 βερροία
491 2852 622 2895 IBV
738 2857 791 2895 14
824 2853 886 2909 οἳ]
914 2854 993 2896 καὶ
1019 2854 1063 2898 V
1115 2860 1334 2909 ταπρῶτα
1361 2853 1430 2908 Vl
1459 2853 1612 2896 αὐτῶν
1635 2851 1703 2895 Re
1764 2851 1924 2895 αὐτῶν

254 2908 343 2951 ibri
465 2915 518 2953 22
554 2908 819 2967 κατέχοντες
850 2914 877 2955 1
997 2917 1052 2955 25
1086 2910 1200 2968 φησί
1223 2913 1259 2956 Ι
