1992 3094
154 131 262 182 422
660 128 889 171 LIBANII
920 127 1143 172 ORATIO
1176 127 1343 172 XLVII

155 267 216 319 δὲ
262 275 372 319 τῶν
412 263 722 334 δεχομένων
762 261 851 315 καὶ
898 272 1010 316 τῶν
1048 265 1120 332 μὴ
1163 264 1471 332 ζητούντων
1510 266 1639 326 τοὺς
1679 278 1845 318 συνα-

154 354 564 423 γωνιουμένους
609 353 697 406 καὶ
745 361 858 405 τῶν
902 359 1068 404 τοῦτο
1116 353 1442 405 ποιούντων.
1529 352 1561 405 ἃ
1617 355 1720 423 γὰρ
1776 353 1846 408 ἂν

155 443 349 512 ἐδρᾶτο
404 443 639 511 μηδενὸς
685 442 863 510 νόμου
917 441 1252 508 κωλύοντος,
1311 449 1481 494 ταῦτα
1535 443 1846 505 κωλύοντος

153 535 398 601 γίγνεται
437 532 526 584 καὶ
566 532 626 583 τό
665 549 722 582 τε
763 531 930 598 ἔργον
969 531 1110 582 πολὺ
1143 531 1205 582 τό
1238 549 1295 582 τε
1336 531 1512 598 ὄνομα
1551 537 1845 600 πανταχοῦ.

110 621 237 673 537.
309 620 499 689 δέομαι
547 621 615 688 δή
663 632 765 671 σου
813 626 1060 686 κυρῶσαι
1106 626 1170 688 τῇ
1218 628 1330 670 τῶν
1377 619 1443 671 οὐ
1500 618 1845 671 πεισθέντων

154 711 383 779 τιμωρίᾳ
414 709 528 779 τὸν
575 709 763 774 νόμον.
839 705 872 774 ἢ
912 707 969 759 τί
1012 707 1073 759 τὸ
1113 706 1306 776 κέρδος
1345 716 1457 760 τῶν
1496 707 1854 776 γραμμάτων,

153 798 284 850 ὅταν
314 794 488 866 μηδὲν
521 794 755 865 διαφέρῃ
787 805 900 848 τῶν
931 794 1324 865 γεγραμμένων
1360 795 1680 865 ἀνθρώπων
1711 794 1839 864 παρ’

153 882 231 939 ὧν
277 884 476 954 γένοιτ’
516 885 586 938 ἂν
633 883 822 948 οὐδέν;
870 884 1046 936 τουτὶ·
1073 880 1134 936 δὲ
1182 885 1340 953 ζημία
1386 881 1489 953 μὲν
1534 893 1650 947 τοῖς
1691 887 1846 951 βασι-

152 973 493 1042 λευομένοις,
557 973 623 1027 οὐ
685 974 857 1026 καλὸν
911 969 972 1025 δὲ
1026 979 1100 1044 τῷ
1149 972 1310 1026 θέντι
1363 974 1463 1026 τὸν
1516 975 1691 1042 νόμον
1744 980 1844 1026 τοῦ

87 1083 128 1115 10
153 1061 412 1126 δόξαντος
458 1065 618 1125 ὄντος
669 1062 895 1128 ἀκύρου.
982 1059 1098 1114 ἀλλ’
1147 1060 1175 1114 ὁ
1226 1062 1326 1129 μὲν
1372 1062 1469 1114 τὸν
1516 1070 1615 1115 τοῦ
1665 1064 1846 1125 δεῖνος

153 1152 393 1222 ὑπερβὰς
431 1154 605 1220 νόμον
646 1152 810 1203 δώσει
849 1151 1028 1219 δίκην,
1069 1149 1097 1202 ὁ
1139 1147 1200 1202 δὲ
1241 1151 1341 1203 σὸν
1381 1150 1568 1223 ἀθῷος
1604 1152 1846 1215 ἄπεισινς
1915 1155 1919 1158 ’

151 1241 240 1293 καὶ
294 1249 409 1303 τοῖς
461 1237 563 1308 μὲν
623 1241 810 1302 ἄλλοις
865 1237 1084 1308 ἐμμενεῖ
1137 1248 1255 1301 τοῖς
1317 1249 1459 1308 σοῖς,
1521 1241 1722 1293 τούτου
1787 1236 1847 1292 δὲ

150 1330 414 1398 κρείττων
468 1331 619 1382 ἔσται
674 1336 769 1397 τῆς
824 1328 992 1396 αὐτῆς
1045 1326 1136 1380 καὶ
1199 1328 1418 1397 γνώμης
1473 1330 1634 1391 ὄντος
1687 1327 1778 1381 καὶ
1837 1327 1842 1399 Ι

64 1429 165 1472 RII
182 1434 267 1474 525
299 1419 614 1487 πορφύρας;
678 1417 763 1469 38.
810 1417 907 1479 δὸς
948 1417 1016 1484 δὴ
1056 1423 1228 1486 νεῦρα
1267 1423 1340 1489 τῷ
1375 1419 1523 1489 νόμῳ
1563 1418 1654 1470 καὶ
1691 1419 1847 1486 ποίη-

89 1527 127 1559 15
153 1521 254 1559 σον
292 1507 463 1560 αὐτὸν
503 1507 574 1568 ὡς
614 1506 838 1574 ἀληθῶς
876 1507 1050 1573 νόμον
1089 1504 1211 1558 ἀντὶ
1260 1509 1424 1575 ψιλῆς
1462 1508 1846 1576 προσηγορίας.

152 1596 199 1647 εἰ
255 1591 315 1648 δὲ
370 1595 471 1648 οὐκ
525 1594 832 1663 ἐθελήσεις,
889 1592 1190 1657 ἐξᾶλειψον.
1278 1601 1378 1647 τοῦ
1433 1595 1537 1664 γὰρ
1593 1596 1848 1663 κείμενον

151 1683 535 1752 ὑπερορᾶσθαι
582 1682 801 1752 βέλτιον
847 1684 908 1735 τὸ
956 1679 1093 1751 μηδὲ
1143 1689 1381 1736 κεῖσθαι.
1459 1683 1596 1736 ἀλλὰ
1641 1686 1847 1752 μήποτε

151 1771 297 1824 τοῦτ’
344 1771 586 1841 ἐπίδοιμι
637 1773 991 1840 γιγνόμενον,
1048 1770 1164 1823 ἀλλ’
1212 1770 1419 1835 ἐκεῖνός
1464 1791 1522 1825 τε
1569 1772 1848 1836 ἀθάνατος

152 1863 284 1928 μετὰ
322 1869 422 1913 τοῦ
463 1868 566 1914 σοῦ
602 1860 907 1929 σπέρματος
937 1859 1094 1927 μένοι
1130 1858 1220 1912 καὶ
1261 1868 1325 1930 τῇ
1364 1870 1476 1914 τῶν
1506 1861 1848 1929 ἠδικηκότων

86 1969 128 2001 20
154 1948 277 2017 δίκῃ
316 1950 380 2002 τὰ
421 1950 585 2002 λοιπὰ
622 1951 818 2016 βελτίω
861 1947 1094 2015 γένοιτο.

272 2084 294 2122 7
331 2079 385 2123 cf.
412 2095 455 2136 p.
476 2085 644 2134 221,14
661 2094 727 2135 sq.
851 2084 877 2123 8
911 2078 968 2124 cf.
994 2081 1026 2123 t.
1052 2079 1095 2122 H
1119 2084 1287 2135 443‚13
1413 2085 1467 2124 18
1500 2080 1550 2123 Il.
1576 2097 1603 2137 χ
1631 2085 1684 2124 61

273 2199 340 2251 1l2
374 2196 829 2254 συναγωνιζομένους
861 2199 918 2242 M
1059 2203 1084 2241 2
1118 2195 1177 2241 ἂν
1211 2198 1399 2256 ἐδρᾶτο]
1433 2199 1640 2254 „videtur
1673 2195 1847 2248 ἀδίκως

151 2258 556 2312 interponendum“
575 2257 642 2301 Re
734 2261 759 2300 3
785 2264 931 2300 ταῦτα
955 2257 1213 2307 κωλύοντος
1236 2271 1312 2300 om
1336 2259 1369 2300 I
1455 2262 1480 2300 4
1506 2255 1683 2314 γίνεται
1710 2258 1820 2300 ΒΜ
1836 2257 1841 2316 Ι

151 2314 202 2359 τό
234 2331 281 2359 τε
313 2318 374 2372 (1)
406 2329 482 2359 om
514 2318 548 2360 I
669 2321 694 2358 5
728 2315 788 2370 δή
820 2315 986 2372 scripsi
1019 2330 1123 2358 cum
1157 2317 1201 2359 B
1263 2314 1316 2360 δέ
1347 2316 1517 2372 reliqui
1548 2316 1659 2359 libri
1692 2316 1783 2359 edd

155 2378 208 2417 10
240 2390 322 2418 του
348 2377 377 2418 Ι
498 2380 549 2418 11
585 2374 670 2430 σὴν
697 2376 756 2430 ΙΙ
784 2376 946 2424 ἀθῶος
972 2374 1161 2419 GPBM
1190 2375 1364 2419 cf.t.11
1390 2380 1576 2430 171‚20;
1601 2375 1623 2418 Ι
1650 2374 1841 2434 138,13Ι
1911 2375 1914 2377 ’

154 2433 310 2476 ἄπεισι
335 2435 471 2478 ΙΒΜ
595 2439 645 2476 12
679 2441 776 2484 τοῖς
801 2441 898 2484 σοῖς
925 2433 972 2476 in
1005 2433 1079 2477 lac
1107 2438 1219 2478 7—8
1244 2434 1325 2477 libb
1348 2449 1423 2478 om
1447 2437 1492 2479 B
1617 2439 1670 2477 15
1703 2447 1846 2490 προσ·
1908 2472 1914 2481 .,

151 2490 344 2547 ηγορίας
374 2495 513 2549 ψιλῆς
543 2495 579 2537 Ι
757 2497 809 2536 16
843 2491 887 2537 δ’
919 2493 986 2536 Re
1028 2495 1034 2548 Ι
1075 2500 1157 2536 τοῦ
1177 2519 1231 2525 -
1252 2499 1304 2537 17
1339 2497 1530 2537 κεῖσθαι
1563 2493 1681 2536 citat
1712 2506 1844 2549 prae-

153 2550 293 2594 misso
324 2551 464 2595 titulo
489 2551 563 2607 (cf.
588 2567 633 2607 p.
652 2556 752 2605 404,
766 2554 807 2608 1)
831 2551 991 2594 Macar
1021 2552 1101 2595 fol.
1129 2556 1183 2595 91
1339 2558 1392 2596 16
1426 2552 1512 2608 γὰρ
1549 2566 1624 2596 om
1656 2551 1840 2611 Macar!

155 2623 367 2680 κειμένου
403 2625 575 2670 GIBM
673 2625 872 2682 χρηστὸν
904 2621 1059 2668 λοό’“ον
1091 2627 1221 2681 (corr,
1244 2623 1407 2682 νόμον)
1440 2626 1519 2669 καὶ
1549 2632 1604 2683 τῇ
1638 2622 1845 2669 πολιτεία

154 2684 359 2739 λυσιτελῆ
379 2684 501 2728 inter
517 2685 844 2739 ὑπερορᾶσθαι
868 2687 915 2727 eb
936 2682 1113 2741 βέλτιον
1132 2684 1291 2728 Macar
1384 2689 1435 2727 17
1462 2684 1522 2740 μὴ
1550 2684 1599 2729 δὲ
1618 2685 1851 2728 APIBM

155 2741 313 2784 Macar
362 2745 368 2798 Ι
418 2746 623 2786 κτᾶσθαι
655 2743 816 2786 Macar
994 2747 1047 2785 19
1081 2742 1206 2799 μένει
1238 2745 1271 2786 Ι
1315 2747 1320 2792 Ι
1372 2742 1664 2800 ἠδικημένων
1699 2744 1762 2786 M
1940 2728 1945 2729 ἶ

157 2803 211 2842 20
245 2798 419 2856 γίνοιτο
452 2803 497 2846 Β
735 2800 862 2852 τέλος
891 2808 973 2845 τοῦ
1004 2803 1111 2857 περὶ
1142 2809 1233 2846 τῶν
1266 2810 1558 2857 προστασιῶν
1592 2802 1753 2845 subscr
1785 2802 1843 2855 A,

156 2859 262 2911 περὶ
293 2867 384 2903 τῶν
416 2867 707 2914 προστασιῶν
743 2861 787 2902 Ρ
1917 2855 1969 2933 {³

826 2997 1181 3002 m
1909 2950 1951 3094 ἑὲ
