1992 3094
522 117 750 172 LIBAN'H
782 128 1006 173 ORATIO
1040 129 1158 174 PRO
1191 129 1448 174 TEMPLIS
1722 130 1826 183 105

137 261 200 317 ἐν
229 262 400 333 Ῥώμῃ
449 264 716 332 δαίμονας
762 266 828 317 τὰ
873 268 1060 333 μείζω,
1115 268 1246 328 τοὺς
1293 263 1341 318 δ’
1374 265 1436 319 ε’ν
1481 274 1596 328 τοῖς
1640 265 1830 334 ἀγροῖς

136 352 170 421 ἢ
209 350 300 405 καὶ
346 360 462 415 τοῖς
508 353 695 416 ἄλλοις
743 354 965 407 ἄστεσιν
1011 352 1241 423 ἐλάττω,
1296 354 1510 418 δέξαιτο
1559 353 1606 406 δ’
1640 355 1710 406 ἄν
1747 374 1830 416 τις

63 462 65 464 ’
138 437 200 494 εὗ
247 449 478 510 φρονῶν
529 439 621 493 καὶ
667 442 734 494 τὰ
779 446 1091 510 τηλικαῦτα.
1169 443 1255 495 34.
1310 442 1401 495 καὶ
1455 445 1560 512 γὰρ
1608 442 1670 496 ἐν
1715 451 1831 504 τοῖς

138 530 541 599 στρατεύμασιν
580 529 683 582 οὐκ
724 535 850 583 ἴσον
889 533 992 600 μὲν
1025 532 1087 584 τὸ
1120 530 1248 600 παρ’
1280 530 1530 600 ἑκάστου,
1571 530 1729 600 φέρει
1769 530 1834 583 δέ

137 639 188 671 τι
226 627 291 689 τῇ
329 618 472 688 μάχῃ
512 619 573 670 τὸ
612 617 740 688 παρ’
771 618 1020 672 ἑκάστου.
1098 613 1221 674 οἷον
1258 621 1326 689 δή
1366 640 1417 673 τι
1456 620 1561 673 κάν
1599 629 1717 682 ταῖς
1756 620 1829 672 εῑ-
1877 641 1896 671 5

138 709 365 776 ρεσίαις·
413 707 516 760 οὐκ
557 712 670 760 ἴσοι
708 705 810 777 μὲν
849 708 1085 772 ἅπαντες
1125 710 1178 762 oz
1217 711 1533 779 βραχίονες,
1582 712 1831 762 συντελεῖ

138 792 290 849 δέτι
336 796 425 848 καὶ
483 796 511 850 6
567 804 668 849 τοῦ
722 799 945 866 πρώτου
998 801 1333 867 λειπόμενος.
1412 798 1440 851 6
1488 797 1590 865 μέν
1635 817 1717 859 τις
1762 803 1837 869 τῷ

139 886 394 956 σκήπτρῳ
425 892 502 957 τῷ
534 894 628 955 τῆς
654 883 855 956 Ῥώμης
887 890 1332 955 συναγωνίζεται,
1364 886 1393 940 6
1419 886 1633 955 δέ<τις>
1663 886 1830 955 ταύτῃ

139 973 294 1037 σώζει
332 975 497 1027 πόλιν
534 974 799 1043 ὑπήκοον,
849 976 877 1029 6
919 975 984 1029 δέ
1019 996 1102 1039 τις
1149 975 1323 1045 ἀγρὸν
1361 975 1543 1044 ἀνέχει
1581 973 1834 1044 παρέχων

138 1057 200 1114 εὖ
231 1062 506 1132 πράττειν.
568 1065 706 1133 ἔστω
739 1067 936 1117 τοίνυν
970 1066 1088 1134 ἱερὰ
1120 1072 1403 1134 πανταχοῦ
1435 1064 1467 1133 ἢ
1495 1063 1833 1133 ὁμολογούν-
1859 1085 1900 1115 ιο

137 1170 248 1204 των
288 1146 770 1219 οὗτοιῆυσμενῶς
808 1154 950 1222 ὑμᾶς
988 1155 1126 1224 πρὸς
1156 1155 1258 1222 τὴν
1281 1152 1491 1222 Ῥώμην
1522 1151 1667 1222 ἔχειν
1706 1153 1834 1205 ‹5621-

138 1246 234 1302 τας
272 1240 410 1310 αὐτῇ
449 1249 631 1294 ποιεῖν
670 1240 767 1310 ἀφ’
800 1238 878 1295 ὧν
918 1244 1254 1311 ζημιώσεται.

231 1328 335 1381 35.
379 1330 461 1382 Οὐ
494 1332 690 1384 τοίνυν
720 1339 785 1402 τῇ
812 1330 982 1402 Ῥώμῃ
1016 1333 1190 1401 μόνον
1222 1331 1513 1401 ἐφυλάχθη
1554 1333 1615 1384 τὸ
1649 1330 1834 1396 θύειν,

140 1416 276 1470 ἀλλὰ
322 1417 413 1471 καὶ
453 1427 517 1490 τῇ
557 1428 658 1473 τοῦ
700 1410 1023 1491 Σαράπιδος
1080 1419 1086 1490 Ι
1143 1429 1207 1491 τῇ
1254 1425 1429 1491 πολλῇ
1476 1440 1534 1472 τε
1580 1417 1670 1471 καὶ
1717 1429 1922 1474 RH182

139 1507 345 1577 μεγάλῃ
400 1509 491 1561 καὶ
551 1512 767 1578 πλῆθος
821 1509 1120 1580 κεκτημένῃ
1176 1519 1336 1576 νεῶν,
1399 1508 1472 1562 δι’
1506 1504 1586 1561 ὧν
1639 1507 1835 1575 κοινὴν
1859 1526 1901 1558 15

141 1594 399 1649 ἁπάντων
445 1596 764 1666 ἀνθρώπων
816 1607 964 1652 ποιεῖ
1017 1600 1118 1668 τὴν
1163 1606 1258 1667 τῆς
1297 1599 1587 1666 Αἰγύπτου
1639 1595 1834 1666 φοράν.

138 1682 278 1752 ἀὐτὴ
317 1681 378 1737 δὲ
418 1687 586 1755 ἔργον
623 1695 724 1739 τοῦ
763 1689 1001 1756 Νείλου,
1049 1689 1147 1740 τὸν
1186 1690 1396 1740 Νεῖλον
1442 1687 1503 1740 δὲ
1544 1684 1835 1752 ἑστιάματά

262 1857 317 1894 14
350 1852 406 1896 cf.
432 1853 612 1910 Eunap.
638 1855 718 1898 vit.
746 1855 875 1911 soph.
901 1870 947 1911 p.
969 1859 1022 1899 73
1037 1870 1103 1911 sq.
1168 1855 1335 1912 ExpOS.
1361 1857 1445 1899 tot.
1471 1854 1627 1898 mund.
1655 1860 1679 1908 ξ
1697 1858 1752 1898 35
1768 1867 1833 1910 sq.

262 2014 288 2051 3
320 2009 378 2053 τὰ
408 2013 680 2069 τηλικαῦτα]
705 2010 763 2054 τὰ
796 2011 964 2056 ἐλάττω
1000 2011 1067 2055 V2
1190 2016 1213 2054 7
1246 2011 1334 2069 τις]
1361 2010 1454 2054 ἀπὸ
1486 2017 1578 2054 τῶν
1609 2013 1737 2054 θεῶν
1771 2008 1837 2053 V'

206 2073 259 2111 12
292 2070 465 2127 ποιεῖν]
498 2070 582 2122 τὰς
611 2068 788 2122 θυσίας
829 2071 895 2115 V2

179 2222 183 2225 ’
265 2230 287 2268 1
323 2224 556 2282 δαίμονασ
594 2226 639 2270 U
665 2227 746 2270 sed.
778 2243 838 2270 να
871 2239 973 2269 eras
1137 2231 1162 2268 2
1196 2230 1331 2281 „post
1362 2223 1530 2268 ἐλάττω
1564 2223 1677 2267 addi
1707 2224 1837 2267 velim

146 2282 256 2339 μὲν“
289 2284 357 2328 Re
540 2290 564 2328 3
614 2286 694 2329 καὶ
726 2284 814 2343 γὰρ
849 2312 903 2316 -
939 2289 961 2328 7
995 2282 1264 2340 λειπόμενος
1296 2284 1413 2327 citat
1444 2283 1561 2326 Plan
1592 2282 1671 2326 fol.
1693 2287 1778 2326 104

146 2347 172 2403 4}
216 2342 317 2387 ἴσον
349 2345 395 2388 P
424 2344 506 2388 sed
537 2343 548 2358 '
581 2345 630 2387 in
654 2359 729 2388 ras
754 2344 838 2399 m²‚
877 2346 908 2387 Ι
944 2345 1025 2387 sed
1059 2342 1071 2357 '
1110 2357 1165 2387 ex
1190 2347 1208 2356 ”
1243 2357 1344 2386 corr
1367 2343 1437 2385 m³
1530 2338 1630 2386 ἶσον
1661 2341 1778 2386 Plan

148 2407 174 2446 5
207 2403 288 2446 καὶ
319 2405 428 2447 ante
451 2410 506 2461 τῇ
532 2406 578 2448 A
611 2404 693 2447 sed
716 2404 902 2460 punctis
935 2415 1163 2459 suprapos
1189 2401 1278 2455 del,
1312 2403 1402 2445 edd
1465 2401 1614 2445 delevi
1642 2403 1647 2456 Ι
1676 2401 1755 2444 καὶ
1785 2400 1837 2444 τὸ

145 2459 262 2504 Plan
291 2466 296 2517 Ι
324 2460 603 2516 εἰρεσίαιςΑ
628 2464 709 2507 sed
726 2480 742 2506 ι
761 2465 823 2519 (1)
848 2463 973 2506 inser
988 2461 1059 2504 m²
1120 2459 1338 2515 εἰρεσίαις
1353 2461 1470 2504 Plan
1532 2458 1732 2514 ἐρεσίαις
1748 2458 1839 2503 Got

209 2525 235 2563 6
267 2519 360 2565 ἴσοι
391 2522 438 2565 Ρ
466 2522 547 2565 sed
582 2521 593 2536 '
623 2522 673 2565 in
696 2535 772 2565 ras
796 2521 866 2564 ω’
929 2517 1018 2564 ἶσοι
1049 2519 1166 2563 Plan
1302 2524 1325 2563 7
1357 2536 1404 2564 τε
1438 2519 1529 2563 Got
1560 2520 1683 2575 quod
1715 2519 1764 2561 in
1787 2534 1838 2575 γε

148 2590 249 2622 conr
271 2579 338 2623 Re
354 2580 494 2623 Anim
609 2586 636 2623 8
660 2597 729 2633 τις
750 2579 925 2624 inserui
954 2581 960 2637 1
987 2579 1152 2637 ταύτῃ]
1171 2579 1315 2638 ταύτῃ
1340 2577 1471 2623 πόλει
1495 2579 1537 2622 V
1650 2583 1704 2621 10
1729 2576 1838 2632 ὁμο-

151 2638 414 2695 λογούντων
437 2640 481 2683 V
498 2639 581 2683 sed
606 2638 972 2697 ὁμολογείτωσαν
1004 2639 1053 2681 in
1076 2652 1210 2695 marg
1333 2644 1385 2681 12
1418 2638 1688 2694 ζημιώσεται
1713 2636 1780 2680 Re

148 2697 390 2753 ζημιώσετε
414 2697 524 2742 libri
542 2698 633 2743 Got
649 2699 862 2743 Monnier
963 2703 1016 2740 15
1042 2704 1168 2741 ναῶν
1192 2698 1236 2741 V
1338 2701 1391 2740 16
1417 2697 1685 2750 ἀνθρώπων
1710 2709 1785 2739 om
1804 2695 1846 2738 V

138 2753 166 2758 ”
210 2759 263 2798 17
297 2755 548 2813 ἑστιάματά
581 2758 703 2802 ἐστιν
735 2757 900 2813 scripsi
932 2756 1022 2800 coll
1046 2771 1091 2812 p.
1112 2760 1211 2812 106,
1229 2761 1270 2799 5.
1318 2755 1500 2800 Heliod.
1527 2754 1661 2798 Aeth.
1688 2754 1750 2797 IX
1770 2758 1838 2797 10.

149 2813 338 2858 Aristid.
364 2818 398 2859 t.
414 2815 458 2859 H
482 2820 582 2871 303,
601 2821 627 2860 6
645 2817 698 2861 Κ.
749 2816 895 2861 Cosm.
915 2815 1092 2859 Hieros.
1127 2815 1188 2858 ad
1220 2815 1354 2872 Greg.
1381 2814 1492 2858 Naz.
1520 2827 1659 2857 carm.
1686 2818 1742 2857 64
1766 2812 1838 2856 ed.

149 2871 258 2918 Mai:
277 2873 436 2930 spicil.
470 2875 601 2919 Rom.
627 2875 670 2918 11
689 2880 788 2930 179,
808 2881 914 2930 bsq.
949 2873 1139 2929 (Eudoc.
1159 2873 1278 2918 Viol.
1312 2889 1356 2930 p.
1384 2878 1469 2917 305
1493 2872 1601 2916 Vill.
1629 2876 1715 2916 698
1739 2871 1838 2927 PL).

152 2929 254 2974 Sessn‘.
272 2935 368 2978 nat.
386 2937 564 2989 quaest.
583 2935 645 2978 IV
661 2940 700 2988 2,
721 2939 758 2977 7.
822 2933 1030 2977 Dittenb.
1051 2932 1226 2977 Orient.
1251 2933 1411 2976 Graec.
1438 2933 1572 2976 inser.
1600 2930 1678 2975 sel.
1701 2935 1798 2987 168,
1813 2937 1838 2973 5
