1992 3094
176 118 284 170 202
682 118 911 162 LIBANH
942 118 1166 163 ORATIO
1198 119 1390 163 XXXIV

174 254 357 308 οὐκέτι
405 259 602 307 λυπεῖν
647 253 921 323 <οὐδένα>
969 254 1336 324 δυναμένους,
1392 254 1509 308 ἀλλ’
1543 253 1725 326 ἑτέρας
1771 259 1863 325 λή-

82 355 124 398 R
146 356 290 399 11278
324 342 455 407 ξεως
494 342 905 412 γεγενημένους.
977 342 1081 412 ἐγὼ
1123 340 1184 396 δὲ
1218 342 1224 415 Ι
1260 347 1471 397 πολλοῦ
1512 341 1613 413 μὲν
1652 343 1722 397 ἂν
1760 343 1865 398 ἐτι-

170 433 426 501 μησάμην
472 433 637 494 αὐτὸς
682 438 884 485 τοῦτον
921 431 1229 485 τεθεικέναι
1275 433 1373 486 τὸν
1420 434 1610 501 νόμον,
1662 431 1863 503 ἑτέρων

169 518 229 573 δὲ
277 521 620 590 φθασάντων
669 521 842 574 καλὸν
895 521 927 590 ἡ
975 524 1194 590 φυλακὴ
1242 519 1334 574 καὶ
1381 522 1443 574 τὸ
1480 530 1607 583 τοῖς
1654 541 1863 590 τετιμη-

124 630 143 662 5
168 611 325 662 κόσιν
365 609 702 662 ἀκολουθεῖν
741 609 832 662 καὶ
872 610 944 678 μὴ
983 612 1205 679 χείρους
1242 606 1383 662 εἶναι
1416 620 1529 663 τῶν
1559 609 1862 679 ἡγεμόνων,

168 699 266 761 οὓς
305 692 433 751 οἶδα
471 707 589 760 ταῖς
627 698 908 760 τοιαύταις
938 707 1120 765 τιμαῖς
1152 699 1231 761 εἰς
1262 700 1519 762 τελευτὰς
1550 698 1863 768 χρωμένους

165 788 256 840 καὶ
288 788 355 840 οὐ
388 787 697 853 κάμνοντας
729 785 860 840 οὐδ’
884 788 931 839 εἰ
964 786 1151 856 νεκροὶ
1176 790 1410 858 νεκροὺς
1433 788 1865 856 κατελάμβανον.

166 876 251 928 23.
291 874 382 928 καὶ
424 875 609 937 οὐδεὶς
649 876 823 938 οὕτως
863 877 1058 945 ἄφρων
1097 873 1230 932 οὐδὲ
1267 877 1465 938 ἄθλιος
1504 876 1564 939 ὃς
1596 875 1666 929 ἂν
1698 875 1861 930 ἐπιτι-

165 967 332 1033 μήσαι
366 972 430 1034 τῇ
463 973 608 1034 τιμῇ,
649 963 778 1017 ἀλλ’
803 965 855 1017 οἱ
894 961 997 1034 μὲν
1026 974 1139 1017 τῶν
1171 965 1522 1018 διδασκάλων
1557 964 1647 1018 καὶ
1674 965 1863 1029 συνεξ-

99 1074 141 1106 10
168 1053 372 1122 ε’φερον
419 1052 707 1122 ἀνέχοντες
753 1061 870 1115 ταῖς
917 1051 1072 1122 χερσὶ
1112 1055 1242 1116 τοὺς
1281 1053 1391 1106 ὑπὸ
1440 1062 1534 1122 τῆς
1574 1063 1864 1124 συμφορᾶς

163 1141 631 1210 καθελκομένους,
679 1135 763 1204 οἷς
803 1140 862 1194 δ’
893 1141 995 1194 οὐκ
1034 1138 1104 1209 ἧν
1143 1140 1234 1195 καὶ
1273 1150 1437 1195 τοῦτο
1479 1143 1638 1213 δρᾶν,
1684 1150 1759 1217 τῷ
1801 1163 1862 1212 γε

163 1233 294 1294 τοὺς
332 1232 532 1299 λόγους
579 1231 1016 1300 συνεργάζεσθαι
1063 1239 1179 1294 τοῖς
1217 1230 1365 1293 νέοις
1404 1230 1606 1300 ἐτίμων
1643 1233 1738 1295 τὰς
1776 1231 1861 1285 ἑκ-

165 1321 341 1389 φορὰς
387 1327 551 1372 τοῦτο
590 1318 852 1388 μέγιστον
902 1319 1203 1388 ἡγούμενοι
1249 1320 1310 1372 τὸ
1357 1322 1489 1382 τοὺς
1536 1322 1788 1389 μαθητὰς
1827 1321 1861 1374 ἃ

165 1410 249 1461 δεῖ
286 1417 469 1461 ποιεῖν
514 1409 652 1478 πρὸς
690 1410 820 1470 τοὺς
867 1407 1529 1477 οίχομένουςδιδάσκειν.
1606 1409 1692 1462 24.
1733 1409 1862 1462 ἀλλ’

96 1518 138 1549 15
164 1492 325 1559 οὗτος
365 1496 788 1565 ἐπιλαμβάνεται
834 1493 936 1563 μὲν
982 1498 1254 1550 τοσούτου
1294 1499 1519 1568 χρόνου,
1567 1507 1860 1568 κατηγορεῖ

163 1582 223 1638 δὲ
269 1593 368 1638 τοῦ
416 1587 488 1654 μὴ
536 1587 981 1655 παραβαίνοντος
1027 1587 1203 1655 νόμον
1250 1586 1424 1648 οὕτως
1471 1586 1719 1657 ἀρχαῖον,
1772 1607 1857 1641 κ-ε-

163 1674 310 1726 λεύει
351 1671 411 1726 δὲ
451 1674 624 1743 μηδὲν
662 1673 986 1744 ἀτιμότερον
1027 1675 1183 1742 ἄγειν
1214 1683 1431 1744 νεκροῦ.
1493 1677 1670 1729 καίτοι
1709 1679 1859 1740 τίνος

165 1761 420 1824 ἀξιώσαις
459 1762 530 1816 ἂν
575 1763 673 1815 τὸν
721 1770 929 1816 σαυτοῦ
976 1762 1183 1833 πατέρα
1229 1772 1434 1832 τυχεῖν,
1486 1765 1534 1816 εἰ
1582 1772 1685 1817 σοῦ
1733 1785 1857 1834 φοι-

94 1872 135 1904 19
161 1860 365 1914 τῶντος
405 1853 483 1903 ἔτι
522 1853 778 1919 τεθναίης
819 1852 866 1904 εἰ
905 1851 1007 1920 μὲν
1046 1853 1149 1922 γὰρ
1190 1860 1302 1904 τῶν
1341 1853 1505 1920 τιμὴν
1544 1851 1804 1923 ἑχόντων,
1847 1852 1850 1924 Ι

1932 3 1945 15 ,1,

1971 73 1980 80 .

1955 0 1992 158 1

1970 175 1980 199 ,ἱ
1988 180 1992 194 Ἴ.

1973 294 1992 332 ’1

1966 312 1981 338 1,

1962 340 1979 374 3

1962 565 1980 597 Ξ

1963 595 1981 635 ,1
1988 620 1989 623 =

75 1952 181 1995 RH
200 1956 283 1995 279
323 1942 381 1992 τί
429 1941 643 1992 τούτων
695 1943 827 2003 τοὺς
881 1941 1084 2003 ἄλλους
1137 1940 1477 2010 ἀποστερεῖς;
1533 1943 1581 1994 εἰ
1636 1937 1699 1994 δὲ
1746 1951 1858 1995 τῶν

166 2027 380 2098 ἑτέρων,
428 2031 486 2081 τί
519 2029 720 2082 παθὼν
758 2030 860 2098 τὴν
897 2032 1292 2099 προσήκουσαν
1341 2034 1454 2098 εἴης
1493 2028 1563 2082 ἂν
1603 2030 1856 2093 δεδωκὼς
1939 2026 1941 2030 ⁴

285 2164 305 2201 1
342 2160 426 2202 οὐκ
461 2159 525 2204 ἔτι
549 2160 595 2202 Α
663 2161 770 2216 post
801 2157 955 2204 οὐκέτι
988 2173 1169 2202 comma
1199 2159 1324 2203 inser
1354 2159 1424 2203 Re
1452 2162 1456 2215 Ι
1486 2158 1658 2204 οὐδένα
1691 2159 1854 2216 scripsi

165 2220 352 2261 auctore
384 2218 452 2263 Rc
476 2219 616 2261 Anim
678 2219 734 2263 οὐ
768 2219 887 2263 ΑΟΙ
911 2219 992 2262 sed
1024 2218 1073 2261 in
1106 2219 1193 2262 hoc
1225 2232 1341 2272 eras,
1374 2220 1536 2263 PaMo
1606 2232 1681 2262 om
1707 2220 1803 2263 PV

163 2277 441 2321 cancellavit
471 2277 574 2320 Mor
657 2277 794 2322 οὐδὲν
829 2277 973 2322 Cobet
1005 2276 1117 2321 Coll.
1140 2282 1221 2321 131
1267 2281 1272 2332 1
1315 2277 1483 2332 λήξεως
1513 2279 1546 2321 Ι
1573 2278 1653 2321 sed
1684 2295 1712 2334 η
1746 2291 1801 2321 ex
1833 2293 1853 2322 ε

164 2350 263 2380 corr
279 2337 348 2379 m³
469 2341 493 2379 2
520 2336 802 2393 ἐτιμησάμην
828 2334 887 2379 ἂν
913 2337 1055 2380 erasis
1080 2337 1251 2380 litteris
1278 2336 1606 2393 suprascriptis
1632 2338 1660 2394 β
1685 2338 1731 2380 et
1755 2353 1785 2380 α
1810 2338 1856 2381 Ρ
1917 2363 1927 2371 ,

223 2400 249 2438 4
295 2395 583 2452 τετιμηκόσιν
627 2396 792 2451 scripsi
840 2395 942 2439 coll.
978 2400 1121 2447 203‚5
1214 2395 1509 2452 νενικηκόσιν
1555 2395 1664 2438 libri
1703 2395 1795 2439 edd

163 2453 471 2510 τεθνηκόσινὶ)
520 2454 722 2498 Sintcnis
934 2459 959 2498 6
1005 2455 1218 2504 τελευτὰς
1250 2456 1295 2498 Ρ
1335 2455 1416 2498 sed
1449 2458 1493 2498 ελ
1538 2454 1587 2497 111
1618 2468 1691 2498 ras
1723 2454 1794 2497 m⁴

167 2518 192 2556 7*
223 2514 331 2557 οὐδὲ
357 2513 401 2557 οἱ
433 2515 468 2557 Ι
581 2518 606 2556 8
641 2510 745 2557 οὐδ’
774 2513 842 2557 Re
870 2515 875 2570 Ι
905 2512 956 2564 ὃς
987 2511 1046 2558 ἂν
1079 2513 1344 2570 ἐπιτιμῆσαι
1376 2513 1541 2570 scripsi
1603 2511 1726 2564 ὅστις
1753 2513 1850 2558 ἐπι-

162 2572 349 2628 τιμήσαι
383 2573 426 2616 V
510 2572 571 2622 ὡς
602 2572 868 2628 ἐπιτιμῆσαι
899 2572 1068 2628 reliqui
1101 2573 1210 2615 libri
1242 2573 1333 2617 edd
1515 2576 1570 2615 10
1609 2571 1852 2629 ἀνέχοντες

163 2632 197 2674 Ι
223 2632 305 2675 sed.
338 2647 384 2681 ες
412 2631 461 2674 111
484 2645 560 2674 ras
585 2631 653 2674 1112
792 2637 843 2674 11
886 2629 955 2690 δ’]
983 2629 1087 2676 οὐδ’
1118 2632 1239 2676 OMo
1316 2647 1391 2675 om
1416 2631 1517 2674 Mor
1549 2632 1630 2674 sed
1662 2648 1716 2687 γρ
1743 2627 1847 2674 οὐδ’

165 2690 214 2732 111
234 2704 372 2748 marg
414 2693 418 2747 Ι
461 2706 511 2747 γε
543 2691 709 2746 scripsi
741 2692 930 2734 auctore
963 2690 1144 2734 Sinteni
1216 2690 1276 2746 μὴ
1308 2691 1418 2733 libri
1451 2690 1542 2733 cdd
1574 2690 1655 2733 sed
1689 2690 1850 2734 abesse

167 2749 335 2792 maluit
367 2750 433 2792 Re
578 2754 631 2792 12
666 2750 910 2806 συμφορὰς
940 2752 967 2794 1
999 2750 1080 2792 sed
1114 2750 1162 2794 ἐκ
1195 2763 1408 2805 suprascr
1431 2749 1501 2791 1113
1625 2755 1676 2791 13
1710 2748 1849 2805 ἡγού-

166 2824 294 2863 μενοι
327 2811 361 2852 Ι
385 2809 466 2851 sed
498 2807 556 2864 ἡγ
587 2808 637 2851 111
660 2822 735 2851 ras
759 2809 828 2851 1112
952 2813 1005 2852 18
1039 2809 1079 2852 εἰ
1111 2815 1193 2852 σοῦ
1226 2809 1411 2864 reposui
1443 2821 1467 2850 e
1498 2807 1630 2851 libris
1693 2807 1742 2851 εἴ
1765 2820 1848 2850 σου

167 2866 258 2909 edd
379 2872 434 2910 20
465 2867 660 2925 τούτων]
686 2868 948 2924 „legendum
981 2873 1063 2911 aut
1092 2867 1258 2911 τούτου
1291 2872 1373 2911 aut
1403 2865 1572 2921 ταύτης
1603 2873 1684 2910 aut
1721 2866 1847 2909 deni-

168 2940 250 2981 que
281 2924 324 2969 τί
355 2926 500 2985 τούτῳ
531 2924 822 2974 καταλείπων
853 2927 961 2977 τοὺς
993 2926 1157 2977 ἄλλους
1187 2927 1483 2981 ἀποστερεῖς“
1514 2924 1582 2968 Re
