1992 3094
463 107 691 152 LIBANII
722 106 947 152 ORATIO
980 107 1064 151 AD
1095 107 1419 153 POLYCLEM
1687 109 1796 161 243

107 241 266 307 οὗτος
312 243 539 297 ἐκείνων
588 262 646 296 τε
686 241 776 296 καὶ
815 251 916 296 τοῦ
956 245 1186 297 Αἰακοῦ.
1245 245 1251 312 Ι
1307 252 1382 316 τῷ
1423 263 1484 312 γε
1523 252 1622 297 τοῦ
1677 257 1780 300 RII
1798 262 1883 302 320

106 336 317 386 Αἰακοῦ
365 331 489 402 περὶ
527 334 658 395 τοὺς
697 332 942 401 αὐχμοὺς
988 334 1103 401 ἔχοι
1143 353 1224 395 τις
1270 331 1340 385 ἂν
1379 333 1691 386 ἀντιθεῖναι
1730 334 1796 386 τὰ

105 423 266 475 τοῦδε
306 420 429 491 περὶ
466 423 595 483 τοὺς
628 421 900 489 σεισμούς.
965 421 993 474 6
1025 421 1127 487 μέν
1159 441 1219 489 γε
1251 420 1546 490 εὐξάμενος
1578 419 1794 475 ἔπεισεν

104 505 232 563 ὗσαι
272 510 368 562 τὸν
407 511 537 577 Δία,
578 508 606 562 6
647 506 708 562 δὲ
747 517 956 562 παῦσαι
1003 511 1101 562 τὸν
1142 511 1470 563 Ποσειδῶνα
1518 511 1793 578 σεισμούς,

105 600 164 652 ἑν
195 592 278 661 οἷς
310 596 451 666 ἦσαν
481 596 729 666 μέγιστοι
761 606 825 667 τῇ
858 599 1085 671 μεγίστῃ
1116 600 1271 651 πόλει
1304 601 1484 667 φόβοι.
1527 599 1573 651 8.
1608 599 1789 668 ὥσπερ

103 683 206 740 οὖν
252 689 351 741 τὸν
404 685 529 756 περὶ
585 684 815 738 ἐκείνων
867 687 1152 754 τολμῶντα
1205 707 1257 739 τι
1301 694 1566 740 τοιοῦτον
1619 689 1793 740 εἰπεῖν

102 779 397 844 μαίνεσθαι
453 777 538 828 δεῖ
591 776 849 842 νομίζειν,
912 773 1055 827 οὕτω
1118 774 1209 828 καὶ
1271 776 1369 828 τὸν
1430 774 1555 844 περὶ
1611 778 1793 845 τοῦδε,

102 866 276 926 ἄλλως
313 862 382 916 θ’
406 862 495 915 ὅτ’
519 863 651 916 οὐδὲ
689 871 806 925 τοῖς
844 862 951 915 ἀπὸ
990 871 1089 916 τοῦ
1132 864 1308 931 γάμου
1345 866 1520 930 μόνον
1559 865 1793 927 δικαίοις

101 951 352 1006 ἐκωλύετ’
383 951 453 1004 ἂν
491 952 523 1020 ἡ
563 950 782 1022 πρᾶξις,
835 951 971 1004 ἀλλὰ
1011 950 1101 1004 καὶ
1142 960 1256 1015 τοῖς
1296 952 1400 1005 ἀπὸ
1440 960 1540 1005 τοῦ
1581 953 1790 1021 γένους.

100 1041 131 1110 ἡ
171 1043 274 1110 γὰρ
315 1042 450 1109 αὐτὴ
501 1040 591 1093 καὶ
638 1041 780 1109 γυνὴ
828 1040 917 1092 καὶ
966 1040 1190 1108 ἀνεψιοί,
1245 1043 1639 1094 Κωνσταντίου
1686 1043 1790 1109 γὰρ

99 1127 168 1198 ἦν
206 1130 430 1198 ἀδελφή.
508 1129 536 1182 6
578 1126 652 1182 δε
686 1128 1013 1198 οὐδετέρους
1060 1130 1245 1192 δείσας
1294 1131 1489 1197 θεούς,
1545 1129 1674 1183 οὔθ’
1706 1124 1790 1192 οἷς

100 1219 286 1287 γάμων
340 1218 479 1271 οὔθ’
502 1212 585 1281 οἷς
644 1227 821 1286 γενῶν
875 1217 1050 1287 μέλει,
1112 1226 1338 1271 τοιαῦτα
1399 1221 1537 1288 πρὸς
1601 1220 1791 1288 ἰατρὸν

101 1307 396 1376 διελέγετο,
451 1309 502 1359 εἰ
550 1306 652 1373 μὲν
706 1304 843 1374 μεθ’
873 1305 1099 1375 ἡμέραν,
1155 1305 1256 1359 οὐκ
1312 1307 1640 1375 αἰδούμενος
1692 1309 1790 1360 τὸν

87 1393 302 1462 “Ηλ.ιον,
357 1396 406 1448 εἰ
461 1391 522 1447 δὲ
568 1396 794 1463 νυκτός,
848 1395 949 1463 τὴν
1001 1395 1217 1457 Νύκτα;
1273 1394 1319 1446 9.
1376 1393 1467 1447 καὶ
1519 1394 1788 1458 Ἐλπι-’διος

98 1481 197 1550 μὲν
257 1484 336 1536 ὢν
387 1482 656 1546 Ἐλπίδιος
717 1483 885 1536 οὐδὲν
948 1483 1138 1536 οὐδενὶ
1200 1491 1456 1536 τοιοῦτον
1517 1483 1787 1548 ἐπέταξεν,

99 1573 234 1626 ἀλλὰ
272 1574 362 1626 καὶ
400 1568 480 1626 ὧν
518 1571 580 1625 ἐν
618 1581 737 1635 ταῖς
769 1572 960 1642 ἀρχαῖς
992 1571 1054 1635 ἃς
1085 1568 1212 1642 ἦρξε
1245 1572 1487 1640 κατέγνω
1519 1574 1786 1643 θάνατον,

99 1662 319 1724 δικαίως
381 1661 638 1715 ἁπάντων
699 1660 1100 1730 κατεγνωκέναι
1154 1663 1344 1729 φησίν,
1399 1660 1427 1714 6
1469 1660 1528 1714 δ’
1559 1661 1620 1715 ἐν
1673 1671 1788 1725 τοῖς

98 1754 301 1819 βωμοῖς
354 1761 597 1820 συνεχῶς
654 1751 819 1819 <ὤν>,
875 1750 903 1803 6
955 1759 1067 1803 τῶν
1124 1748 1265 1803 ἑδῶν
1321 1749 1702 1820 ἐξηρτημένος,
1755 1751 1784 1805 6

97 1840 186 1892 καὶ
240 1847 304 1909 τῇ
359 1840 554 1909 γαστρὶ
608 1840 937 1909 θεραπεύων
992 1841 1121 1901 τοὺς
1176 1841 1348 1901 θεοὺς
1398 1833 1560 1902 οὗτος
1615 1838 1644 1891 ὃ
1694 1839 1786 1893 καὶ

215 2064 239 2102 2
287 2059 422 2103 Isoor.
456 2059 601 2117 Euag.
637 2064 660 2113 ξ
689 2063 743 2102 14
758 2074 823 2114 sq.
858 2074 907 2115 p.
935 2063 1016 2102 191
1038 2059 1081 2101 d.
1129 2058 1264 2101 Paua.
1291 2057 1421 2112 1129,
1441 2062 1542 2114 7sq.
1588 2058 1645 2102 cf.
1670 2061 1702 2102 t.
1721 2058 1785 2102 IV

99 2121 241 2221 giliblg
255 2123 338 2233 8919,
358 2124 459 2174 lsq.
495 2123 594 2173 956,
616 2124 669 2162 14
684 2133 748 2174 sq.
769 2119 810 2161 R
909 2124 935 2162 4
970 2118 1026 2161 cf.
1052 2117 1145 2161 t.11
1171 2121 1270 2171 312,
1290 2122 1343 2161 21
1356 2131 1422 2173 aq.
1524 2122 1576 2161 18
1610 2118 1667 2162 cf.
1692 2121 1725 2162 13.
1743 2118 1784 2161 H

186 2212 197 2232 ,
314 2214 321 2220 .
621 2215 624 2219 .

217 2375 236 2411 1
286 2370 481 2425 μάλιστα
521 2371 630 2413 ante
668 2377 750 2413 τοῦ
797 2369 921 2414 inser
961 2368 1065 2413 coni
1097 2368 1363 2412 Monnerius
1408 2382 1649 2426 perperam
1700 2370 1782 2413 ad-

98 2429 282 2472 notans:
331 2429 547 2483 „habetwr
578 2430 698 2473 enim
735 2443 857 2473 unus
894 2442 949 2472 ea:
991 2429 1085 2472 illis
1124 2427 1342 2500 Ewropae
1379 2428 1490 2483 filiis
1530 2429 1735 2473 Aeaeus“
1770 2429 1776 2487 Ι

97 2501 144 2529 τε
176 2488 220 2531 Ρ
248 2487 327 2530 sed
358 2505 383 2530 τ
415 2502 439 2531 e
472 2506 498 2545 γ
531 2501 644 2542 corr,
677 2488 721 2532 U
893 2492 921 2529 4
967 2484 1077 2531 ὗσαι
1108 2487 1154 2530 Ρ
1190 2480 1313 2531 sed
1346 2486 1430 2542 m⁸‚
1464 2488 1496 2530 I
1523 2487 1655 2531 sed
1689 2501 1744 2532 ex

98 2573 199 2603 corr
220 2560 289 2603 m³
469 2565 493 2603 6
526 2578 569 2605 τι
600 2550 748 2618 λέγειν
779 2566 992 2604 τοιοῦτον
1025 2562 1066 2604 Α
1250 2565 1272 2603 7
1309 2560 1366 2616 δὴ
1400 2562 1429 2604 1
1454 2563 1460 2615 Ι
1487 2560 1654 2604 τούτου
1690 2562 1727 2606 C'

99 2621 124 2660 8
158 2615 222 2662 ὅτ’
258 2620 445 2676 reposui
477 2634 502 2665 e
532 2620 666 2664 libris
758 2617 831 2664 ὅτε
863 2619 953 2663 edd
1100 2624 1153 2662 13
1187 2618 1446 2676 διαλέγοιτο
1477 2619 1545 2663 Re
1589 2622 1594 2674 Ι
1636 2623 1780 2676 μεθη-

97 2675 240 2732 μέραν
263 2679 304 2722 V
421 2684 471 2722 17
500 2676 572 2722 ὅδ’
595 2681 630 2723 Ι
685 2677 709 2723 6
741 2678 792 2722 δὲ
816 2678 883 2721 Re
1007 2681 1060 2720 18
1085 2679 1256 2736 βωμοῖς
1278 2692 1353 2722 om
1372 2679 1456 2722 Mo
1484 2686 1490 2733 Ι
1518 2678 1582 2723 ὥν
1606 2679 1779 2722 inserui

101 2735 111 2802 Ι
142 2734 259 2780 ἑδῶν
291 2738 453 2794 scripsi
478 2737 741 2795 0011.Ρ.,97
761 2742 799 2780 7.
832 2739 864 2781 t
883 2737 903 2779 I
930 2740 1124 2789 160,18;
1157 2737 1198 2779 ΙΙ
1224 2742 1323 2792 290,
1342 2743 1366 2780 2
1431 2738 1564 2782 ὠδῶν
1592 2738 1671 2782 ΟΡ
1700 2739 1780 2781 sed

97 2807 146 2836 m
177 2796 263 2839 hoc
296 2797 448 2841 οὐδῶν
478 2797 527 2839 in
552 2812 687 2854 marg
708 2796 792 2851 m⁴,
819 2797 863 2841 U
918 2796 1071 2839 οὐδῶν
1103 2797 1147 2840 A
1181 2796 1262 2840 sed
1293 2813 1348 2854 γρ
1375 2797 1527 2839 ὠιδῶν
1558 2796 1607 2839 in
1631 2810 1778 2854 marg,

99 2853 181 2897 IV
204 2854 295 2898 edd
386 2854 508 2900 ὁδῶν
542 2856 626 2900 Mo
717 2852 849 2913 ᾠδῶν
882 2856 955 2898 Pa
1046 2854 1193 2898 οὐλῶν
1233 2855 1336 2898 coni
1377 2854 1577 2899 Cobetus
1609 2855 1777 2900 Mnem.

98 2909 152 2954 N.
173 2911 214 2955 S.
231 2913 274 2955 II
299 2917 382 2956 407
418 2914 520 2957 coll.
546 2929 590 2970 p.
615 2918 686 2968 96,
705 2919 759 2957 12
793 2915 839 2958 et
870 2912 1002 2956 Dion.
1031 2912 1134 2958 Chr.
1160 2927 1222 2958 or.
1241 2913 1388 2956 XXXI
1412 2929 1456 2971 p.
1478 2914 1617 2957 569R

1429 2987 1514 3031 16*

1816 1065 1859 1098 10

1812 1507 1854 1541 15
