1992 3094
498 114 726 180 LIBANH
759 135 982 182 ORATIO
1015 136 1134 181 PRO
1167 136 1499 181 THALAsslo
1741 137 1847 190 329

151 272 254 339 τὴν
291 272 452 341 χάριν
490 272 634 325 δότω
667 273 768 340 τὴν
800 273 975 341 δίκην.
1045 272 1263 342 ἀρκέσει
1303 273 1364 326 δὲ
1397 273 1544 342 ἡμῖν,
1582 271 1654 341 ἢν
1693 273 1847 342 ὑβρι-

154 361 289 430 στὴν
327 356 471 414 εἶναι
510 363 727 430 ψηφίσῃ
766 362 865 414 τὸν
904 363 1223 431 ἄνθρωπον.

261 447 349 502 45.
390 447 533 519 ’Έχω
566 451 691 502 τινὰ
729 449 820 503 καὶ
859 452 1048 519 τρίτον
1088 451 1463 518 αἰτιάσασθαι,
1497 449 1505 521 Ι
1540 454 1695 520 βασι·
1727 463 1767 507 R
1789 463 1934 507 11415

151 541 273 606 λεῦ,
313 538 426 591 τὸν
466 540 805 601 Γαίσωνος
844 540 943 593 τὸν
981 541 1114 608 μετὰ
1153 540 1253 608 τὴν
1285 537 1580 609 Ἀρκαδίαν
1617 537 1709 592 καὶ
1747 541 1847 608 τὴν

151 624 214 680 ἐν
235 624 487 697 Ἀρκαδία
517 629 716 680 πενίαν
746 628 1019 681 πλούσιον
1048 629 1140 681 καὶ
1171 628 1308 698 πρὸς
1338 636 1607 682 τοσοῦτον
1644 629 1847 696 ἥκοντα
1895 650 1913 681 5

151 715 460 786 χρημάτων,
500 712 629 769 ὥστ’
660 716 807 788 αὐτῷ
841 715 931 769 καὶ
972 724 1178 786 χρυσᾶς
1212 717 1389 780 οἰκίας
1428 715 1628 780 ἐξεῖναι
1666 726 1846 771 ποιεῖν

153 803 531 873 ἁμιλλωμένας
574 805 713 873 πρὸς
757 806 853 868 τὰς
900 804 958 858 ἐκ
1007 809 1199 874 λίθου,
1253 807 1379 874 περὶ
1426 806 1490 869 ἃς
1535 804 1626 859 καὶ
1681 806 1848 869 αὐτὰς

153 892 296 946 οὕτω
356 893 726 961 δεδαπάνηται
781 896 1063 964 λαμπρῶς,
1127 895 1263 947 ὥστε
1316 896 1521 963 μανίαν
1583 890 1725 948 εἶναι
1786 895 1846 948 τὸ

151 989 377 1051 πρᾶγμα
409 982 610 1035 δοκεῖν.
673 978 834 1046 οὗτος
864 986 1060 1036 τοίνυν
1091 991 1271 1050 τιμαῖς
1303 982 1537 1046 ἁπάσαις
1563 982 1688 1052 παρ’
1715 982 1847 1051 ἐμοῦ

151 1071 403 1139 τιμηθεὶς
434 1070 699 1139 (μάτην),
738 1069 830 1124 καὶ
868 1074 973 1141 γὰρ
1010 1070 1071 1125 ἐν
1112 1064 1194 1134 οἷς
1234 1068 1395 1141 εἶχεν,
1437 1077 1587 1142 εἴπερ
1626 1073 1846 1140 ἤθελεν,
1874 1094 1915 1125 10

152 1158 290 1227 ἡμᾶς
343 1167 571 1228 ποιῆσαι
623 1163 827 1227 καλῶς,
883 1160 986 1213 οὐκ
1041 1159 1285 1229 ἐποίησε,
1338 1170 1451 1213 τῶν
1503 1161 1848 1229 ἠδικηκότων

98 1242 105 1253 “
152 1247 241 1300 καὶ
275 1247 441 1310 αὐτὸς
471 1246 759 1318 γεγένηται
792 1245 947 1312 δίκας
978 1248 1224 1318 ὀφείλειν
1254 1255 1329 1322 τῷ
1362 1250 1636 1321 συνεδρίω
1671 1248 1847 1318 λέγων

152 1337 282 1399 τοὺς
340 1340 796 1407 μαρτυρήσαντας
858 1339 940 1391 ἄν.
1043 1336 1134 1391 καὶ
1197 1337 1446 1391 ἐκέλευεν
1507 1339 1711 1400 αὐτοὺς
1772 1339 1848 1401 εἰς

152 1424 322 1491 μέσον
369 1426 526 1494 ἄγειν
572 1426 664 1480 καὶ
710 1432 1088 1497 τιμωρεῖσθαι.
1164 1427 1250 1480 46.
1305 1428 1518 1480 τούτων
1561 1423 1622 1480 δὲ
1670 1427 1698 1480 ὁ
1746 1427 1847 1496 μὲν

153 1510 246 1566 ὑπ’
277 1512 517 1583 ἀνάγκης
555 1516 706 1578 τινὸς
743 1517 847 1585 ἤδη
886 1517 1266 1569 διεπεπλεύκει
1304 1514 1396 1569 καὶ
1435 1512 1504 1584 ἦν
1543 1515 1604 1568 ἐν
1636 1519 1847 1584 Χαλκη-
1874 1537 1915 1569 15

154 1603 296 1671 δόνι,
336 1602 365 1656 ὁ
404 1601 452 1656 δ’
483 1598 554 1671 ἦν
585 1603 646 1657 ε’ν
677 1611 753 1676 τῷ
786 1603 966 1672 λιμένι
1003 1605 1168 1658 ταύτὸ
1200 1607 1448 1673 ποιήσων
1481 1604 1650 1673 οὔσης
1682 1604 1846 1672 ἀνάγ-

154 1710 249 1760 κης
288 1690 379 1744 καὶ
418 1694 595 1765 τούτῳ
634 1695 796 1756 τινός.
846 1692 852 1764 Ι
899 1693 927 1747 ὁ
970 1693 1031 1746 δὲ
1071 1694 1138 1762 δὴ
1184 1696 1366 1762 τρίτος
1404 1694 1572 1747 ἔνδον
1617 1694 1696 1747 ὢν
1726 1706 1768 1750 Β,
1791 1705 1935 1750 Π416

155 1779 216 1833 ἐν
253 1789 368 1844 τοῖς
406 1782 743 1850 βουλεύουσι
782 1786 1034 1851 χαλεπῶν
1080 1782 1182 1851 μὲν
1228 1780 1478 1851 ἐπειρᾶτο
1518 1783 1846 1851 προσώπων,

155 1861 271 1922 εἷπε
316 1866 377 1922 δὲ
417 1869 561 1924 ἁπλᾶ
600 1870 690 1924 καὶ
738 1872 949 1939 δίκαια,
996 1871 1079 1926 ὅτι
1126 1872 1224 1924 τὸν
1270 1878 1345 1942 τῷ
1395 1872 1537 1924 δεῖνι
1584 1874 1846 1938 συζῶντα,

155 1954 249 2027 ἐμὲ
288 1959 356 2027 δὴ
397 1958 591 2028 λέγων,
628 1970 927 2030 μαρτυρῶν
966 1956 1109 2014 εἶναι
1148 1958 1434 2028 βέλτιστον
1472 1959 1574 2012 οὐκ
1614 1959 1846 2029 ἀδικοίη.
1872 1981 1915 2013 20

155 2048 341 2116 νόμιζε
380 2048 448 2116 δὴ
488 2050 706 2118 κοινόν,
747 2046 789 2102 ὦ
829 2051 1082 2117 βασιλεῦ,
1126 2047 1215 2101 καὶ
1263 2058 1376 2100 τῶν
1422 2047 1678 2101 ἀπόντων
1723 2056 1848 2102 τοῦ·

156 2154 255 2188 τον
310 2131 452 2189 εἶναι
505 2138 604 2190 τὸν
659 2139 841 2206 λόγον.
941 2137 1166 2205 λέγουσι
1220 2137 1416 2189 τοίνυν
1470 2137 1524 2189 οἱ
1578 2145 1744 2206 τρεῖς·
1804 2133 1846 2190 ὦ

155 2232 270 2277 παῖ
322 2227 680 2295 Γαίσωνος,
728 2226 827 2279 ὅτι
866 2233 1337 2296 μαρτυροῦμεν
1386 2225 1584 2294 ἡμεῖς
1635 2227 1848 2279 καλὸν

157 2311 455 2382 κάγαθὸν
508 2308 679 2368 εἶναι
731 2314 1107 2368 Θαλάσσιον
1158 2314 1440 2384 ὁρῶντες
1495 2312 1564 2367 ἐν
1616 2315 1847 2377 παιδὸς

159 2403 315 2455 ὄντα
368 2403 540 2474 χώρᾳ
593 2401 735 2473 παρ’
782 2401 975 2472 ἀνδρὶ
1023 2403 1342 2471 φεύγοντι
1397 2404 1548 2465 τοὺς
1594 2403 1846 2465 κακούς.
1870 2388 1911 2455 ἔτι

277 2598 303 2636 4
336 2593 434 2637 Zos.
459 2593 502 2636 ΙΙ
526 2598 612 2637 42?
642 2596 647 2649 1
676 2592 732 2636 cf.
760 2592 867 2636 Her.
892 2591 912 2634 I
937 2596 1057 2646 66‚1.
1106 2591 1240 2635 Paus.
1260 2591 1365 2635 VIII
1393 2596 1467 2644 1‚6

280 2775 301 2811 1
335 2769 472 2826 χάριν
504 2771 550 2814 Ρ
579 2770 660 2815 sed
692 2786 768 2824 αρι
800 2769 849 2812 in
880 2782 955 2812 ras
988 2769 1057 2811 ω’
1217 2772 1242 2812 3
1274 2764 1309 2811 ὦ
1342 2769 1527 2826 βασιλεῦ
1560 2768 1670 2812 ΒΜ
1698 2768 1789 2812 edd

162 2831 184 2869 7
219 2827 513 2885 ἀμυνομένας
548 2829 613 2872 Va
744 2832 798 2871 10
831 2826 980 2884 μάτην
1011 2827 1186 2871 inserui
1218 2829 1406 2871 auctore
1438 2827 1504 2871 Re
1635 2832 1686 2869 11
1722 2824 1847 2871 ἐποί-

160 2900 269 2941 ησεν
302 2888 346 2929 Α
470 2892 524 2931 16
558 2886 582 2932 ὃ
614 2889 659 2931 Α
722 2885 746 2930 ὅ
779 2886 1120 2942 IBMVssong
1243 2890 1295 2929 17
1330 2884 1395 2931 ὢν
1428 2900 1502 2930 om
1527 2887 1637 2930 ΒΜ
1658 2886 1790 2941 Bong

161 2948 213 2987 21
249 2944 470 2990 ἁπάντων
502 2947 538 2990 Ι
572 2948 577 3001 1
621 2942 742 2990 εἶναι
773 2953 938 2989 τοῦτον
966 2946 1008 2988 V
1123 2950 1177 2988 23
1210 2952 1389 3002 παῖγμα
1421 2946 1554 3001 Bong
