1992 3094
197 929 202 934 ·
721 905 928 958 XXXII
968 905 1142 978 (XXX
1168 905 1240 977 R)
1330 931 1333 933 -
1391 949 1393 953 ,

174 1010 414 1071 ’ΠΡΟΣ
460 1010 927 1072 ΝΙΚΟΚΛΕΑ
973 1012 1180 1071 ΠΕΡΙ
1227 1010 1787 1072 ΘΡΑΣΥΔΑΙΟΤᾏ

250 1158 295 1209 1.
351 1160 547 1220 Καλῶς
587 1156 869 1226 ἐποίησας,
921 1155 962 1210 ὦ
1002 1160 1318 1223 Νικόκλεις,
1366 1157 1667 1226 ἀπιστήσας
1706 1170 1747 1213 R
1771 1169 1916 1212 11223

137 1255 254 1308 ταῖς
283 1244 400 1299 κατ’
432 1245 566 1315 ἐμοῦ
606 1245 734 1316 παρ’
766 1245 932 1300 ἐνίων
965 1249 1177 1310 αἰτίαις.
1239 1243 1310 1315 ἦν
1341 1248 1443 1315 γὰρ
1485 1245 1605 1299 οὐδ’
1638 1246 1831 1299 ὁτιοῦν

137 1332 198 1388 ἐν
237 1335 426 1398 αὐταῖς
465 1335 753 1404 ἀληθείας,
805 1330 847 1407 ᾧ
887 1334 980 1389 καὶ
1026 1337 1381 1406 τεθαρρηκὼς
1427 1333 1510 1388 δι’.
1532 1335 1701 1404 ὅρκου
1741 1336 1829 1387 πί-

137 1437 259 1476 στιν
299 1422 616 1493 ἐποιούμην.
692 1423 784 1477 καὶ
822 1433 938 1487 τοῖς
975 1425 1256 1494 πράγμασι
1305 1422 1365 1477 δὲ
1405 1424 1593 1486 αὐτοῖς
1630 1421 1719 1476 καὶ
1752 1431 1827 1493 ,τῇ
1874 1443 1893 1475 5

135 1510 260 1582 περὶ
315 1513 499 1565 αὐτῶν
553 1514 806 1582 διηγήσει
858 1514 1193 1583 πειράσομαί
1243 1527 1332 1566 σοι
1386 1520 1549 1565 τοῦτο
1604 1515 1830 1579 ποιῆσαι

38 1608 44 1625 ¹
136 1600 472 1669 καταφανές,
512 1600 582 1655 ἵν’
617 1601 780 1664 αὐτός
818 1621 876 1655 τε
916 1602 1124 1655 σαυτὸν
1163 1601 1390 1671 ἐπαινῇς
1428 1601 1532 1654 οὐκ
1570 1588 1830 1668 ἐξηπατη-

134 1688 298 1755 μένος
337 1695 393 1743 εἰ’
424 1689 487 1742 τέ
521 1710 604 1753 τις
642 1698 806 1744 τοῦτο
854 1690 1131 1758 πέπονθε,
1184 1690 1322 1761 ῥᾷον
1369 1676 1541 1742 αὐτὸν
1579 1690 1831 1758 μεταπεί-

37 1791 46 1814 -’
135 1783 264 1833 &av
304 1779 516 1832 δύναιο.
1018 1766 1023 1770 ’

247 1867 296 1919 2.
338 1862 513 1920 ῒΗκον
553 1867 782 1939 ἑσπέρας
822 1871 900 1931 εἰς
937 1870 998 1921 τὸ
1038 1870 1336 1936 βαλανεῖον
1375 1867 1404 1920 ὃ
1444 1875 1508 1937 τῇ
1547 1867 1700 1919 πόλει
1743 1864 1830 1918 δέ-
1856 1887 1897 1918 10

46 1939 55 2025 J,
138 1955 276 2020 δωκε
323 1958 594 2024 Τραϊανὸς
631 1959 914 2025 βασιλεύς,
960 1957 1051 2010 καὶ
1090 1955 1279 2025 ἐπειδή
1316 1976 1410 2023 μοι
1449 1946 1515 2007 τὰ
1553 1955 1690 2023 πρὸς
1728 1954 1831 2022 τὴν

258 2117 297 2162 Ο
324 2139 379 2153 =
413 2116 567 2161 Codex
600 2116 846 2161 Chisianus

255 2177 301 2219 A
326 2198 382 2212 =
413 2175 706 2220 Monacensis
738 2191 806 2233 gr.
832 2180 918 2220 483
952 2175 1291 2232 (Augustanus)

257 2236 303 2279 P.
325 2257 380 2273 ==
412 2234 656 2279 Palatinus
688 2250 755 2292 gr.
783 2239 868 2279 282

256 2295 291 2337 Ι
324 2317 378 2331 =
412 2294 679 2338 Marcianus
713 2294 912 2351 append.
945 2292 1045 2338 XCI
1069 2298 1094 2335 2

266 2354 378 2398 V=
410 2353 786 2398 Vindobonensis
818 2352 933 2409 phil.
967 2368 1032 2409 gr.
1059 2351 1201 2395 XCIII

259 2505 314 2544 10
344 2471 514 2559 Euagr.
539 2501 584 2545 h.
605 2515 641 2547 e.
667 2501 709 2544 H
727 2505 795 2544 12.
859 2500 921 2544 Io.
947 2499 1106 2543 Malal.
1123 2498 1186 2542 XI
1210 2514 1254 2555 p.
1274 2503 1376 2552 276,
1396 2503 1416 2542 1
1452 2500 1500 2541 et
1534 2501 1587 2540 19
1603 2511 1668 2551 sq.

179 2684 181 2686 .
259 2653 282 2691 1
310 2619 446 2703 ’Πρὸς
470 2647 702 2693 Νικοκλέα
726 2649 761 2692 I
784 2648 897 2691 rubr
928 2647 1009 2691 sed
1033 2646 1088 2691 έα
1115 2647 1165 2690 in
1189 2659 1264 2689 ras
1288 2645 1358 2689 m3
1418 2658 1495 2688 om
1524 2643 1695 2698 reliqui
1719 2641 1828 2686 libri

57 2716 70 2779 Ξ
140 2705 207 2749 Re
234 2706 242 2764 Ι
268 2714 351 2751 τοῦ
368 2708 528 2752 ,αὐτοῦ
561 2710 669 2751 ante
699 2707 807 2762 περὶ
833 2707 903 2765 Vl
930 2707 1035 2761 περὶ
1061 2702 1360 2760 θρασυὸαίου
1387 2704 1425 2749 Ο
1452 2703 1534 2747 sed
1557 2701 1640 2755 ιη’,
1672 2703 1718 2746 Ρ
1746 2700 1830 2745 sed

51 2882 76 2918 ,ἶ

139 2779 208 2833 ερὶ
239 2781 292 2823 et
311 2777 386 2824 ἰου
418 2780 473 2823 in:
489 2794 566 2824 ras
590 2781 674 2834 111².)
700 2783 733 2824 I
750 2780 862 2823 rubr
921 2779 1038 2834 πρὸς
1059 2778 1358 2834 θρασύδαιον
1382 2779 1428 2822 A
1459 2763 1531 2834 (T
1562 2778 1671 2820 ante
1694 2775 1827 2831 πρὸς)

143 2837 190 2879 ’Υ
202 2837 271 2882 Re
298 2839 305 2897 1
331 2837 469 2896 λόγος·
496 2839 703 2890 εἰκοστὸς
731 2838 886 2894 τρίτος
916 2840 1024 2895 post
1053 2837 1351 2893 θρασύδαιον
1378 2837 1422 2881 V
1444 2850 1511 2883 m„
1532 2849 1568 2889 r,
1600 2833 1734 2891 λόγος
1766 2832 1829 2881 ιςῗ

58 2916 73 2941 ν,
139 2895 188 2938 in
211 2910 346 2954 marg
367 2898 426 2941 1³
577 2903 602 2942 3
635 2896 809 2948 αἰτίαις
843 2899 881 2943 G
908 2898 988 2940 sed
1021 2914 1037 2939 ι
1071 2898 1130 2951 (3)
1164 2896 1290 2939 inser
1311 2895 1382 2938 m'
1416 2898 1421 2950 Ι
1458 2891 1560 2938 οὐδ’
1594 2890 1750 2937 ὅτιοῦν
1783 2893 1828 2936 Α

199 2955 445 3002 οὐδοτιοῦν
476 2958 543 3001 Re
597 2994 599 2996 .
665 2962 690 3000 9
723 2957 916 3002 δύναιτο
950 2956 1053 2999 coni
1086 2956 1153 2999 Re
1177 2954 1316 2998 Anim
