1992 3094
215 108 290 160 48
699 108 928 152 LIBANH
958 108 1182 153 ORATIO
1215 108 1407 154 XXVIII
1965 0 1992 221 '³

219 245 484 314 γενέσθαι
539 246 751 314 βλάβην
805 253 920 308 τοῖς
974 241 1138 298 οὖσιν
1192 246 1325 315 ἡμῖν
1379 246 1615 308 δικαίοις
1667 248 1799 315 μήτε
1845 245 1911 298 τὰ
1977 232 1992 275 ἶ

215 333 320 404 ἔπη
361 336 427 387 τὰ
465 335 613 404 παρά
657 335 822 388 τοῦδε
867 333 1173 402 ποιηθέντα
1220 333 1345 405 περὶ
1391 343 1504 388 τῶν
1543 333 1631 388 σοὶ
1670 352 1912 406 πεπραγ-

218 423 401 492 μένων
439 425 572 493 μήτε
610 424 675 476 τὰ
716 422 1030 492 λεγομένων
1068 425 1339 493 γενόμενα
1389 424 1603 493 δάκρυα
1640 426 1773 493 μήτε
1810 425 1913 493 τὴν
1952 447 1958 454 ·

219 512 375 583 μέχρι
424 513 526 565 δύο
575 515 868 580 συλλαβῶν
914 510 1004 564 καὶ
1043 512 1357 581 γράμματος
1403 511 1526 574 ἑνὸς
1563 521 1675 566 τῶν
1713 513 1913 582 ὀνομά-
1983 524 1986 525 ’

171 622 195 654 5
221 622 332 655 των
370 603 687 670 κοινωνίαν,
728 601 866 654 ἀλλά
905 601 1069 670 χωρὶς
1107 601 1208 668 μὲν
1248 600 1431 654 ἐκεῖνα
1468 606 1708 670 κεῖσθαι,
1748 601 1914 671 χωρὶς
1983 637 1986 640 >

222 687 283 743 δὲ
332 692 435 760 τὴν
483 688 607 760 περὶ
654 698 765 743 τῶν
810 690 1147 759 πραγμάτων
1195 688 1456 758 ἐξέτασιν,
1512 691 1689 753 ἄλλως
1734 689 1792 743 θ’
1825 691 1915 744 ὅτε

220 778 312 832 καὶ
357 780 460 848 τὴν
499 779 736 848 ἀμοιβὴν
776 777 1004 832 ἐκείνων
1054 780 1163 848 ἔχει
1209 788 1321 831 τῶν
1361 778 1522 831 ἐπῶν.
1599 780 1648 832 εἰ
1687 781 1791 849 γὰρ
1833 781 1916 832 δι-

220 870 387 931 καίως
426 867 499 921 δι’
531 866 713 920 ἐκεῖνα
750 870 1054 936 τετίμηται,
1100 866 1192 920 καὶ
1233 864 1312 921 ὧν
1358 867 1538 921 ἀδικεῖ
1585 869 1808 931 δικαίως
1845 868 1915 922 ἂν

224 958 345 1025 δοίη
389 958 565 1027 δίκην.
629 957 761 1010 ὅταν
800 958 904 1026 γὰρ
947 957 975 1010 ὁ
1017 956 1181 1019 αὐτὸς
1221 957 1518 1027 ἄνθρωπος
1556 958 1622 1010 τὰ
1654 958 1755 1024 μὲν
1793 960 1917 1026 βελ-

155 1068 198 1100 10
222 1048 373 1115 τίων,
419 1047 486 1098 τὰ
533 1043 594 1098 δὲ
634 1047 895 1115 φαίνηται
935 1049 1153 1116 χείρων,
1198 1044 1532 1115 ,ἀμφοτέρων
1579 1047 1801 1110 εἰκότως
1847 1046 1917 1100 ἂν

222 1137 371 1205 παρὰ
416 1144 528 1188 τῶν
574 1136 757 1187 ἄλλων
811 1135 1099 1204 τυγχάνοι,
1156 1132 1226 1187 δι’
1267 1133 1450 1188 ἐκεῖνα
1501 1131 1604 1204 μὲν
1657 1133 1916 1204 ἐπαίνων,
1980 1150 1985 1151 ’

225 1225 318 1277 διά
357 1221 416 1276 δὲ
456 1224 522 1276 τὰ
561 1226 876 1294 φαυλότερα
914 1226 1190 1293 τιμωρίας.

338 1313 385 1365 3.
442 1313 583 1382 Περὶ
622 1313 723 1379 μὲν
764 1308 868 1365 οὖν
908 1321 1002 1381 τῆς
1041 1314 1208 1381 ἄλλης
1245 1315 1437 1376 κακίας
1474 1311 1564 1366 καὶ
1604 1314 1677 1376 ὡς
1715 1313 1918 1383 ἡσυχά-
1967 1367 1976 1375 ,

228 1406 429 1467 ζουσαν
475 1404 642 1456 πόλιν
682 1401 856 1465 εὐθὺς
903 1400 1090 1455 ἐλθὼν
1130 1403 1216 1465 εἰς·
1255 1403 1449 1455 στάσιν
1488 1401 1746 1471 ἐνέβαλεν
1785 1402 1918 1456 ἀπο-

157 1512 202 1545 15
228 1493 319 1562 ρίᾳ
364 1498 598 1562 τροφῆς,
652 1489 685 1558 ἢ
725 1492 828 1559 τὴν
873 1492 999 1559 περὶ
1044 1492 1140 1554 τὰς
1188 1493 1342 1553 δίκας
1391 1492 1709 1560 βραδυτῆτα
1746 1490 1779 1559 ἢ
1819 1492 1927 1560 τὴν

227 1579 289 1633 ἐν
327 1589 443 1642 τοῖς
480 1580 742 1648 θεάτροις
780 1579 981 1648 ἀηδίαν
1019 1579 1051 1648 ἢ
1092 1580 1192 1648 τὴν
1230 1579 1356 1650 περὶ
1395 1581 1456 1632 τὸ
1499 1588 1653 1648 σῶμα
1691 1587 1787 1648 τῆς
1824 1583 1920 1633 πό-

229 1673 361 1731 λεως
409 1668 708 1738 ὀλιγωρίαν
755 1669 787 1737 ἣ
827 1667 918 1721 καὶ
965 1669 1038 1730 ὡς
1083 1677 1232 1736 μισεῖ
1280 1666 1383 1738 μὲν
1427 1671 1557 1732 τοὺς
1605 1664 1920 1738 συνδίκους,

202 1766 376 1827 ’μισεῖ
415 1758 477 1810 δὲ
513 1759 644 1820 τοὺς
689 1758 903 1809 πόλεων
951 1757 1239 1827 ἄρξαντας,
1291 1757 1591 1812 ὑποπτεύει
1639 1756 1699 1812 δὲ
1745 1760 1923 1812 πάντα

229 1846 330 1914 μὲν
369 1849 555 1914 λόγον,
609 1854 791 1898 πᾶσαν
838 1843 899 1899 δὲ
937 1848 1264 1916 παραίνεσιν
1309 1846 1401 1900 καὶ
1441 1849 1534 1911 τὰς
1580 1846 1708 1918 παρ’
1739 1848 1923 1900 αὐτῶν

162 1957 207 1989 20
230 1955 291 2005 γε
329 1944 442 1987 τῶν
482 1931 629 1987 εἶναι
670 1935 988 1988 δοκούντων
1035 1937 1233 2005 φίλων,
1283 1935 1440 1990 ταυτὶ
1480 1937 1581 2004 μὲν
1619 1935 1710 1990 καὶ
1749 1937 1924 1990 πολλὰ

232 2025 368 2094 πρὸς
407 2024 624 2085 τούτοις
663 2022 819 2094 ἕτερα
858 2025 992 2092 μετὰ
1030 2032 1201 2077 ταῦτα
1233 2023 1442 2095 ἀκούσῃ
1482 2025 1515 2093 ἢ
1547 2027 1702 2094 ἡμῶν
1735 2026 1924 2094 λεγόν-

232 2133 343 2165 των
389 2111 421 2180 ἣ
476 2112 566 2165 καὶ
614 2111 814 2181 ἑτέρων
859 2113 1339 2183 κατηγορούντων·
1394 2121 1501 2166 νῦν
1549 2113 1602 2167 δ’
1630 2107 1760 2177 οἶος
1792 2114 1924 2183 ἡμῖν

233 2200 359 2270 περὶ
397 2203 525 2263 τοὺς
563 2202 867 2268 βουλευτὰς
904 2200 1207 2270 γεγένηται,
1248 2203 1333 2255 δεῖ
1372 2217 1434 2255 σε
1472 2209 1689 2269 μαθεῖν.

143 2303 354 2347 R11136
453 2290 503 2342 4.
545 2291 666 2359 Πρό
705 2309 768 2358 γε
805 2291 914 2358 μὴν
953 2286 1033 2343 ὧν
1070 2291 1435 2359 πεπόνθασιν,
1470 2289 1478 2363 Ι
1514 2291 1547 2345 ἃ
1585 2293 1657 2360 μὴ
1696 2292 1927 2360 πάσχειν

169 2401 212 2433 25
238 2380 439 2440 αὐτοὺς
486 2378 796 2447 ἐβουλήθης
842 2377 995 2442 ἄξιόν
1043 2378 1193 2432 ἐστιν
1239 2381 1428 2433 εἰπεῖν.
1505 2383 1573 2433 σὺ
1621 2383 1816 2434 τοίνυν
1862 2374 1923 2432 εὗ
1991 2375 1992 2378 “

239 2466 327 2520 καὶ
359 2472 537 2529 καλῶς
569 2468 746 2534 εἰδώς,
787 2467 995 2520 ὁπόσον
1027 2466 1142 2520 ἐστὶ
1181 2469 1355 2536 βουλὴ
1395 2470 1549 2521 πόλει
1589 2467 1680 2521 καὶ
1714 2469 1786 2531 ὡς
1826 2468 1969 2536 οὐχ””

362 2618 386 2655 2
421 2611 477 2656 cf.
512 2612 573 2655 ad
603 2627 646 2668 p.
668 2616 737 2667 26,
758 2617 811 2655 14
933 2617 959 2655 4
992 2613 1048 2657 cf.
1076 2628 1119 2669 p.
1139 2617 1196 2655 44
1220 2614 1313 2656 not.
1336 2618 1357 2656 1
1386 2615 1432 2657 et
1455 2614 1527 2657 'aI
1554 2618 1651 2670 182,
1671 2618 1695 2656 6

361 2750 385 2788 3
417 2745 538 2847 τὴνὶ)
553 2752 642 2789 τῶν
667 2746 702 2788 Ι
815 2750 841 2787 4
874 2749 1008 2790 δυοῖν
1035 2747 1078 2790 V
1193 2751 1217 2788 9
1253 2743 1364 2790 ὅταν
1387 2773 1445 2778 ——
1474 2751 1525 2789 12
1551 2742 1772 2803 τιμωρίας
1793 2724 1953 2801 praes

243 2805 397 2847 missis
431 2818 508 2848 ver
542 2804 581 2847 is
619 2808 712 2847 Τοῦ
743 2804 860 2858 πρὸς
899 2803 1089 2863 βασιλέα
1130 2803 1231 2849 κατ’
1254 2806 1398 2848 αὐτοῦ
1431 2802 1594 2856 amas:
1635 2803 1729 2860 λόγ.
1756 2814 1775 2847 ῖ
1812 2803 1946 2859 citat*

242 2863 502 2967 Βέῖρῗαΐοὶ
520 2867 575 2907 89
698 2867 722 2905 9
755 2863 842 2920 γὰρ
870 2878 944 2907 om
966 2863 1126 2907 Macar
1247 2869 1302 2907 10
1334 2861 1522 2922 γένηται
1546 2865 1582 2906 Ι
1695 2868 1749 2906 26
1781 2861 1928 2908 πόσον
