1992 3094
484 116 711 161 LIBANII
742 115 966 162 ORATIO
999 118 1118 163 PRO
1151 119 1484 165 THALASSIO
1726 123 1828 175 321

138 252 410 320 εἰρήσθω,
464 253 669 319 πατρὸς
715 249 775 305 δὲ
826 249 998 322 οὗπερ
1055 256 1210 324 ἔφην.
1295 252 1450 310 οὗτοι
1501 264 1597 325 τῆς
1651 258 1833 312 αὑτῶν

139 338 531 403 ἐξαναστάντες
588 340 844 410 τρέχουσι
894 341 1220 409 μεθέξοντες
1269 352 1365 413 τῆς
1413 353 1511 398 τοῦ
1563 348 1830 414 κηδεστοῦ

136 428 317 498 τύχης.
393 427 486 482 καὶ
526 428 788 498 μετέσχον
827 430 1056 494 οὐδενὸς
1094 431 1283 495 αὐτοῖς
1319 433 1418 486 τὸν
1457 434 1662 504 πατέρα
1699 454 1832 503 προ-

136 515 410 586 φέροντος
457 514 588 571 οὐδὲ
633 518 694 570 τὸ
742 523 1056 588 καπηλεῖον.
1140 517 1282 588 ἦσαν
1324 523 1427 590 γὰρ
1475 521 1726 587 ἐπιεικεῖς
1774 544 1830 577 τε

135 606 226 659 καὶ
266 606 477 676 μέτριοι
516 605 607 660 καὶ
656 609 864 670 εἰδότες
902 608 1168 677 εὐτυχεῖν.
1244 604 1324 663 ὧν
1363 609 1421 663 ἐκ
1459 611 1704 681 θατέρου
1743 633 1830 681 γε·
1877 634 1895 666 5

137 696 316 763 γονὼς
347 691 510 758 οὗτος
542 695 644 749 οὐκ
675 695 909 765 ἠξίωσεν
941 692 1111 766 οὗπέρ
1153 696 1319 766 ἐστιν,
1361 696 1519 767 εἷναι,
1558 699 1674 755 ἀλλ’
1707 701 1829 754 ἀντὶ

131 787 362 854 μετρίου
408 785 576 841 κύων.
651 780 723 852 ἦν
777 784 843 838 δέ
893 805 978 854 γε,
1034 783 1207 854 οἶμαι,
1262 790 1404 840 πολὺ
1451 788 1670 855 βέλτιον
1715 799 1829 853 τοῖς

134 872 308 926 αὑτοῦ
362 872 622 944 παρέχειν
675 878 901 936 πολλοῖς
962 874 1167 943 λέγειν,
1231 875 1316 928 ὅτι
1377 866 1578 940 ὅντως
1639 874 1829 941 οὗτος

136 960 414 1015 ἐκείνου.

246 1051 333 1103 28.
377 1049 497 1104 Ἵνα
542 1053 605 1106 δὲ
649 1051 741 1106 καὶ
790 1053 927 1107 ὅθεν
969 1061 1140 1106 ταῦτα
1186 1052 1462 1123 ἐπράχθη,
1508 1055 1691 1125 μάθῃς
1736 1055 1825 1108 καὶ
1854 1078 1895 1109 ιο

129 1136 270 1207 μηδὲ
309 1147 384 1212 τῷ
418 1142 607 1194 δοκεῖν
644 1136 708 1212 τῇ
758 1144 933 1211 βουλῇ
972 1144 1211 1210 βοηθεῖν
1256 1144 1615 1212 σεμνύνηται,
1661 1146 1826 1213 μικρά

132 1247 259 1282 τινα
296 1230 387 1282 καὶ
424 1228 550 1300 περὶ
590 1231 791 1284 τούτου
833 1232 1016 1299 δίειμι.

247 1320 589 1386 Σαβινιανός
637 1321 720 1383 τίς
771 1318 885 1373 ἐστι
932 1320 1245 1389 μαστροπὸς
1294 1318 1436 1372 νέων
1485 1324 1670 1372 καλῶν
1718 1320 1824 1373 ὑπὸ

130 1412 231 1459 τοῦ
264 1409 470 1477 χρόνου
503 1409 641 1476 πρὸς
674 1416 839 1461 τοῦτο
877 1410 1235 1477 μετενεχθείς,
1271 1406 1277 1478 Ι
1314 1407 1414 1471 ἕως
1454 1407 1515 1460 δὲ
1553 1407 1675 1476 ἀγέ-
1706 1421 1747 1464 R
1769 1421 1913 1466 H404

127 1513 280 1558 νειος
318 1491 412 1565 ἦν,
459 1507 791 1567 μαστροπῶν
831 1497 994 1560 αὐτὸς
1036 1495 1226 1550 ἐδεῖτο.
1303 1491 1465 1559 οὗτος
1502 1500 1726 1559 πολλοῖς
1765 1495 1826 1550 ἐν
1850 1519 1890 1552 15

132 1587 362 1648 πολλαῖς
391 1587 585 1639 πόλεσι
616 1593 788 1638 ταῦτα
819 1585 1172 1655 ὑπηρετηκὼς
1203 1583 1393 1638 οὐδενὶ
1433 1591 1670 1637 τοσαῦτα
1704 1582 1826 1638 ἕκα-

127 1691 235 1741 ,μεν
274 1672 450 1727 ὁπόσα
473 1666 716 1747 Ὀπτάτω
755 1675 931 1746 τούτῳ
965 1673 1200 1736 ἀθλίους
1230 1671 1332 1742 μὲν
1366 1682 1544 1726 ποιῶν
1573 1672 1824 1741 πατέρας,

129 1760 368 1825 ἀθλίους
419 1760 480 1816 δὲ
530 1765 755 1832 παῖδας,
808 1763 1007 1825 ἀθλίας
1058 1760 1118 1816 δὲ
1166 1761 1413 1831 μητέρας.
1505 1762 1590 1814 29.
1659 1769 1822 1815 τοῦτο

128 1852 328 1904 τοίνυν
373 1852 435 1905 τὸ
484 1854 651 1921 ἔργον
698 1852 870 1906 αὐτὸν
915 1850 1006 1905 καὶ
1054 1852 1145 1904 διὰ
1200 1858 1295 1918 τῆς
1341 1849 1602 1919 ἡμετέρας
1654 1851 1822 1919 ἤγαγε

127 1937 222 1991 καὶ
278 1942 551 2010 τολμήσας
605 1946 885 1994 εἰσελθεῖν
938 1943 1015 2003 εἰς
1075 1942 1176 2008 τὴν
1236 1949 1347 1991 τῶν
1406 1938 1824 2007 παιδευομένων
1848 1962 1889 1994 so

132 2026 336 2096 ἀγέλην
373 2037 571 2098 πεῖραν
601 2030 900 2099 προσάγων
930 2030 1041 2082 τισὶ
1079 2026 1170 2081 καὶ
1209 2029 1454 2096 χωρίζων
1491 2035 1603 2080 τῶν
1641 2027 1823 2080 ἄλλων

126 2116 219 2168 καὶ
251 2117 388 2186 πρὸς
418 2120 569 2172 κίονί
597 2139 708 2172 τινι
740 2123 924 2172 λαλῶν
955 2121 1051 2171 καί
1076 2136 1126 2170 τι
1150 2117 1240 2170 καὶ
1265 2116 1617 2182 θρασύτερον
1646 2125 1822 2170 ποιῶν

126 2202 331 2272 ὀφθεὶς
377 2205 721 2276 ἀπηλαύνετο
771 2215 1086 2276 σωφρονεῖν
1133 2206 1253 2259 δεῖν
1291 2204 1529 2267 ἀκούσας
1575 2203 1606 2272 ἢ
1654 2205 1702 2257 εἰ
1748 2206 1819 2273 μὴ

131 2292 385 2362 δύναιτο,
441 2294 567 2365 παρ’
609 2298 811 2359 ἄλλους
858 2294 1096 2349 ἐλθόντα
1141 2299 1340 2363 θηρᾶν.
1425 2293 1666 2361 ἠπόρησε
1720 2293 1821 2361 μὲν

129 2376 234 2434 οὖν
280 2380 412 2436 οὐδὲ
456 2382 584 2454 παρ’
621 2385 754 2453 ἡμῖν
800 2394 912 2437 τῶν
959 2380 1470 2452 συνοργιουμένων,
1525 2380 1709 2434 ἐλθὼν
1759 2379 1818 2434 δὲ
1844 2388 1906 2435 π’

250 2547 304 2586 13
337 2543 451 2588 Xen.
477 2543 615 2589 Conv.
642 2547 719 2598 8‚5
845 2548 896 2587 17
932 2542 988 2587 cf.
1014 2558 1058 2599 p.
1086 2546 1251 2593 256,oe

251 2695 273 2733 1
308 2692 462 2736 αὐτῶν
497 2692 607 2736 CIB
669 2693 814 2748 αὐτῆς
846 2692 908 2736 Μ
934 2691 1067 2747 Bong
1211 2692 1235 2732 3
1268 2689 1427 2739 αὐτοῖς
1457 2689 1502 2732 Ρ
1530 2688 1611 2731 sed
1641 2704 1667 2731 τ
1698 2690 1746 2732 et
1777 2705 1818 2739 ις

125 2747 178 2791 in
209 2762 283 2792 ras
316 2749 386 2793 m’
507 2755 531 2794 7
564 2758 662 2802 τοῖς
691 2751 837 2795 αὑτοῦ
869 2749 1032 2806 scripsi
1101 2751 1164 2807 τῷ
1195 2748 1367 2791 σαύτοῦ
1402 2747 1483 2791 ΟΛ
1550 2754 1611 2790 τῶ
1646 2754 1816 2791 σαυτοῦ

129 2808 393 2854 PVaIBM
419 2809 499 2853 sed
532 2809 582 2853 in
612 2810 700 2854 hoc
732 2827 786 2866 γρ
818 2810 870 2853 τὸ
903 2808 1075 2852 σαυτὸν
1106 2808 1154 2850 in
1186 2820 1320 2863 marg
1350 2806 1420 2849 m2
1498 2806 1550 2849 τὸ
1583 2813 1753 2850 σαυτοῦ
1780 2806 1820 2848 1·

188 2867 240 2911 τὸ
273 2868 444 2912 σαυτὸν
475 2869 610 2926 Bong
675 2869 781 2922 περὶ
814 2874 985 2912 σαυτοῦ
1017 2867 1085 2910 Re
1282 2871 1332 2908 11
1367 2865 1427 2921 μὴ
1459 2864 1511 2909 δὲ
1543 2865 1776 2909 AIBMV

125 2927 327 2983 βοηθεῖν
349 2933 404 2984 τῇ
429 2929 570 2985 βουλῇ
596 2928 641 2971 Β
703 2929 900 2986 βοηθεῖν
932 2939 1007 2969 om
1041 2927 1102 2970 M
1121 2925 1254 2981 Bong
1373 2928 1428 2966 23
1461 2927 1560 2968 δεῖν
1585 2937 1660 2967 om
1685 2923 1816 2980 Bong

217 3007 416 3041 Lnuurus
440 3009 496 3041 ed.
521 3009 584 3041 Fo
563 3018 641 3041 001·
650 3013 721 3041 set
798 3009 870 3040 ΠΙ.
1493 3002 1545 3039 21
