1992 3094
813 795 994 848 xxxi
1035 794 1238 868 (XXIX
1261 793 1333 864 R)

300 915 531 978 ΠΡΟΣ
578 916 803 978 ΤΟΤΣ
850 904 1348 977 ΑΝΤΙΟΧΕΑΣ
1394 916 1626 976 ’ΥΠΕΡ
1671 912 1900 1005 ΤΩΝ
1990 918 1992 923 ’

857 1019 1287 1081 ΡΗΤΟΡῼΝ.
1933 1044 1935 1046 ·
1990 1034 1992 1037 “

143 1178 186 1221 R
205 1158 247 1221 II
267 1158 362 1221 204⁵
432 1168 477 1218 1.
505 1164 620 1218 Ὅτι
651 1162 753 1234 μὲν
786 1166 887 1218 οὔκ
919 1168 1028 1234 εἰμι
1058 1176 1171 1219 τῶν
1201 1174 1266 1236 τῇ
1297 1168 1453 1219 πόλει
1484 1166 1746 1228 πολλάκις
1782 1166 1918 1234 ἠνωτ
1948 1175 1949 1178 ’

233 1257 527 1323 χληκότων,
567 1251 608 1307 ὦ
649 1255 847 1324 ἄνδρες
874 1253 1189 1323 Ἀντιοχεῖς,
1231 1254 1363 1307 οὐδὲ
1401 1254 1633 1323 γέγονεν
1669 1254 1804 1321 ὑμῖν
1841 1254 1935 1317 εἰς’
1987 1253 1990 1258 ’

188 1344 396 1412 5τήνδε
451 1344 552 1411 τὴν
601 1342 810 1413 ἡμέραν
857 1344 982 1396 οὔτε
1035 1344 1236 1412 μικρὸν
1282 1344 1408 1396 οὔτε
1462 1346 1647 1412 μεῖζον
1697 1341 1756 1396 ἐκ
1808 1328 1939 1425 τῶνῖ

221 1431 378 1498 ε’μῶν
416 1430 597 1500 λόγων
634 1432 758 1501 περὶ
797 1434 928 1494 τοὺς
976 1432 1344 1494 διδασκάλους
1391 1432 1673 1501 ἀνάλωμα,
1719 1422 1920 1494 παντες

233 1519 303 1572 αν
341 1520 759 1601 ὁμολογήσαιτε·
812 1528 975 1573 τοῦτο
1011 1517 1085 1596 δε
1131 1519 1325 1589 ἠξίουν
1370 1529 1551 1575 ποιεῖν
1598 1519 1710 1597 οὐχ
1740 1520 1812 1583 ὡς
1851 1519 1919 1578 οὐ

223 1606 578 1677 τευξόμενος,
626 1610 674 1662 εἰ
712 1606 802 1661 καὶ
841 1599 1047 1676 μεγάλα
1082 1595 1441 1677 ἐπηγγελλον,
1489 1608 1608 1663 ἀλλ’
1639 1609 1750 1681 ὅσῳ
1787 1627 1936 1679 προ-,

234 1698 549 1766 θυμότερον
584 1695 742 1766 ᾐδειν
786 1696 1231 1766 ψηφιουμένους,
1281 1698 1557 1769 τοσούτῳ
1574 1701 1785 1766 μᾶλλον
1830 1696 1938 1767 2554-

169 1806 211 1839 ιο
235 1791 382 1857 αυτῷ
415 1787 716 1855 προσήκειν
753 1785 1005 1854 ἡγούμην
1037 1785 1408 1857 εὐλαβεστέρῳ
1442 1788 1759 1855 φαίνεσθαι.
1813 1788 1938 1839 νῦν·

236 1870 296 1925 δὲ
352 1872 527 1926 οὐκέτ’
567 1873 965 1970 ἐνὸνσιωπᾶν
1002 1872 1139 1927 ὀὐδ’
1178 1875 1226 1927 εἰ
1258 1875 1476 1947 σφόδρα
1529 1876 1854 1945 βουλοίμην,
1896 1873 1943 1945 Ι

357 2033 394 2077 Ο
474 2055 529 2070 =
555 2033 700 2078 codex
732 2032 977 2078 chisianus

353 2093 398 2136 A
475 2114 530 2130 =
555 2092 848 2137 Monacensis
880 2107 946 2150 gr.
973 2097 1059 2136 483
1091 2093 1426 2151 (Augustanus)

355 2152 401 2194 P
477 2173 532 2187 =
556 2151 800 2195 Palatinus
831 2166 897 2210 gr.
925 2156 1010 2196 282

355 2211 387 2253 Ι
480 2232 535 2246 =
561 2210 826 2254 Marcianus
858 2211 1056 2267 append.
1083 2210 1181 2255 XCI
1199 2216 1224 2254 2

357 2271 441 2314 Mo
480 2291 535 2306 =
559 2269 851 2314 Monacensis
883 2284 948 2328 gr.
971 2274 1052 2314 101

356 2328 401 2371 B
482 2350 536 2364 =
561 2327 843 2373 Barberinus
873 2329 916 2372 II
932 2333 985 2372 41

366 2387 409 2430 V
482 2409 535 2423 =
559 2386 934 2432 vindobonensis
964 2388 1077 2444 phil.
1104 2403 1170 2445 gr.
1196 2387 1338 2432 XCIII

358 2447 535 2501 (Par=
559 2445 797 2490 Parisinus
829 2461 896 2505 gr.
917 2451 1019 2504 583)

358 2598 380 2636 1
417 2600 500 2637 τοῦ
532 2593 676 2637 αὐτοῦ
709 2595 816 2637 ante
847 2594 964 2648 πρὸς
993 2595 1043 2649 V,
1075 2596 1131 2637 λᾶ
1157 2594 1236 2638 CA
1265 2597 1270 2650 Ι
1297 2594 1405 2644 τοὺς
1435 2594 1610 2638 inserui
1642 2607 1667 2638 e
1691 2594 1793 2638 BV
1845 2606 1921 2637 om

238 2651 407 2708 reliqui
431 2651 539 2695 libri
564 2651 654 2695 edd
712 2648 957 2711 Ἀντιοχεῖς
980 2653 1081 2696 Μοι·
1104 2652 1163 2697 cf
1179 2667 1224 2709 p.
1245 2657 1395 2707 32,16.
1429 2655 1460 2696 t
1479 2653 1636 2708 Π160,
1650 2659 1671 2696 1
1796 2657 1821 2696 2
1845 2648 1920 2696 λό-
1948 2685 1949 2690 ,

239 2726 319 2767 γος
349 2710 553 2761 εἰκοστὸς
584 2710 797 2766 δεύτερος
826 2714 933 2768 post
971 2709 1177 2768 ρητόρων
1218 2712 1262 2756 V
1286 2711 1410 2766 rubr,
1450 2710 1502 2756 λό
1506 2728 1586 2768 yos·
1616 2716 1657 2755 ἴε
1680 2713 1716 2755 Ι
1796 2713 1847 2764 λζ
1874 2710 1920 2755 Β

238 2768 350 2812 rubr
477 2773 504 2812 4
536 2769 590 2813 οὐ
623 2768 674 2814 δὲ
706 2771 781 2814 IB
903 2776 925 2813 7
960 2769 1266 2828 ὁμολογήσατε
1297 2770 1399 2814 Mor
1432 2729 1535 2816 sedy-
1545 2772 1669 2844 „leyo
1701 2767 1920 2828 ὁμολογή-
1964 2782 1970 2790 “

239 2841 366 2872 σαιτε
396 2829 465 2872 vel
495 2827 841 2886 ὡμολογήσατε“
874 2829 922 2872 in
940 2830 1024 2932 o.ed
1055 2833 1167 2873 1616
1199 2844 1242 2886 p.
1271 2833 1325 2872 27
1485 2833 1511 2873 8
1544 2828 1666 2886 μάλα
1696 2830 1732 2873 Ι
1767 2837 1773 2886 Ι
1806 2825 1921 2884 πρό·
1941 2879 1952 2883 ,

238 2902 372 2942 τερον
403 2888 449 2931 Β
583 2892 634 2930 11
670 2887 755 2931 οὐκ
787 2884 851 2931 ἔτ’
