1992 3094
196 104 300 157 166
681 101 908 145 LIBANH
940 100 1163 146 ORATIO
1196 102 1389 146 xxxm

191 241 329 310 πρὸς
377 239 438 292 σὲ
477 236 601 308 περὶ
642 238 871 306 τούτων,
927 237 1027 307 οὐχ
1067 237 1212 301 ὅπως
1251 239 1440 307 λάβοις
1486 248 1599 292 τῶν
1643 257 1883 309 πεπραγ-

191 329 375 398 μένων
425 329 605 396 δίκην,
652 324 768 379 ἀλλ’
803 326 948 388 ὅπως
985 327 1057 394 μὴ
1097 330 1264 379 πλείω
1312 328 1449 379 κακὰ
1497 327 1755 397 δράσειεν
1793 326 1883 382 ἐπὶ

192 426 287 486 τῆς
342 417 509 485 ἀρχῆς
559 416 754 484 μένων.
831 414 880 467 2.
935 413 964 467 ὁ
1018 415 1119 481 μὲν
1167 411 1287 483 οὖν,
1343 415 1414 468 ἵν’
1454 411 1615 478 οὗτος
1669 415 1884 484 ἄρξειεν

192 506 364 574 ἡμῶν,
418 505 595 558 πολλὰ
642 500 744 570 μὲν
791 504 976 571 εἰπών,
1030 504 1207 556 πολλὰ
1254 501 1314 556 δὲ
1368 505 1599 571 ποιήσας
1653 507 1883 574 χαλεπός

148 616 167 648 5
193 615 250 647 τε
290 594 378 647 ἐπὶ
416 602 532 656 τοῖς
573 591 890 661 λεγομένοις
942 594 1091 644 ἔσται
1129 590 1220 644 καὶ
1261 595 1474 661 ζητήσει
1513 593 1613 645 τὸν
1652 598 1884 663 λελυπη-

191 686 324 737 κότα
378 690 601 751 ποιῆσαι
662 689 840 743 κακῶς
894 680 1062 748 οὔσης
1124 681 1271 752 αὐτῷ
1334 681 1617 748 δυνάμεως
1678 681 1884 751 ὁπόσης

193 770 394 825 ἐθέλει·
446 770 565 838 ἐμοὶ
607 767 666 823 δὲ
708 775 839 832 ἴσως
885 765 986 838 μὲν
1032 768 1262 840 ὑπάρξει
1309 772 1550 838 σωτηρία
1588 790 1645 824 τε
1691 772 1781 824 καὶ
1820 772 1881 824 τὸ

193 862 492 929 διαφυγεῖν
538 860 684 930 παρὰ
729 866 825 926 τῆς
872 865 970 926 σῆς
1018 858 1236 920 εὐνοίας
1275 878 1332 910 τε
1378 860 1468 911 καὶ
1507 862 1788 928 βοηθείας,
1839 857 1882 913 ὦ

191 952 437 1018 βασιλεῦ.
500 950 548 1001 εἰ
582 947 631 1001 δ’
664 943 768 1000 οὖν
797 946 1060 1015 ἡττηθείη
1093 948 1154 999 τὸ
1188 948 1407 1000 δίκαιον
1445 955 1541 1016 τῆς
1574 947 1696 1011 ἑνός
1733 968 1884 1011 τινος

127 1059 169 1091 10
195 1039 408 1107 ἰσχύος,
457 1036 672 1107 ἀρκέσει
713 1055 775 1104 γε
827 1037 905 1098 εἰς
943 1038 1308 1106 παραμυθίαν
1347 1035 1465 1105 ἐμοὶ
1514 1037 1573 1089 τὸ
1612 1038 1684 1106 μὴ
1726 1039 1883 1110 φόβῳ

194 1132 523 1195 σεσιγῆσθαι
563 1127 628 1178 τὰ
670 1123 914 1195 ρηθέντα
952 1122 1022 1176 ἂν
1060 1124 1199 1194 πρὸς
1239 1121 1299 1177 σὲ
1341 1126 1578 1188 δικαίως.

304 1215 351 1268 3.
412 1213 617 1267 Οὑτοσὶ
664 1215 858 1267 τοίνυν
906 1213 1202 1279 Τισαμενὸς
1249 1211 1397 1281 γένει
1444 1212 1545 1280 μέν
1592 1213 1706 1269 ἐστι
1753 1219 1883 1283 λαμ-

191 1307 352 1372 πρός,
406 1304 498 1357 καὶ
546 1304 574 1356 ὅ
614 1323 677 1372 γε
722 1311 816 1371 τῆς
862 1302 1065 1372 μητρὸς
1116 1303 1262 1373 αὐτῷ
1311 1304 1486 1373 πατὴρ
1543 1303 1604 1357 ἐν
1656 1308 1885 1367 πολλαῖς

192 1391 478 1461 γεγένηται
509 1394 834 1461 διατριβαῖς,
874 1392 1037 1453 αὐτὸς
1069 1388 1130 1443 δὲ
1162 1390 1371 1462 ἀνάγκῃ
1412 1391 1530 1461 μέν,
1571 1393 1706 1446 ὅσον
1744 1394 1883 1457 ἅψα-

127 1502 167 1534 15
194 1486 347 1550 σθαι,
393 1480 614 1551 μετέσχε
661 1483 860 1549 λόγων,
908 1479 1208 1542 ἀποκλίνας
1254 1477 1315 1532 δὲ
1361 1481 1562 1550 ταχέως
1609 1484 1685 1544 εἰς
1723 1482 1883 1551 ὀρχη-

193 1571 323 1634 στὰς
368 1571 458 1623 καὶ
504 1572 805 1639 μακαρίσας
851 1569 1056 1631 αὐτούς
1100 1588 1158 1621 τε
1204 1570 1294 1622 καὶ
1334 1570 1454 1623 ὅσοι
1499 1571 1624 1641 περὶ
1664 1571 1883 1640 αὐτούς,

193 1660 390 1726 ἥδιστα
436 1656 538 1726 μὲν
577 1657 646 1711 ἂν
685 1658 904 1727 ἡγεμὼν
944 1657 1159 1725 ἐγένετο
1206 1666 1305 1711 τοῦ
1344 1667 1532 1728 χοροῦ,
1579 1661 1782 1712 τούτου
1821 1657 1882 1713 δὲ

191 1751 418 1810 πολλοῖς
479 1748 797 1816 εἰργόμενος
858 1747 1138 1813 αἰτιάμασι
1192 1745 1263 1799 δι’
1307 1745 1566 1817 ᾀσμάτων
1620 1747 1653 1800 ἃ
1705 1758 1883 1802 ποιῶν

192 1844 452 1904 παρεῖχεν
491 1837 702 1904 αὐτοῖς,
756 1832 826 1904 ἦν
866 1833 954 1888 ἐπὶ
1001 1843 1097 1903 τῆς
1144 1843 1347 1903 σκηνῆς
1393 1836 1554 1905 χάριν
1592 1857 1650 1890 τε
1691 1838 1883 1901 διδοὺς

127 1945 170 1976 20
194 1924 381 1986 αὐτοῖς
449 1923 539 1977 καὶ
607 1923 734 1995 παρ’
778 1924 963 1977 αὐτῶν
1031 1925 1339 1993 λαμβάνων.
1439 1934 1555 1988 τοῖς
1614 1923 1716 1993 μὲν
1777 1927 1880 1997 γὰρ

195 2011 453 2083 ᾀσμάτων
493 2015 628 2082 ἔδει,
678 2019 754 2085 τῷ
795 2010 855 2066 δὲ
895 2020 993 2066 τοῦ
1035 2020 1206 2065 ταῦτα
1245 2014 1322 2076 εἰς
1361 2015 1591 2084 ὄρχησιν
1630 2017 1879 2084 ἄγεσθαι.

192 2101 241 2153 4.
303 2098 489 2155 ἔπειτα
549 2098 619 2170 ἦν
681 2100 942 2170 ἐξαίφνης
1002 2101 1221 2170 ἡγεμὼν
1274 2104 1496 2172 ἔθνους,
1558 2102 1620 2156 ἐν
1674 2098 1716 2176 ᾧ
1769 2113 1881 2157 τῶν

190 2189 405 2242 ὑπτίων
459 2184 600 2243 εἶναι
661 2189 941 2254 δοξάντων
995 2190 1226 2253 οὐδενὸς
1280 2192 1578 2259 διενεγκὼν
1631 2192 1881 2261 ἀπῆλθεν

192 2275 362 2331 οὐδὲν
398 2276 539 2348 ἔχων
579 2281 950 2348 διηγήσασθαι
996 2278 1121 2348 περὶ
1167 2279 1339 2332 αὑτοῦ
1390 2283 1575 2333 καλόν.
1652 2282 1742 2333 καὶ
1779 2283 1880 2334 πά-

315 2487 368 2526 17
401 2483 679 2527 Amm.X1V
704 2489 744 2539 6,
764 2489 818 2527 19
940 2489 996 2527 23
1029 2484 1402 2540 cf.t.11174‚13

313 2679 338 2717 3
387 2674 531 2726 οὕτως
569 2675 674 2720 coni
704 2675 806 2719 Mor
844 2676 969 2731 quod.
1006 2675 1220 2732 probavit
1261 2676 1325 2719 Re
1357 2676 1495 2719 Anim
1679 2681 1732 2720 10
1779 2677 1879 2734 ἐμοὶ

193 2746 270 2776 om
297 2734 335 2779 C
492 2740 546 2779 12
580 2734 675 2778 ἐστι
705 2733 930 2793 λαμπρός]
965 2733 1247 2807 ἐπίλαμπρος
1270 2735 1372 2778 Mor
1551 2740 1605 2779 13
1638 2736 1819 2780 αὐτοῦῗ

197 2796 250 2834 15
282 2792 623 2850 μετεσχηκότων
655 2793 756 2837 Mor
786 2795 868 2838 sed
899 2811 953 2851 γρ
970 2792 1154 2852 μετέσχε
1185 2791 1331 2861 λόγων
1363 2794 1411 2836 in
1435 2809 1568 2852 marg
1700 2800 1752 2839 17
1786 2791 1878 2851 ἐγί-

194 2866 327 2907 γνετο
361 2852 430 2896 Va
611 2857 665 2895 18
710 2852 950 2909 αἰτιάμασι
980 2853 1028 2895 in
1053 2867 1186 2909 marg
1215 2853 1339 2896 inser
1364 2854 1408 2897 A
1499 2852 1768 2910 αἰτιάμασιν
1791 2855 1827 2897 Ι

194 2913 250 2951 21
283 2917 363 2954 τοῦ
397 2925 473 2955 om
499 2913 567 2957 Va
593 2911 693 2955 Mor
812 2917 868 2956 24
899 2912 1042 2956 αὐτοῦ
1067 2912 1168 2956 BV
