1992 3094
408 119 639 163 LIBANII
673 118 897 164 ORATIO
932 120 1174 166 CONTRA
1206 122 1516 167 TISAMENU
1520 124 1567 167 M
1730 127 1755 178 1
1766 126 1794 177 7
1807 129 1830 177 1

138 253 339 326 βουλαὶ
370 251 431 308 δὲ
465 256 709 325 ἰατρικῆς
739 255 829 309 καὶ
861 257 927 308 τὰ
957 264 1021 326 τῇ
1056 258 1248 327 γαστρὶ
1287 258 1660 328 συμφέροντα,
1699 260 1826 314 ὥστ’

137 341 282 398 εἶναι
314 343 523 412 γέλωτα
546 353 663 406 τοῖς
687 344 859 413 ὁρῶσι
888 346 984 408 τὰς
1008 347 1113 415 πρὸ
1145 355 1245 399 τοῦ
1279 348 1505 416 ζεύγους
1535 350 1831 415 λαμπάδας.

254 433 335 486 11.
364 431 481 486 ”En
519 434 732 501 τοίνυν,
773 429 814 485 ὦ
854 436 1100 502 βασιλεῦ,
1139 436 1479 504 παραλαβὼν
1515 438 1614 490 τὸν
1653 439 1831 507 δῆμον

136 522 339 576 ἑαυτὸν
384 520 663 590 ἐγνωκότα
708 523 786 585 εἰς
822 523 885 575 τὸ
933 524 1004 591 μὴ
1058 525 1387 591 γιγνώσκειν
1427 525 1626 580 ἑαυτὸν
1663 530 1830 597 προή-

137 629 271 679 γαγε
326 609 550 674 διδάξας
602 609 790 679 αὐτόν,
845 611 919 674 ὡς
972 611 1111 680 μέγα
1148 632 1199 665 τι
1249 619 1322 686 τῷ
1372 615 1597 683 ἄρχοντι
1643 616 1704 668 τὸ
1746 620 1829 669 λε-
1877 638 1896 670 5

136 701 348 769 χθῆναί
382 720 433 752 τι
472 697 601 768 παρ’
632 697 859 753 ἐκείνων
898 701 977 763 εἰς
1017 700 1188 754 αὐτὸν
1227 702 1493 771 εὔφημον.
1557 704 1728 771 δῆμος
1767 704 1828 758 δὲ

132 790 410 856 πεισθείς,
465 788 540 858 ὡς
578 789 732 857 ἄρχει
771 797 870 842 τοῦ
919 789 1185 858 ἄρχοντος
1234 789 1324 843 καὶ
1371 789 1467 859 ὑφ’
1500 785 1543 864 ᾧ
1583 790 1829 845 τέτακται

133 883 210 949 τῷ
235 879 404 948 νόμῳ,
442 884 644 930 τοῦτον
677 878 684 946 Ι
720 876 773 941 ἐξ
806 877 1019 947 ὕβρεως
1057 878 1152 946 ὑφ’
1186 878 1332 951 αὑτῷ
1362 882 1669 949 πεποίηται,
1709 893 1916 938 RH246

132 967 312 1018 πολλὰ
349 975 522 1019 κινῶν
559 975 671 1019 τῶν
709 968 1130 1034 καθεστηκότων
1169 967 1402 1037 ἄρχεται.

251 1054 332 1106 12.
380 1052 472 1118 Ὡς
512 1051 572 1107 δὲ
611 1063 777 1108 τοῦτο
817 1058 1074 1109 τοιοῦτόν
1112 1055 1244 1125 ἐστι,
1283 1057 1485 1126 μάθοις
1525 1059 1610 1126 ἄν,
1650 1055 1692 1111 ὦ
1732 1061 1827 1127 βα-
1852 1077 1895 1109 10

131 1146 314 1211 σιλεῦ,
362 1143 582 1214 ῥᾳδίως.
647 1128 721 1197 1εἶν
767 1150 842 1216 τῷ
882 1144 1101 1217 θεάτρῳ
1147 1144 1278 1198 ποτὲ
1318 1147 1539 1214 συμβὰν
1578 1143 1734 1215 οἶμαί
1775 1168 1826 1201 τι

132 1233 232 1286 τὸν
294 1233 470 1302 δῆμον
532 1234 762 1302 ἄφωνον
824 1231 1065 1287 ἐκάθισε.
1156 1232 1318 1286 τοῦθ’
1356 1229 1518 1298 οὗτος
1586 1236 1824 1304 ἡγήσατο

130 1322 433 1391 συμφορὰν
471 1322 658 1384 ἄλλοις
692 1341 750 1375 τε
780 1325 1007 1385 πολλοῖς
1037 1330 1202 1375 τοῦτο
1235 1324 1420 1390 δηλῶν
1458 1324 1548 1377 καὶ
1579 1332 1643 1394 τῇ
1676 1326 1825 1395 χρόᾳ.

132 1410 248 1462 «ἔδει
289 1406 350 1462 δὲ
389 1411 579 1479 αὐτόν,
620 1412 692 1474 ὡς
730 1413 927 1478 ἔοικεν,
968 1411 1306 1480 ὁμολογῆσαι
1346 1413 1435 1464 καὶ
1467 1420 1532 1482 τῇ
1566 1421 1723 1482 φωνῇ
1763 1414 1824 1466 τὸ

129 1499 339 1567 πάθος,
393 1501 515 1568 καί,
552 1500 917 1567 προῦπεμπον
955 1500 1060 1569 γὰρ
1102 1500 1274 1553 αὐτόν
1311 1520 1456 1563 τινες
1495 1500 1562 1553 οὐ
1601 1503 1824 1564 πλείους
1848 1520 1890 1553 1⁵

133 1587 450 1657 ἀνθρώπων
488 1593 714 1657 εἴκοσιν,
755 1587 841 1658 ἐφ’
874 1588 1025 1651 ὅσοις
1065 1590 1134 1641 ἄν
1179 1609 1263 1651 τις
1308 1587 1588 1660 ᾐσχύνθη,
1636 1592 1823 1658 λεγόν-

129 1696 243 1730 των
282 1673 386 1730 οὗν
423 1697 548 1730 τινα
586 1687 699 1730 τῶν
738 1678 1041 1745 εἰωθότων,
1082 1677 1115 1730 ἃ
1146 1687 1257 1731 τῶν
1296 1676 1578 1747 ἀρχόντων
1609 1679 1661 1731 οἱ
1700 1680 1823 1746 βελ-

130 1769 285 1829 τίους
323 1768 546 1834 ἔπαυον,
591 1768 941 1834 καταβαίνων
987 1765 1015 1818 ὁ
1054 1766 1365 1832 θαυμάσιος
1410 1765 1516 1819 άπὸ
1562 1774 1661 1819 τοῦ
1710 1767 1823 1831 ζεύ-

131 1873 265 1921 γους
341 1857 668 1923 Τισαμενός,
742 1857 838 1917 τίς
905 1854 1085 1923 ὑμῖν,
1155 1852 1288 1923 ἔφη,
1357 1855 1468 1918 τὰς
1536 1856 1822 1924 γλώττας

130 1941 487 2009 ἀπέδωκεν;
538 1944 617 2007 ὡς
656 1944 773 1997 οὐκ
810 1940 975 2012 ἦσάν
1014 1962 1083 2011 γε
1123 1943 1278 2012 ὑμῖν
1318 1942 1386 1996 ἐν
1424 1949 1505 2015 τῷ
1550 1945 1819 2015 θεάτρῳ.
1844 1963 1887 1996 20

130 2033 405 2095 τοιούτοις
457 2032 628 2086 αὑτὸν
676 2032 915 2103 ῥήμασιν
968 2030 1188 2101 ἐποίησε
1243 2033 1504 2085 ταπεινὸν
1556 2034 1818 2100 μηνύσας,

129 2119 206 2183 ὡς
242 2121 304 2173 τὸ
343 2121 445 2188 μὲν
486 2124 696 2190 ζημίαν,
735 2121 796 2174 τὸ
838 2117 899 2173 δὲ
938 2121 1126 2189 ἡγοῖτο
1166 2119 1374 2189 κέρδος.

252 2257 274 2295 1
309 2250 422 2297 ὥστε
463 2253 532 2297 Va
563 2252 654 2295 edd
775 2256 802 2294 4
841 2251 1086 2308 γινώσκειν
1120 2251 1237 2295 CIV
1363 2255 1389 2293 6
1422 2250 1564 2294 αὐτὸν
1597 2250 1760 2306 scripsi
1793 2264 1817 2293 e

141 2310 185 2353 V
253 2311 421 2356 ἑαυτὸν
450 2311 621 2367 reliqui
652 2310 760 2354 libri
793 2310 884 2354 edd
1064 2315 1089 2353 6
1130 2313 1274 2365 δῆμος
1303 2335 1362 2341 --
1394 2314 1419 2352 9
1468 2309 1654 2380 ἄρχεται
1686 2323 1817 2365 prae-

130 2369 286 2414 missis
324 2370 474 2414 vorbis
526 2374 621 2414 Τοῦ
652 2370 771 2425 πρὸς
802 2367 992 2428 βασιλέα
1022 2368 1143 2412 κατὰ
1194 2372 1464 2425 Τισαμενοῦ.
1498 2371 1590 2426 λογ.
1626 2370 1670 2411 ῑδ
1703 2369 1817 2411 οἰῐαῢ
1897 2370 1902 2374 “

131 2427 288 2473 Macar
317 2429 397 2474 fol.
424 2434 479 2473 90
508 2431 514 2486 Ι
542 2430 593 2474 δὲ
626 2444 701 2473 om
726 2428 885 2472 Macar
1034 2433 1054 2471 Ἰ
1092 2427 1222 2484 ἄρχει
1254 2428 1419 2483 scripsi
1451 2441 1475 2471 e
1510 2428 1552 2471 V
1577 2442 1681 2471 cum
1715 2427 1817 2469 Sin-

128 2488 227 2530 teni
287 2488 423 2546 ἄρχοι
452 2488 623 2544 reliqui
653 2487 763 2531 libri
795 2487 953 2530 Macar
983 2487 1074 2530 edd
1202 2492 1227 2530 8
1260 2485 1405 2544 νόμω]
1440 2486 1629 2543 ἄρχοντι
1661 2485 1818 2529 Macar

136 2546 141 2603 Ι
176 2543 254 2602 ἐφ’
282 2547 441 2592 Macar
466 2548 473 2606 Ι
501 2547 650 2607 ἑαυτῷ
681 2547 749 2590 Re
871 2550 896 2589 9
929 2546 1008 2589 καὶ
1040 2547 1147 2589 ante
1178 2545 1324 2589 πολλὰ
1354 2533 1479 2588 inser
1509 2545 1773 2589 Mounerius

130 2603 319 2663 ἄρχεται
357 2607 523 2663 scripsi
554 2621 658 2651 cum
691 2605 872 2650 Sinteni
911 2607 958 2648 ot
989 2604 1161 2649 Cobeto
1194 2603 1295 2648 Con
1321 2608 1418 2648 130.
1451 2603 1566 2647 Misc
1587 2609 1667 2647 141
1743 2606 1815 2658 ἔρ-

129 2679 258 2720 χεται
287 2665 397 2709 libri
429 2665 588 2710 Macar
610 2666 701 2709 edd
763 2669 876 2720 „aut
905 2662 1110 2718 κινήσων
1143 2664 1221 2721 Iey.
1255 2668 1318 2707 est
1349 2668 1431 2707 aut
1462 2664 1512 2706 in
1544 2662 1723 2720 ἔρχεται
1753 2667 1816 2706 est

131 2723 320 2767 vitium“
350 2724 419 2768 Re
571 2729 625 2768 13
686 2727 792 2785 ροιᾷ
826 2724 870 2767 V
934 2723 1062 2783 χώρᾳ
1094 2722 1195 2765 Μοι·
1225 2722 1350 2778 quod
1383 2721 1579 2765 correxit
1611 2721 1813 2764 Koenius

129 2779 265 2839 Greg.
284 2782 382 2827 Cor.
406 2798 451 2840 p.
466 2788 551 2826 221
577 2784 647 2827 ed.
698 2782 884 2827 chaefer
1005 2788 1058 2825 14
1091 2780 1372 2838 ὁμολογῆσαι
1402 2781 1450 2823 in
1475 2795 1607 2837 marg
1630 2780 1753 2823 inser
1770 2782 1814 2824 A

192 2845 246 2885 18
277 2842 371 2887 ἀπὸ
403 2856 479 2886 om
502 2842 604 2886 Mor
723 2846 780 2885 20
812 2840 923 2897 ἡμῖν
947 2840 1016 2883 Va
1039 2840 1141 2883 Mor
1259 2845 1313 2882 21
1349 2840 1492 2883 αὑτοῦ
1527 2840 1596 2895 V!
1623 2839 1702 2882 καὶ
1730 2855 1813 2895 μη-

130 2927 273 2980 νύσας
303 2931 337 2974 I
450 2935 505 2973 22
538 2917 716 2988 ἡγεῒτῧίι
748 2932 791 2975 V
