1992 3094
342 111 569 156 LIBANII
601 111 1063 156 CONSOLATORIA
1095 111 1176 156 AD
1210 110 1575 155 ANTIOCHUM
1704 111 1809 163 267

122 269 206 317 γε,
268 249 316 300 εἰ
363 249 436 316 μὴ
483 245 575 299 καὶ
630 250 856 315 μᾶλλον.
936 249 983 300 2.
1039 246 1146 316 ἐγὼ
1197 249 1392 300 τοίνυν
1444 244 1503 299 σὲ
1554 247 1812 314 κατιδών,

121 338 375 405 Ἀντίοχε,
416 337 560 405 λύπῃ
600 337 805 405 μεγάλῃ
838 335 1272 404 κατειλημμένον
1309 337 1401 388 καὶ
1439 339 1627 407 πολλῷ
1659 338 1812 407 πόνῳ

120 425 416 494 κατέχοντα
463 425 669 478 σαυτὸν
715 425 775 477 τὸ
824 426 896 493 μὴ
946 426 1208 492 δακρύειν
1254 426 1346 477 διὰ
1391 425 1453 477 τὸ
1494 424 1813 493 Μιξίδημον

118 521 194 587 τῷ
228 515 369 567 δεῖνι
409 514 510 582 μὲν
550 513 863 584 διδασκάλῳ
897 522 1218 583 συμμαχεῖν,
1258 522 1375 576 τοῖς
1406 522 1524 576 σοῖς
1561 510 1621 566 δὲ
1655 512 1812 566 ἐναν-

120 608 406 670 τιοῦσθαι,
456 603 689 669 ταυτηνί
726 615 814 654 σοι
854 603 1134 671 προσοίσω
1173 603 1276 670 τὴν
1312 605 1694 671 παραμυθίαν,
1742 605 1813 671 ἤν
1859 624 1878 657 5

119 711 233 755 πως
272 693 378 760 ἄρα
416 695 671 760 πεισθῇς,
712 691 795 743 ὅτι
836 691 926 743 σοὶ
963 690 1067 758 μὲν
1100 691 1162 743 τὸ
1195 693 1559 759 πολεμεῖσθαι
1598 691 1809 760 κέρδος,

120 781 308 852 ἐκείνῳ
349 780 411 833 δὲ
448 780 482 848 ἡ
522 781 801 848 συμμαχία
841 781 1012 848 ζημία.

229 869 278 922 3.
335 872 437 931 ’Τίς
484 864 589 922 οὖν
634 878 746 921 τῶν
793 868 1052 921 ἁπάντων
1100 870 1201 922 οὐκ
1250 866 1419 937 οἶδεν,
1470 869 1555 922 ὅτι
1601 870 1662 922 τὸ
1710 870 1812 938 μὲν

119 957 369 1024 ἀγαθοὺς
408 959 608 1026 φίλους
642 955 649 1028 Ι
684 959 831 1026 ἔχειν
861 957 1080 1025 ἀγαθὸν
1110 967 1226 1021 τοῖς
1265 960 1469 1027 ἔχουσι,
1508 960 1569 1011 τὸ
1603 955 1664 1011 δὲ
1694 970 1901 1015 RH354

118 1048 396 1115 πονηροὺς
435 1047 627 1111 κακόν;
677 1047 870 1099 ἱκανὸν
916 1047 1020 1114 γὰρ
1061 1048 1140 1109 εἰς
1177 1045 1462 1110 ἀπόδειξιν
1507 1054 1671 1101 τοῦτο
1711 1055 1810 1101 τοῦ
1836 1069 1879 1102 10

116 1136 289 1188 κακὸν
351 1128 493 1188 εἶναι
551 1128 652 1188 τὸν
704 1137 913 1205 ἔχοντα.
992 1136 1188 1188 αὐτίκα
1242 1137 1295 1189 οἱ
1348 1145 1466 1199 τοῖς
1519 1136 1812 1206 ὀρχησταῖς

117 1221 423 1295 ὑπᾴδοντες
462 1219 618 1277 οὗτοι
669 1225 801 1290 μετὰ
848 1233 1130 1292 γυναικῶν
1177 1225 1246 1294 δή
1291 1245 1463 1278 τινων
1508 1222 1677 1278 οὐδὲν
1716 1225 1812 1278 αὐ-

116 1321 230 1366 τῶν
278 1311 508 1366 ἐκείνων
556 1322 668 1366 τῶν
714 1322 997 1380 γυναικῶν
1048 1313 1406 1383 διαφέροντες
1458 1314 1656 1382 ἥδιστα
1709 1311 1811 1380 μὲν

117 1400 188 1454 ἂν
235 1400 324 1454 σοὶ
378 1405 533 1470 φίλοι
587 1400 679 1454 καὶ
731 1394 844 1455 εἶεν
896 1402 987 1454 καὶ
1035 1403 1256 1455 δοκοῖεν
1308 1401 1398 1455 καὶ
1445 1411 1667 1456 συνεῖεν
1718 1401 1810 1456 καὶ

118 1499 435 1544 συσσιτοῖεν
472 1489 562 1544 καὶ
607 1490 1024 1560 παραπέμποιεν
1063 1490 1189 1543 ὅποι
1228 1491 1360 1544 ποτὲ
1401 1496 1522 1558 ἴοις,
1563 1490 1700 1545 ἀλλὰ
1739 1492 1810 1544 σύ
1836 1512 1877 1546 15

116 1598 179 1647 γε
223 1586 387 1633 τοῦτο
440 1579 532 1632 καὶ
579 1580 782 1648 φύγοις
828 1577 898 1632 ἂν
950 1578 1041 1632 καὶ
1089 1582 1397 1648 φοβηθείης
1449 1578 1540 1632 καὶ
1588 1579 1712 1633 οὐδ’
1741 1579 1811 1633 ἂν

116 1669 248 1734 μετὰ
287 1671 504 1738 μυρίων
543 1666 724 1731 δέξαιο
764 1669 1063 1721 ταλάντων.
1139 1669 1188 1720 4.
1229 1669 1320 1721 καὶ
1358 1677 1466 1722 νῦν
1504 1671 1701 1723 τοίνυν
1737 1671 1809 1738 μὴ

115 1763 280 1809 τοῦτο
335 1759 527 1810 σκόπει
581 1759 774 1826 μόνον,
837 1757 921 1810 ὅτι
983 1758 1048 1810 τὰ
1103 1764 1202 1810 τοῦ
1258 1758 1442 1820 δεῖνος
1496 1756 1811 1827 Μιξίδημος

117 1843 313 1915 ᾕρηται
367 1845 492 1915 μηδ’
536 1846 620 1899 ὅτι
674 1847 882 1909 πολλὰς
935 1849 1111 1908 οἰκίας
1166 1845 1338 1899 ἐπιὼν
1390 1849 1538 1915 παρὰ
1591 1847 1811 1915 γυναιξὶ

116 1936 308 2003 χήραις
362 1935 579 2003 εὐλογεῖ
631 1936 730 1988 τὸν
785 1936 1108 2005 ἄνθρωπον,
1171 1934 1310 1987 ἀλλὰ
1362 1934 1454 1988 καὶ
1507 1939 1590 1999 τίς
1645 1937 1725 1989 ὢν
1779 1937 1807 1990 ὁ
1835 1957 1878 1989 20

116 2021 430 2092 Μιξίδημος
489 2032 660 2077 ταῦτα
721 2032 880 2077 ποιεῖ.
958 2023 1101 2076 οὕτω
1164 2025 1269 2093 γὰρ
1325 2023 1395 2077 ἂν
1449 2023 1632 2088 εὔξαιο
1695 2033 1811 2088 τοῖς

117 2116 276 2174 θεοῖς
329 2112 419 2165 καὶ
467 2112 834 2183 προστνθέναι
886 2121 1002 2175 τοῖς
1056 2119 1164 2165 νῦν
1217 2112 1390 2165 αὐτὸν
1442 2114 1532 2166 καὶ
1585 2117 1811 2178 πλείους

117 2199 206 2252 καὶ
238 2202 453 2268 μείζους
483 2199 608 2269 περὶ
640 2200 856 2255 ἐκείνου
888 2207 1174 2254 ποιεῖσθαι
1206 2204 1336 2264 τοὺς
1367 2200 1642 2266 ἐπαίνους.
1697 2203 1808 2273 ὁρῶ

118 2288 177 2340 δὲ
225 2288 358 2342 οὐδὲ
404 2290 573 2343 αὐτὸν
618 2288 835 2343 ἐκεῖνον
887 2290 1034 2342 πάνυ
1089 2310 1139 2342 τι
1189 2293 1452 2358 χαίροντα
1501 2299 1616 2354 τοῖς
1661 2294 1809 2360 παρὰ

236 2468 262 2506 3
294 2463 413 2508 Plat.
438 2464 611 2509 Phaed.
638 2479 682 2521 p.
704 2469 786 2508 117
806 2463 841 2508 C

236 2630 263 2670 3
296 2627 514 2682 δακρύων
546 2629 581 2672 I
595 2627 730 2683 Bong
910 2632 936 2671 5
967 2625 1162 2683 ταυτηνί
1193 2628 1360 2684 scripsi
1393 2642 1419 2672 e
1452 2629 1495 2672 V
1559 2626 1693 2672 ταυτί
1727 2629 1806 2674 CA

118 2685 200 2728 sod
229 2684 279 2728 in
309 2686 398 2730 hoo
428 2686 478 2729 in
508 2685 683 2742 ταύτην
716 2700 818 2730 corr
848 2699 1015 2730 και-θα.
1108 2686 1281 2743 ταύτην
1314 2687 1482 2743 reliqui
1514 2687 1624 2730 libri
1657 2688 1748 2731 odd

118 2747 145 2786 8
168 2743 220 2787 τὸ
244 2744 329 2801 μὲν
346 2771 402 2778 -
420 2749 474 2789 11
501 2744 667 2803 ἔχοντα
691 2745 810 2789 citat:
832 2744 992 2788 Macar
1014 2744 1043 2787 l.
1061 2745 1090 2789 1.
1116 2746 1372 2802 praemisso
1396 2745 1536 2789 titulo
1562 2748 1624 2803 (p.
1644 2751 1744 2800 266,
1765 2750 1807 2803 1)

180 2807 233 2845 12
267 2805 453 2858 „malim
485 2801 649 2848 αὐτοϋ*
680 2804 749 2847 Re
914 2809 967 2846 13
999 2801 1179 2860 ἥδιστοι
1210 2806 1320 2849 ΡαΙ
1345 2805 1478 2862 Bong
1644 2811 1696 2848 14
1729 2807 1808 2850 καὶ

119 2868 301 2907 συνεῖεν
333 2876 409 2906 om
439 2862 574 2919 Bong
711 2867 764 2906 16
797 2878 847 2919 γε
879 2862 958 2906 καὶ
989 2869 1123 2907 τοῦτο
1156 2865 1230 2908 Ρα
1377 2869 1428 2908 19
1462 2863 1642 2919 αἴρεται
1675 2864 1808 2923 Bong

179 2925 232 2962 22
265 2921 391 2981 αὐτῷ
424 2922 468 2966 V
574 2926 630 2965 24
662 2938 733 2966 τοι
766 2921 806 2964 V
