1992 3094
214 103 292 147 LX
753 100 1096 146 PRAEFATIO
1130 99 1367 144 CRITICA

217 244 445 291 similiter
469 242 635 291 crebro
669 258 699 289 a
721 242 932 290 Libanio
965 240 1243 288 adhibitum
1275 242 1364 302 est,
1387 240 1527 289 velut
1549 239 1679 287 1111
1696 240 1901 302 409‚12
1982 264 1985 267 ·

214 316 268 366 τὸ
309 314 360 364 δὲ
401 318 557 379 ζητεῖν
595 315 872 380 προστάτην
912 314 971 363 οὐ
1011 313 1165 378 μόνον
1211 312 1410 363 ἐκείνων
1449 311 1547 362 ἐστὶ
1593 320 1691 360 τῶν
1737 311 1905 379 ἀγρῶν

217 391 266 438 οἳ
301 393 493 438 πολλῶν
533 389 624 438 εἰσι
663 392 759 437 κτλ.

326 481 372 525 p.
413 465 582 525 434,1
625 458 868 511 ’Έδεσσαν
916 462 1047 524 quod
1092 462 1289 524 reposui
1335 477 1426 523 pro
1462 456 1678 524 ’Έμεσαν
1724 462 1827 508 iam
1872 476 1906 509 a,

217 536 516 585 Gothofredo
550 536 665 585 cod.
692 536 872 584 Theod.
897 536 1016 583 XVI
1044 537 1166 597 10,8
1200 539 1317 583 tom.
1342 535 1415 581 VI
1445 551 1492 595 p.
1520 537 1627 583 270
1661 537 1902 583 coniecta-

218 615 323 658 tum
364 626 467 658 esse
506 626 612 659 sero
651 611 768 659 vidi.
848 609 918 658 Of.
950 627 996 671 p.
1021 609 1188 656 LVIII
1227 609 1290 656 ad
1329 625 1375 670 p.
1403 610 1582 669 407‚1.

325 702 371 746 p.
406 685 527 746 436,
549 686 614 732 22
664 683 736 732 ὅτι
783 681 910 748 ἀνὴρ
956 682 1004 741 ἐξ
1053 680 1286 747 ὀρνίθων.
1365 681 1505 738 Quod
1542 682 1906 730 Herwerdenus

216 759 307 806 hoc
357 759 464 806 loco
516 760 566 805 et
614 775 662 820 p.
695 760 817 818 455,
839 760 906 806 10
954 755 1080 823 ἀνὴρ
1111 783 1185 790 —-
1217 755 1450 821 ἐλέγχεται
1502 757 1711 804 coniecit
1760 752 1908 820 ἀνὴρ,

216 833 542 880 necessarium
581 848 679 879 non
718 834 805 879 est.

327 923 373 967 p.
400 906 565 965 438‚4
598 904 651 954 ἐν
691 899 766 963 οἷς
805 903 987 953 ἔνεστιν
1023 901 1143 970 ὁρᾶν
1175 903 1466 967 λάμπουσαν
1497 907 1561 971 τῷ
1595 904 1790 968 βασιλεῖ
1811 901 1907 967 τὴν

221 979 391 1043 φύσιν,
431 978 546 1027 ὅταν
585 977 884 1043 ἀπολογῆται
923 975 1010 1069 μὲν
1042 977 1094 1026 ἐκ
1128 985 1214 1042 τῆς
1244 985 1342 1026 τῶν
1373 975 1682 1041 ἠδικηκότων
1713 977 1907 1041 κακίας,

217 1052 383 1121 φάσκῃ
423 1050 475 1101 δὲ
514 1051 666 1101 αὑτοῦ
705 1051 795 1115 τὴν
827 1049 979 1117 ὀργὴν
1011 1049 1265 1116 ἀλλοτρίαν
1297 1069 1345 1100 τε
1377 1046 1503 1099 εἶναι
1533 1049 1616 1099 καὶ
1649 1049 1730 1100 δια
1761 1057 1903 1099 τοῦτο

217 1124 393 1191 ταχέως
435 1126 716 1190 μεταπηδᾶν
756 1124 834 1174 ἐπὶ
873 1124 931 1173 τὰ
968 1124 1210 1192 πραότερα
1241 1123 1323 1174 καὶ
1361 1124 1537 1174 τούτου
1569 1125 1717 1174 πλείω
1757 1123 1907 1190 λόγον

217 1199 339 1264 ε’χειν
389 1197 420 1263 ἣ
471 1207 557 1248 τοῦ
607 1200 842 1264 τιμωρίαν
893 1199 1173 1264 λαμβάνειν.
1262 1199 1621 1248 Herwerdenus
1674 1199 1903 1247 adnotat:

219 1273 303 1329 „Si
342 1275 486 1321 verba
524 1289 663 1329 sana,
702 1275 917 1335 intelleye
948 1289 1071 1334 quae
1101 1275 1271 1322 addita
1302 1275 1471 1322 malim
1511 1272 1627 1321 ὅταν
1658 1271 1903 1338 ἀπολογῆ-

216 1366 292 1395 ται
332 1344 419 1410 μὲν
457 1344 601 1412 ὑπὲρ
645 1346 783 1411 όλης
822 1354 922 1411 τῆς
961 1347 1183 1406 πόλεως
1222 1346 1275 1396 ἐκ
1313 1354 1399 1411 τῆς
1437 1350 1568 1395 κτλ.“
1643 1347 1714 1395 At
1751 1347 1907 1396 verba

217 1418 337 1486 ὑπὲρ
379 1420 494 1483 ὅλης
533 1428 619 1484 τῆς
657 1421 843 1479 πόλεως
881 1422 1020 1468 nulla
1064 1418 1257 1469 ratione
1297 1421 1522 1484 intellegi
1558 1437 1701 1483 posse
1741 1423 1905 1482 patet3

218 1495 300 1543 sed
341 1495 535 1542 etiamsi
572 1497 879 1555 inseruntur,
927 1495 1092 1542 sensui
1129 1496 1331 1543 minime
1370 1495 1696 1543 satisfaciunt.
1773 1495 1905 1542 Nam

219 1568 415 1630 quando
456 1568 757 1616 Theodosius
804 1565 926 1632 ὑπὲρ
975 1568 1092 1632 ὅλης
1130 1575 1217 1632 τῆς
1254 1567 1439 1626 πόλεως
1478 1567 1809 1634 ἀπελογήσατο
1849 1566 1902 1617 ἐκ

217 1649 302 1704 τῆς
341 1649 437 1689 τῶν
475 1639 782 1705 ἠδικηκότων
830 1641 1036 1700 κακίαςῬ
1084 1642 1280 1704 quando
1329 1645 1526 1690 omnino
1574 1640 1627 1690 ἐκ
1673 1649 1760 1706 τῆς
1805 1649 1906 1690 τῶν

218 1712 524 1778 ἠδικηκότων
555 1714 759 1774 κακίαςῬ
829 1716 935 1779 Ego
967 1717 1281 1780 negationem
1321 1715 1427 1777 οῦκ,
1467 1732 1591 1778 quae
1631 1719 1747 1778 post
1785 1715 1906 1765 ὅταν

218 1789 367 1836 etiam
406 1789 526 1836 alibi
567 1789 702 1837 velut
739 1793 774 1836 t.
806 1789 883 1836 III
919 1791 1065 1852 13‚4;
1108 1791 1271 1851 328,5
1311 1791 1536 1850 occurrit,
1577 1793 1691 1837 ante
1731 1789 1784 1838 ἐκ
1823 1806 1904 1838 ex-

219 1862 390 1910 cidisse
429 1865 564 1923 puto.

934 1995 1022 2044 Or.
1062 1997 1192 2044 XXI.

330 2083 554 2144 p.459,4
580 2078 683 2130 ἀλλ’
698 2082 828 2146 ὅμως
852 2083 988 2132 ἐνίκα
1012 2082 1069 2132 τὰ
1093 2083 1350 2147 νικώμενα.
1389 2084 1553 2132 Verba
1577 2083 1635 2132 τὰ
1657 2084 1907 2148 νικώμενοι

219 2157 271 2202 111
303 2154 359 2203 τὰ
390 2154 716 2220 προειρημένα
747 2158 985 2205 mutanda
1009 2159 1089 2206 vel
1119 2160 1177 2205 ut
1209 2158 1448 2206 emblema
1478 2159 1684 2206 delenda
1714 2159 1908 2206 censuit

218 2229 591 2277 Herwerdenus.
663 2230 733 2277 At
772 2233 882 2292 quis
921 2233 971 2278 in
1010 2232 1104 2278 tali
1141 2232 1248 2280 loco
1287 2231 1486 2280 Libanii
1525 2233 1650 2280 feret
1687 2230 1745 2280 τὰ
1783 2249 1903 2297 προ-

220 2300 484 2366 ειρημέναῗ
560 2302 678 2359 Quis
721 2305 823 2351 tale
871 2305 1112 2352 emblema
1152 2306 1381 2353 exsistere
1420 2309 1638 2368 potuisse
1677 2303 1908 2354 evincet?

219 2375 323 2423 Nec
368 2377 528 2439 magis
573 2377 827 2438 probanda
873 2378 1019 2426 lectio
1068 2395 1213 2439 quam
1262 2379 1496 2427 Polakius
1541 2380 1800 2442 proposuit
1845 2376 1905 2426 τὰ

219 2447 495 2511 ἕνιζόμενα,
551 2450 776 2516 καθάπερ
824 2445 889 2498 δι’
934 2449 1098 2516 ἀέρος,
1155 2446 1262 2500 οὐδ’
1305 2451 1616 2516 ἐφαπτόμενα
1665 2461 1751 2516 τῆς
1795 2458 1904 2517 γῆς,

219 2522 538 2586 πορευόμενα.
615 2524 743 2571 Nam
795 2525 1036 2586 quomodo
1087 2529 1252 2587 potest
1300 2524 1357 2573 τὰ
1407 2525 1656 2589 ἐνιζόμενα
1707 2542 1902 2574 currum

222 2595 513 2659 significare,
553 2597 795 2657 quomodo
829 2593 893 2645 δι’
923 2596 1062 2662 ἀέρος
1095 2603 1144 2646 et
1176 2599 1479 2662 πορευόμενα
1510 2602 1707 2648 insertis
1738 2599 1902 2648 verbis

222 2663 329 2716 οὐδ’
366 2667 676 2732 ἐφαπτόμενα
714 2678 800 2733 τῆς
838 2677 927 2735 γῆς
967 2671 1166 2718 dirimi?
1241 2673 1392 2720 Nullo
1431 2676 1578 2734 pacto
1616 2675 1763 2721 licere
1803 2673 1902 2720 dic-

219 2744 404 2790 tionem
456 2746 683 2805 argutam
733 2742 868 2792 ἐνίκα
919 2743 975 2792 τὰ
1025 2744 1267 2808 νικώμενα
1317 2745 1525 2794 Libanio
1581 2747 1772 2794 demere
1821 2746 1902 2795 vel
1991 2751 1992 2758 ’

220 2815 469 2864 destruere
516 2816 638 2863 mihi
678 2821 808 2865 certo
849 2818 1028 2866 certius
1069 2821 1164 2880 est,
1211 2835 1511 2880 quamquam
1559 2836 1667 2867 eam
1712 2820 1774 2867 ab
1813 2819 1900 2867 illo

219 2890 494 2950 inventam,
540 2906 638 2937 non
685 2895 937 2952 acceptam
984 2892 1273 2940 contendere
1320 2894 1448 2940 nolo.
1527 2893 1706 2941 Currus
1751 2893 1899 2956 signi-
