<?xml version="1.0" encoding="UTF-8"?>
<!DOCTYPE html PUBLIC "-//W3C//DTD XHTML 1.0 Transitional//EN"
    "http://www.w3.org/TR/xhtml1/DTD/xhtml1-transitional.dtd">
<html xmlns="http://www.w3.org/1999/xhtml" xml:lang="en" lang="en">
 <head>
  <title>
</title>
<meta http-equiv="Content-Type" content="text/html;charset=utf-8" />
  <meta name='ocr-system' content='tesseract 3.04.00' />
  <meta name='ocr-capabilities' content='ocr_page ocr_carea ocr_par ocr_line ocrx_word'/>
</head>
<body>
  <div class='ocr_page' id='page_1' title='image "./operarecensuitri03libauoft_0324.png"; bbox 0 0 1992 3094; ppageno 0'>
   <div class='ocr_carea' id='block_1_1' title="bbox 213 90 1449 143">
    <p class='ocr_par' dir='ltr' id='par_1_1' title="bbox 213 90 1449 143">
     <span class='ocr_line' id='line_1_1' title="bbox 213 90 1449 143; baseline -0.007 0"><span class='ocrx_word' id='word_1_1' title='bbox 213 92 322 143; x_wconf 75' lang='grc'><strong><em>254</em></strong></span> <span class='ocrx_word' id='word_1_2' title='bbox 695 91 923 134; x_wconf 89' lang='lat' dir='ltr'><strong>LIBANII</strong></span> <span class='ocrx_word' id='word_1_3' title='bbox 955 90 1181 135; x_wconf 87' lang='lat' dir='ltr'><strong>ORATIO</strong></span> <span class='ocrx_word' id='word_1_4' title='bbox 1215 91 1449 135; x_wconf 85' lang='lat' dir='ltr'><strong>XXXVIII</strong></span> 
     </span>
    </p>
   </div>
   <div class='ocr_carea' id='block_1_2' title="bbox 118 226 1975 2155">
    <p class='ocr_par' dir='ltr' id='par_1_2' title="bbox 118 226 1975 2155">
     <span class='ocr_line' id='line_1_2' title="bbox 212 226 1904 296; baseline 0 -16"><span class='ocrx_word' id='word_1_5' title='bbox 212 235 312 280; x_wconf 86' lang='grc' dir='ltr'><strong><em>τοῦ</em></strong></span> <span class='ocrx_word' id='word_1_6' title='bbox 351 228 474 294; x_wconf 83' lang='grc' dir='ltr'><strong><em>περὶ</em></strong></span> <span class='ocrx_word' id='word_1_7' title='bbox 522 234 617 294; x_wconf 84' lang='grc' dir='ltr'><strong><em>τῆς</em></strong></span> <span class='ocrx_word' id='word_1_8' title='bbox 664 235 954 295; x_wconf 83' lang='grc' dir='ltr'><strong><em>συμφορᾶς</em></strong></span> <span class='ocrx_word' id='word_1_9' title='bbox 1003 226 1063 279; x_wconf 84' lang='grc' dir='ltr'><strong><em>ἐν</em></strong></span> <span class='ocrx_word' id='word_1_10' title='bbox 1111 226 1292 296; x_wconf 77' lang='grc' dir='ltr'><strong><em>ἁπάσῃ</em></strong></span> <span class='ocrx_word' id='word_1_11' title='bbox 1346 228 1502 279; x_wconf 90' lang='grc' dir='ltr'><strong><em>πόλει</em></strong></span> <span class='ocrx_word' id='word_1_12' title='bbox 1548 229 1904 294; x_wconf 83' lang='grc' dir='ltr'><strong><em>πεποιηκότος</em></strong></span> 
     </span>
     <span class='ocr_line' id='line_1_3' title="bbox 213 310 1904 385; baseline 0.001 -18"><span class='ocrx_word' id='word_1_13' title='bbox 213 316 425 384; x_wconf 78' lang='grc' dir='ltr'><strong><em>δάκρυα</em></strong></span> <span class='ocrx_word' id='word_1_14' title='bbox 486 317 656 384; x_wconf 82' lang='grc' dir='ltr'><strong><em>μόνος</em></strong></span> <span class='ocrx_word' id='word_1_15' title='bbox 717 310 879 377; x_wconf 83' lang='grc' dir='ltr'><strong><em>οὗτος</em></strong></span> <span class='ocrx_word' id='word_1_16' title='bbox 936 324 1229 384; x_wconf 79' lang='grc' dir='ltr'><strong><em>κατασχεῖν</em></strong></span> <span class='ocrx_word' id='word_1_17' title='bbox 1282 315 1450 368; x_wconf 86' lang='grc' dir='ltr'><strong><em>αὑτὸν</em></strong></span> <span class='ocrx_word' id='word_1_18' title='bbox 1501 315 1603 368; x_wconf 85' lang='grc' dir='ltr'><strong><em>οὐκ</em></strong></span> <span class='ocrx_word' id='word_1_19' title='bbox 1657 314 1904 385; x_wconf 70' lang='grc' dir='ltr'><strong><em>ἐδυνήθη</em></strong></span> 
     </span>
     <span class='ocr_line' id='line_1_4' title="bbox 212 401 1905 474; baseline 0.001 -18"><span class='ocrx_word' id='word_1_20' title='bbox 212 401 344 456; x_wconf 74' lang='grc' dir='ltr'><strong><em>οὐδὲ</em></strong></span> <span class='ocrx_word' id='word_1_21' title='bbox 400 405 718 473; x_wconf 75' lang='grc' dir='ltr'><em>συγκρύψαι</em></span> <span class='ocrx_word' id='word_1_22' title='bbox 763 405 865 472; x_wconf 85' lang='grc' dir='ltr'><strong><em>τὴν</em></strong></span> <span class='ocrx_word' id='word_1_23' title='bbox 912 405 1087 474; x_wconf 83' lang='grc' dir='ltr'><strong><em>χαρὰν</em></strong></span> <span class='ocrx_word' id='word_1_24' title='bbox 1138 405 1282 474; x_wconf 80' lang='grc' dir='ltr'><strong><em>λύπῃ</em></strong></span> <span class='ocrx_word' id='word_1_25' title='bbox 1337 403 1712 473; x_wconf 76' lang='grc' dir='ltr'><strong><em>πεπλασμένῃ,</em></strong></span> <span class='ocrx_word' id='word_1_26' title='bbox 1767 404 1905 457; x_wconf 80' lang='grc' dir='ltr'><strong><em>ἀλλὰ</em></strong></span> 
     </span>
     <span class='ocr_line' id='line_1_5' title="bbox 211 490 1904 561; baseline 0.001 -17"><span class='ocrx_word' id='word_1_27' title='bbox 211 491 300 545; x_wconf 88' lang='grc' dir='ltr'><strong><em>καὶ</em></strong></span> <span class='ocrx_word' id='word_1_28' title='bbox 341 491 427 554; x_wconf 87' lang='grc' dir='ltr'><strong><em>δὶς</em></strong></span> <span class='ocrx_word' id='word_1_29' title='bbox 465 493 556 544; x_wconf 85' lang='grc' dir='ltr'><strong><em>καὶ</em></strong></span> <span class='ocrx_word' id='word_1_30' title='bbox 595 490 714 560; x_wconf 87' lang='grc' dir='ltr'><strong><em>τρὶς</em></strong></span> <span class='ocrx_word' id='word_1_31' title='bbox 753 491 1012 561; x_wconf 79' lang='grc' dir='ltr'><strong><em>ἐρόμενος</em></strong></span> <span class='ocrx_word' id='word_1_32' title='bbox 1057 492 1323 560; x_wconf 75' lang='grc' dir='ltr'><strong><em>ἀπιστῶν,</em></strong></span> <span class='ocrx_word' id='word_1_33' title='bbox 1373 494 1419 544; x_wconf 83' lang='grc' dir='ltr'><strong><em>εἰ</em></strong></span> <span class='ocrx_word' id='word_1_34' title='bbox 1466 500 1735 546; x_wconf 89' lang='grc' dir='ltr'><strong><em>τοσοῦτον</em></strong></span> <span class='ocrx_word' id='word_1_35' title='bbox 1774 492 1904 561; x_wconf 79' lang='grc' dir='ltr'><strong><em>ἀγα-</em></strong></span> 
     </span>
     <span class='ocr_line' id='line_1_6' title="bbox 166 578 1903 652; baseline 0.001 -18"><span class='ocrx_word' id='word_1_36' title='bbox 166 602 184 634; x_wconf 87' lang='lat'><strong>5</strong></span> <span class='ocrx_word' id='word_1_37' title='bbox 210 582 319 633; x_wconf 90' lang='grc' dir='ltr'><strong><em>θὸν</em></strong></span> <span class='ocrx_word' id='word_1_38' title='bbox 365 581 513 652; x_wconf 77' lang='grc' dir='ltr'><strong><em>αὑτῷ</em></strong></span> <span class='ocrx_word' id='word_1_39' title='bbox 555 580 864 649; x_wconf 77' lang='grc' dir='ltr'><strong><em>γεγένηται,</em></strong></span> <span class='ocrx_word' id='word_1_40' title='bbox 919 579 1106 649; x_wconf 80' lang='grc' dir='ltr'><strong><em>ἐπειδὴ</em></strong></span> <span class='ocrx_word' id='word_1_41' title='bbox 1154 579 1313 634; x_wconf 85' lang='grc' dir='ltr'><strong><em>τοῦθ’</em></strong></span> <span class='ocrx_word' id='word_1_42' title='bbox 1344 581 1521 643; x_wconf 58' lang='grc' dir='ltr'><strong><em>ὀὕτως</em></strong></span> <span class='ocrx_word' id='word_1_43' title='bbox 1567 578 1713 649; x_wconf 81' lang='grc' dir='ltr'><strong><em>ἔχειν</em></strong></span> <span class='ocrx_word' id='word_1_44' title='bbox 1763 584 1903 648; x_wconf 83' lang='grc' dir='ltr'><strong><em>ἔγνω</em></strong></span> 
     </span>
     <span class='ocr_line' id='line_1_7' title="bbox 210 668 1906 739; baseline 0.002 -17"><span class='ocrx_word' id='word_1_45' title='bbox 210 668 298 722; x_wconf 88' lang='grc' dir='ltr'><strong><em>καὶ</em></strong></span> <span class='ocrx_word' id='word_1_46' title='bbox 340 670 406 722; x_wconf 83' lang='grc' dir='ltr'><strong><em>οὐ</em></strong></span> <span class='ocrx_word' id='word_1_47' title='bbox 446 670 757 732; x_wconf 79' lang='grc' dir='ltr'><strong><em>ψεύδεσθαι</em></strong></span> <span class='ocrx_word' id='word_1_48' title='bbox 797 670 895 722; x_wconf 92' lang='grc' dir='ltr'><strong><em>τὸν</em></strong></span> <span class='ocrx_word' id='word_1_49' title='bbox 927 671 1113 738; x_wconf 84' lang='grc' dir='ltr'><strong><em>λόγον,</em></strong></span> <span class='ocrx_word' id='word_1_50' title='bbox 1155 669 1510 738; x_wconf 77' lang='grc' dir='ltr'><strong><em>ἀναπηδήσας</em></strong></span> <span class='ocrx_word' id='word_1_51' title='bbox 1549 689 1606 722; x_wconf 91' lang='grc' dir='ltr'><strong><em>τε</em></strong></span> <span class='ocrx_word' id='word_1_52' title='bbox 1645 669 1735 722; x_wconf 84' lang='grc' dir='ltr'><strong><em>καὶ</em></strong></span> <span class='ocrx_word' id='word_1_53' title='bbox 1769 671 1906 739; x_wconf 78' lang='grc' dir='ltr'><strong><em>ἄρας</em></strong></span> 
     </span>
     <span class='ocr_line' id='line_1_8' title="bbox 209 757 1918 827; baseline 0.001 -17"><span class='ocrx_word' id='word_1_54' title='bbox 209 759 425 826; x_wconf 81' lang='grc' dir='ltr'><strong><em>ὑψηλὸν</em></strong></span> <span class='ocrx_word' id='word_1_55' title='bbox 479 758 584 812; x_wconf 82' lang='grc' dir='ltr'><strong><em>ἀπὸ</em></strong></span> <span class='ocrx_word' id='word_1_56' title='bbox 632 766 726 827; x_wconf 81' lang='grc' dir='ltr'><strong><em>τῆς</em></strong></span> <span class='ocrx_word' id='word_1_57' title='bbox 773 766 871 827; x_wconf 81' lang='grc' dir='ltr'><strong><em>γῆς</em></strong></span> <span class='ocrx_word' id='word_1_58' title='bbox 910 757 1110 812; x_wconf 85' lang='grc' dir='ltr'><strong><em>ἑαυτὸν</em></strong></span> <span class='ocrx_word' id='word_1_59' title='bbox 1155 757 1246 811; x_wconf 88' lang='grc' dir='ltr'><strong><em>καὶ</em></strong></span> <span class='ocrx_word' id='word_1_60' title='bbox 1286 761 1555 827; x_wconf 88' lang='grc' dir='ltr'><strong><em>κροτήσας</em></strong></span> <span class='ocrx_word' id='word_1_61' title='bbox 1600 757 1690 811; x_wconf 87' lang='grc' dir='ltr'><strong><em>καὶ</em></strong></span> <span class='ocrx_word' id='word_1_62' title='bbox 1730 759 1918 812; x_wconf 80' lang='grc' dir='ltr'><strong><em>τᾶλλα·</em></strong></span> 
     </span>
     <span class='ocr_line' id='line_1_9' title="bbox 210 845 1900 918; baseline 0 -19"><span class='ocrx_word' id='word_1_63' title='bbox 210 849 276 915; x_wconf 83' lang='grc' dir='ltr'><strong><em>δὴ</em></strong></span> <span class='ocrx_word' id='word_1_64' title='bbox 331 848 396 899; x_wconf 80' lang='grc' dir='ltr'><strong><em>τὰ</em></strong></span> <span class='ocrx_word' id='word_1_65' title='bbox 448 855 560 899; x_wconf 85' lang='grc' dir='ltr'><strong><em>τῶν</em></strong></span> <span class='ocrx_word' id='word_1_66' title='bbox 613 845 903 916; x_wconf 81' lang='grc' dir='ltr'><strong><em>ἡδομένων</em></strong></span> <span class='ocrx_word' id='word_1_67' title='bbox 964 851 1195 915; x_wconf 81' lang='grc' dir='ltr'><strong><em>ποιήσας</em></strong></span> <span class='ocrx_word' id='word_1_68' title='bbox 1257 846 1492 915; x_wconf 86' lang='grc' dir='ltr'><strong><em>ἐπέθηκε</em></strong></span> <span class='ocrx_word' id='word_1_69' title='bbox 1553 850 1773 917; x_wconf 81' lang='grc' dir='ltr'><strong><em>λαμπρᾷ</em></strong></span> <span class='ocrx_word' id='word_1_70' title='bbox 1836 855 1900 918; x_wconf 77' lang='grc' dir='ltr'><strong><em>τῇ</em></strong></span> 
     </span>
     <span class='ocr_line' id='line_1_10' title="bbox 210 929 1898 1005; baseline 0.001 -18"><span class='ocrx_word' id='word_1_71' title='bbox 210 944 368 1005; x_wconf 74' lang='grc' dir='ltr'><strong><em>φωνῇ</em></strong></span> <span class='ocrx_word' id='word_1_72' title='bbox 431 943 531 987; x_wconf 86' lang='grc' dir='ltr'><strong><em>τοῦ</em></strong></span> <span class='ocrx_word' id='word_1_73' title='bbox 583 936 720 1000; x_wconf 89' lang='grc' dir='ltr'><strong><em>Διὸς</em></strong></span> <span class='ocrx_word' id='word_1_74' title='bbox 782 929 922 988; x_wconf 85' lang='grc' dir='ltr'><strong><em>εἶναι</em></strong></span> <span class='ocrx_word' id='word_1_75' title='bbox 986 943 1150 988; x_wconf 89' lang='grc' dir='ltr'><strong><em>τοῦτο</em></strong></span> <span class='ocrx_word' id='word_1_76' title='bbox 1215 937 1280 988; x_wconf 79' lang='grc' dir='ltr'><strong><em>τὰ</em></strong></span> <span class='ocrx_word' id='word_1_77' title='bbox 1342 937 1528 988; x_wconf 87' lang='grc' dir='ltr'><strong><em>δίκαια</em></strong></span> <span class='ocrx_word' id='word_1_78' title='bbox 1589 943 1898 998; x_wconf 84' lang='grc' dir='ltr'><strong><em>ποιοῦντος.</em></strong></span> 
     </span>
     <span class='ocr_line' id='line_1_11' title="bbox 143 1007 1975 1092; baseline 0 -15"><span class='ocrx_word' id='word_1_79' title='bbox 143 1045 184 1077; x_wconf 90' lang='lat'><strong><em>10</em></strong></span> <span class='ocrx_word' id='word_1_80' title='bbox 208 1024 256 1075; x_wconf 87' lang='lat'><strong><em>4.</em></strong></span> <span class='ocrx_word' id='word_1_81' title='bbox 312 1024 400 1076; x_wconf 80' lang='grc' dir='ltr'><strong><em>καὶ</em></strong></span> <span class='ocrx_word' id='word_1_82' title='bbox 441 1031 612 1076; x_wconf 86' lang='grc' dir='ltr'><strong><em>ταῦτα</em></strong></span> <span class='ocrx_word' id='word_1_83' title='bbox 659 1023 764 1091; x_wconf 81' lang='grc' dir='ltr'><strong><em>ἐγὼ</em></strong></span> <span class='ocrx_word' id='word_1_84' title='bbox 805 1026 1193 1092; x_wconf 88' lang='grc' dir='ltr'><strong><em>κατακείμενός</em></strong></span> <span class='ocrx_word' id='word_1_85' title='bbox 1238 1045 1295 1077; x_wconf 93' lang='grc' dir='ltr'><strong><em>τε</em></strong></span> <span class='ocrx_word' id='word_1_86' title='bbox 1334 1023 1425 1077; x_wconf 85' lang='grc' dir='ltr'><strong><em>καὶ</em></strong></span> <span class='ocrx_word' id='word_1_87' title='bbox 1472 1023 1533 1077; x_wconf 81' lang='grc' dir='ltr'><strong><em>ἐν</em></strong></span> <span class='ocrx_word' id='word_1_88' title='bbox 1573 1025 1784 1091; x_wconf 82' lang='grc' dir='ltr'><strong><em>ὀλίγαις</em></strong></span> <span class='ocrx_word' id='word_1_89' title='bbox 1822 1024 1902 1078; x_wconf 80' lang='grc' dir='ltr'><strong><em>ὢν</em></strong></span> <span class='ocrx_word' id='word_1_90' title='bbox 1964 1007 1975 1015; x_wconf 88' lang='lat'><em>.</em></span> 
     </span>
     <span class='ocr_line' id='line_1_12' title="bbox 210 1112 1900 1182; baseline 0.001 -18"><span class='ocrx_word' id='word_1_91' title='bbox 210 1114 478 1182; x_wconf 81' lang='grc' dir='ltr'><strong><em>σωτηρίας</em></strong></span> <span class='ocrx_word' id='word_1_92' title='bbox 511 1112 726 1165; x_wconf 82' lang='grc' dir='ltr'><strong><em>ἐλπίσιν</em></strong></span> <span class='ocrx_word' id='word_1_93' title='bbox 757 1114 966 1181; x_wconf 76' lang='grc' dir='ltr'><strong><em>ἤκουον</em></strong></span> <span class='ocrx_word' id='word_1_94' title='bbox 1001 1113 1092 1166; x_wconf 84' lang='grc' dir='ltr'><strong><em>καὶ</em></strong></span> <span class='ocrx_word' id='word_1_95' title='bbox 1123 1114 1261 1182; x_wconf 90' lang='grc' dir='ltr'><strong><em>πρὸς</em></strong></span> <span class='ocrx_word' id='word_1_96' title='bbox 1294 1113 1532 1180; x_wconf 82' lang='grc' dir='ltr'><strong><em>ἐμαυτὸν</em></strong></span> <span class='ocrx_word' id='word_1_97' title='bbox 1566 1113 1900 1181; x_wconf 81' lang='grc' dir='ltr'><strong><em>ἐλογιζόμην,</em></strong></span> 
     </span>
     <span class='ocr_line' id='line_1_13' title="bbox 209 1200 1896 1272; baseline 0.001 -20"><span class='ocrx_word' id='word_1_98' title='bbox 209 1206 262 1252; x_wconf 75' lang='grc' dir='ltr'><strong><em>εἴ</em></strong></span> <span class='ocrx_word' id='word_1_99' title='bbox 303 1220 354 1253; x_wconf 91' lang='grc' dir='ltr'><strong><em>τι</em></strong></span> <span class='ocrx_word' id='word_1_100' title='bbox 407 1201 625 1254; x_wconf 84' lang='grc' dir='ltr'><strong><em>πώποτε</em></strong></span> <span class='ocrx_word' id='word_1_101' title='bbox 678 1201 962 1254; x_wconf 81' lang='grc' dir='ltr'><strong><em>πέπονθεν</em></strong></span> <span class='ocrx_word' id='word_1_102' title='bbox 1007 1200 1101 1254; x_wconf 74' lang='grc' dir='ltr'><strong><em>ὑπ’</em></strong></span> <span class='ocrx_word' id='word_1_103' title='bbox 1133 1203 1266 1269; x_wconf 85' lang='grc' dir='ltr'><strong><em>ἐμοῦ</em></strong></span> <span class='ocrx_word' id='word_1_104' title='bbox 1314 1211 1515 1268; x_wconf 70' lang='grc' dir='ltr'><strong><em>κακῶς,</em></strong></span> <span class='ocrx_word' id='word_1_105' title='bbox 1571 1202 1706 1254; x_wconf 83' lang='grc' dir='ltr'><strong><em>ὥστε</em></strong></span> <span class='ocrx_word' id='word_1_106' title='bbox 1760 1203 1849 1254; x_wconf 81' lang='grc' dir='ltr'><strong><em>καὶ</em></strong></span> <span class='ocrx_word' id='word_1_107' title='bbox 1890 1202 1896 1272; x_wconf 92' lang='grc' dir='ltr'>Ι</span> 
     </span>
     <span class='ocr_line' id='line_1_14' title="bbox 118 1284 1901 1360; baseline -0.002 -15"><span class='ocrx_word' id='word_1_108' title='bbox 118 1302 158 1345; x_wconf 84' lang='lat' dir='ltr'>R</span> <span class='ocrx_word' id='word_1_109' title='bbox 182 1302 327 1345; x_wconf 84' lang='lat'>11344</span> <span class='ocrx_word' id='word_1_110' title='bbox 367 1288 682 1359; x_wconf 79' lang='grc' dir='ltr'><strong><em>ἐπιχαίρειν.</em></strong></span> <span class='ocrx_word' id='word_1_111' title='bbox 754 1284 852 1343; x_wconf 81' lang='grc' dir='ltr'><strong><em>εἶτ’</em></strong></span> <span class='ocrx_word' id='word_1_112' title='bbox 883 1291 1199 1360; x_wconf 88' lang='grc' dir='ltr'><strong><em>εὐεργεσίας</em></strong></span> <span class='ocrx_word' id='word_1_113' title='bbox 1236 1291 1338 1359; x_wconf 81' lang='grc' dir='ltr'><strong><em>μὲν</em></strong></span> <span class='ocrx_word' id='word_1_114' title='bbox 1377 1291 1655 1358; x_wconf 75' lang='grc' dir='ltr'><strong><em>εὕρισκον,</em></strong></span> <span class='ocrx_word' id='word_1_115' title='bbox 1707 1291 1901 1343; x_wconf 80' lang='grc' dir='ltr'><strong><em>ἄδικον</em></strong></span> 
     </span>
     <span class='ocr_line' id='line_1_15' title="bbox 208 1374 1899 1446; baseline -0.001 -16"><span class='ocrx_word' id='word_1_116' title='bbox 208 1374 268 1430; x_wconf 75' lang='grc' dir='ltr'><strong><em>δὲ</em></strong></span> <span class='ocrx_word' id='word_1_117' title='bbox 308 1378 475 1430; x_wconf 81' lang='grc' dir='ltr'><strong><em>οὐδὲν</em></strong></span> <span class='ocrx_word' id='word_1_118' title='bbox 515 1377 648 1430; x_wconf 83' lang='grc' dir='ltr'><strong><em>οὐδὲ</em></strong></span> <span class='ocrx_word' id='word_1_119' title='bbox 687 1379 950 1445; x_wconf 90' lang='grc' dir='ltr'><strong><em>λυπηρόν.</em></strong></span> <span class='ocrx_word' id='word_1_120' title='bbox 1029 1377 1344 1446; x_wconf 79' lang='grc' dir='ltr'><strong><em>ἀχθομένου</em></strong></span> <span class='ocrx_word' id='word_1_121' title='bbox 1393 1380 1587 1429; x_wconf 81' lang='grc' dir='ltr'><strong><em>τοίνυν</em></strong></span> <span class='ocrx_word' id='word_1_122' title='bbox 1626 1397 1734 1445; x_wconf 90' lang='grc' dir='ltr'><strong><em>μου</em></strong></span> <span class='ocrx_word' id='word_1_123' title='bbox 1775 1378 1899 1430; x_wconf 89' lang='grc' dir='ltr'><strong><em>τού-</em></strong></span> 
     </span>
     <span class='ocr_line' id='line_1_16' title="bbox 142 1464 1899 1535; baseline -0.001 -15"><span class='ocrx_word' id='word_1_124' title='bbox 142 1489 182 1520; x_wconf 84' lang='lat'><strong><em>15</em></strong></span> <span class='ocrx_word' id='word_1_125' title='bbox 207 1486 323 1528; x_wconf 88' lang='grc' dir='ltr'><strong><em>τοις</em></strong></span> <span class='ocrx_word' id='word_1_126' title='bbox 378 1464 522 1533; x_wconf 84' lang='grc' dir='ltr'><strong><em>λέγει</em></strong></span> <span class='ocrx_word' id='word_1_127' title='bbox 576 1475 687 1518; x_wconf 86' lang='grc' dir='ltr'><strong><em>τῶν</em></strong></span> <span class='ocrx_word' id='word_1_128' title='bbox 741 1486 823 1528; x_wconf 88' lang='grc' dir='ltr'><strong><em>τις</em></strong></span> <span class='ocrx_word' id='word_1_129' title='bbox 869 1465 1352 1535; x_wconf 82' lang='grc' dir='ltr'><strong><em>παρακαθημένων</em></strong></span> <span class='ocrx_word' id='word_1_130' title='bbox 1404 1465 1509 1527; x_wconf 83' lang='grc' dir='ltr'><strong><em>ὀψέ</em></strong></span> <span class='ocrx_word' id='word_1_131' title='bbox 1553 1467 1689 1534; x_wconf 83' lang='grc' dir='ltr'><strong><em>&lt;με&gt;</em></strong></span> <span class='ocrx_word' id='word_1_132' title='bbox 1734 1485 1899 1533; x_wconf 84' lang='grc' dir='ltr'><strong><em>μεμα-</em></strong></span> 
     </span>
     <span class='ocr_line' id='line_1_17' title="bbox 206 1553 1899 1623; baseline 0.001 -17"><span class='ocrx_word' id='word_1_133' title='bbox 206 1553 441 1622; x_wconf 86' lang='grc' dir='ltr'><strong><em>θηκέναι</em></strong></span> <span class='ocrx_word' id='word_1_134' title='bbox 495 1556 594 1607; x_wconf 92' lang='grc' dir='ltr'><strong><em>τὸν</em></strong></span> <span class='ocrx_word' id='word_1_135' title='bbox 653 1555 956 1623; x_wconf 78' lang='grc' dir='ltr'><strong><em>ἄνθρωπον</em></strong></span> <span class='ocrx_word' id='word_1_136' title='bbox 1010 1556 1172 1607; x_wconf 86' lang='grc' dir='ltr'><strong><em>τόνδε</em></strong></span> <span class='ocrx_word' id='word_1_137' title='bbox 1231 1553 1536 1622; x_wconf 81' lang='grc' dir='ltr'><strong><em>ἀρξάμενον</em></strong></span> <span class='ocrx_word' id='word_1_138' title='bbox 1589 1555 1756 1607; x_wconf 91' lang='grc' dir='ltr'><strong><em>παλαι</em></strong></span> <span class='ocrx_word' id='word_1_139' title='bbox 1810 1554 1899 1607; x_wconf 80' lang='grc' dir='ltr'><strong><em>καὶ</em></strong></span> 
     </span>
     <span class='ocr_line' id='line_1_18' title="bbox 205 1639 1429 1712; baseline 0.001 -18"><span class='ocrx_word' id='word_1_140' title='bbox 205 1643 311 1712; x_wconf 93' lang='grc' dir='ltr'><strong><em>πρὸ</em></strong></span> <span class='ocrx_word' id='word_1_141' title='bbox 351 1650 450 1695; x_wconf 88' lang='grc' dir='ltr'><strong><em>τοῦ</em></strong></span> <span class='ocrx_word' id='word_1_142' title='bbox 489 1643 776 1711; x_wconf 85' lang='grc' dir='ltr'><strong><em>πτώματος</em></strong></span> <span class='ocrx_word' id='word_1_143' title='bbox 816 1639 959 1695; x_wconf 83' lang='grc' dir='ltr'><strong><em>εἶναι</em></strong></span> <span class='ocrx_word' id='word_1_144' title='bbox 997 1644 1168 1695; x_wconf 87' lang='grc' dir='ltr'><strong><em>κακὸν</em></strong></span> <span class='ocrx_word' id='word_1_145' title='bbox 1208 1645 1284 1706; x_wconf 87' lang='grc' dir='ltr'><strong><em>εἰς</em></strong></span> <span class='ocrx_word' id='word_1_146' title='bbox 1324 1642 1429 1709; x_wconf 83' lang='grc' dir='ltr'><strong><em>ἐμέ.</em></strong></span> 
     </span>
     <span class='ocr_line' id='line_1_19' title="bbox 318 1727 1899 1803; baseline 0.001 -20"><span class='ocrx_word' id='word_1_147' title='bbox 318 1731 365 1783; x_wconf 79' lang='lat'><strong><em>5.</em></strong></span> <span class='ocrx_word' id='word_1_148' title='bbox 428 1733 497 1784; x_wconf 82' lang='grc' dir='ltr'><strong><em>Τί</em></strong></span> <span class='ocrx_word' id='word_1_149' title='bbox 532 1729 651 1784; x_wconf 89' lang='grc' dir='ltr'><strong><em>ποτ’</em></strong></span> <span class='ocrx_word' id='word_1_150' title='bbox 684 1727 789 1784; x_wconf 81' lang='grc' dir='ltr'><strong><em>οὖν</em></strong></span> <span class='ocrx_word' id='word_1_151' title='bbox 829 1731 974 1803; x_wconf 75' lang='grc' dir='ltr'><strong><em>αὐτῷ</em></strong></span> <span class='ocrx_word' id='word_1_152' title='bbox 1016 1733 1275 1800; x_wconf 88' lang='grc' dir='ltr'><strong><em>βούλεται</em></strong></span> <span class='ocrx_word' id='word_1_153' title='bbox 1319 1733 1381 1785; x_wconf 92' lang='grc' dir='ltr'><strong><em>τὸ</em></strong></span> <span class='ocrx_word' id='word_1_154' title='bbox 1428 1733 1527 1785; x_wconf 91' lang='grc' dir='ltr'><strong><em>τὸν</em></strong></span> <span class='ocrx_word' id='word_1_155' title='bbox 1573 1732 1711 1783; x_wconf 93' lang='grc' dir='ltr'><strong><em>θεὸν</em></strong></span> <span class='ocrx_word' id='word_1_156' title='bbox 1751 1730 1899 1784; x_wconf 85' lang='grc' dir='ltr'><strong><em>ἐπαι-</em></strong></span> 
     </span>
     <span class='ocr_line' id='line_1_20' title="bbox 207 1819 1899 1891; baseline 0 -19"><span class='ocrx_word' id='word_1_157' title='bbox 207 1829 325 1872; x_wconf 87' lang='grc' dir='ltr'><strong><em>νεῖν</em></strong></span> <span class='ocrx_word' id='word_1_158' title='bbox 374 1819 432 1872; x_wconf 85' lang='grc' dir='ltr'><strong><em>ἑν</em></strong></span> <span class='ocrx_word' id='word_1_159' title='bbox 486 1828 559 1891; x_wconf 79' lang='grc' dir='ltr'><strong><em>τῷ</em></strong></span> <span class='ocrx_word' id='word_1_160' title='bbox 615 1828 714 1873; x_wconf 88' lang='grc' dir='ltr'><strong><em>τοῦ</em></strong></span> <span class='ocrx_word' id='word_1_161' title='bbox 769 1821 942 1882; x_wconf 90' lang='grc' dir='ltr'><strong><em>ποδὸς</em></strong></span> <span class='ocrx_word' id='word_1_162' title='bbox 995 1820 1193 1891; x_wconf 63' lang='grc' dir='ltr'><strong><em>πάθας</em></strong></span> <span class='ocrx_word' id='word_1_163' title='bbox 1247 1821 1312 1873; x_wconf 81' lang='grc' dir='ltr'><strong><em>τὰ</em></strong></span> <span class='ocrx_word' id='word_1_164' title='bbox 1366 1822 1498 1888; x_wconf 79' lang='grc' dir='ltr'><strong><em>μετὰ</em></strong></span> <span class='ocrx_word' id='word_1_165' title='bbox 1553 1820 1613 1872; x_wconf 91' lang='grc' dir='ltr'><strong><em>τὸ</em></strong></span> <span class='ocrx_word' id='word_1_166' title='bbox 1671 1821 1899 1872; x_wconf 87' lang='grc' dir='ltr'><strong><em>δεῖπνον</em></strong></span> 
     </span>
     <span class='ocr_line' id='line_1_21' title="bbox 141 1907 1897 1977; baseline -0.001 -16"><span class='ocrx_word' id='word_1_167' title='bbox 141 1930 183 1961; x_wconf 81' lang='lat'><strong><em>20</em></strong></span> <span class='ocrx_word' id='word_1_168' title='bbox 206 1909 352 1977; x_wconf 79' lang='grc' dir='ltr'><strong><em>παρὰ</em></strong></span> <span class='ocrx_word' id='word_1_169' title='bbox 393 1916 491 1961; x_wconf 86' lang='grc' dir='ltr'><strong><em>τοῦ</em></strong></span> <span class='ocrx_word' id='word_1_170' title='bbox 531 1910 595 1961; x_wconf 81' lang='grc' dir='ltr'><strong><em>τὰ</em></strong></span> <span class='ocrx_word' id='word_1_171' title='bbox 628 1907 895 1975; x_wconf 86' lang='grc' dir='ltr'><strong><em>Ὀλύμπια</em></strong></span> <span class='ocrx_word' id='word_1_172' title='bbox 940 1907 1193 1971; x_wconf 87' lang='grc' dir='ltr'><strong><em>τιθέντος</em></strong></span> <span class='ocrx_word' id='word_1_173' title='bbox 1241 1910 1504 1977; x_wconf 89' lang='grc' dir='ltr'><strong><em>διδόμενα</em></strong></span> <span class='ocrx_word' id='word_1_174' title='bbox 1550 1917 1666 1970; x_wconf 86' lang='grc' dir='ltr'><strong><em>τοῖς</em></strong></span> <span class='ocrx_word' id='word_1_175' title='bbox 1713 1909 1897 1961; x_wconf 87' lang='grc' dir='ltr'><strong><em>δαιτυ-</em></strong></span> 
     </span>
     <span class='ocr_line' id='line_1_22' title="bbox 206 1997 1894 2067; baseline 0.001 -18"><span class='ocrx_word' id='word_1_176' title='bbox 206 1999 331 2065; x_wconf 91' lang='grc' dir='ltr'><strong><em>μόσι</em></strong></span> <span class='ocrx_word' id='word_1_177' title='bbox 371 1997 564 2066; x_wconf 84' lang='grc' dir='ltr'><strong><em>φέρειν</em></strong></span> <span class='ocrx_word' id='word_1_178' title='bbox 605 1998 791 2050; x_wconf 77' lang='grc' dir='ltr'><strong><em>οἴκαδε</em></strong></span> <span class='ocrx_word' id='word_1_179' title='bbox 833 1998 1060 2067; x_wconf 74' lang='grc' dir='ltr'><strong><em>βαρεῖαν</em></strong></span> <span class='ocrx_word' id='word_1_180' title='bbox 1098 2017 1156 2050; x_wconf 91' lang='grc' dir='ltr'><strong><em>τε</em></strong></span> <span class='ocrx_word' id='word_1_181' title='bbox 1199 1998 1289 2050; x_wconf 87' lang='grc' dir='ltr'><strong><em>καὶ</em></strong></span> <span class='ocrx_word' id='word_1_182' title='bbox 1330 1998 1395 2050; x_wconf 86' lang='grc' dir='ltr'><strong><em>οὐ</em></strong></span> <span class='ocrx_word' id='word_1_183' title='bbox 1438 1999 1687 2066; x_wconf 85' lang='grc' dir='ltr'><strong><em>φορητὴν</em></strong></span> <span class='ocrx_word' id='word_1_184' title='bbox 1727 1997 1894 2050; x_wconf 87' lang='grc' dir='ltr'><strong><em>ε’ποιέι</em></strong></span> 
     </span>
     <span class='ocr_line' id='line_1_23' title="bbox 205 2081 1894 2155; baseline 0.001 -19"><span class='ocrx_word' id='word_1_185' title='bbox 205 2086 304 2152; x_wconf 87' lang='grc' dir='ltr'><strong><em>τὴν</em></strong></span> <span class='ocrx_word' id='word_1_186' title='bbox 345 2087 694 2153; x_wconf 87' lang='grc' dir='ltr'><strong><em>λειτουργίαν</em></strong></span> <span class='ocrx_word' id='word_1_187' title='bbox 733 2084 823 2138; x_wconf 86' lang='grc' dir='ltr'><strong><em>καὶ</em></strong></span> <span class='ocrx_word' id='word_1_188' title='bbox 863 2081 933 2152; x_wconf 78' lang='grc' dir='ltr'><strong><em>ἧν</em></strong></span> <span class='ocrx_word' id='word_1_189' title='bbox 971 2087 1234 2147; x_wconf 86' lang='grc' dir='ltr'><strong><em>κίνδυνος</em></strong></span> <span class='ocrx_word' id='word_1_190' title='bbox 1280 2087 1352 2155; x_wconf 83' lang='grc' dir='ltr'><strong><em>μὴ</em></strong></span> <span class='ocrx_word' id='word_1_191' title='bbox 1399 2085 1585 2154; x_wconf 88' lang='grc' dir='ltr'><strong><em>μένειν</em></strong></span> <span class='ocrx_word' id='word_1_192' title='bbox 1637 2086 1737 2153; x_wconf 89' lang='grc' dir='ltr'><strong><em>τὴν</em></strong></span> <span class='ocrx_word' id='word_1_193' title='bbox 1778 2083 1894 2153; x_wconf 81' lang='grc' dir='ltr'><strong><em>ἑορ-</em></strong></span> 
     </span>
    </p>
   </div>
   <div class='ocr_carea' id='block_1_3' title="bbox 207 2259 1819 2375">
    <p class='ocr_par' dir='ltr' id='par_1_3' title="bbox 207 2259 1819 2375">
     <span class='ocr_line' id='line_1_24' title="bbox 325 2259 1819 2317; baseline 0.001 -16"><span class='ocrx_word' id='word_1_194' title='bbox 325 2264 351 2301; x_wconf 86' lang='grc'>4</span> <span class='ocrx_word' id='word_1_195' title='bbox 390 2259 509 2303; x_wconf 78' lang='lat' dir='ltr'>Plat.</span> <span class='ocrx_word' id='word_1_196' title='bbox 543 2259 660 2304; x_wconf 88' lang='lat' dir='ltr'>Phil.</span> <span class='ocrx_word' id='word_1_197' title='bbox 695 2275 740 2316; x_wconf 86' lang='lat' dir='ltr'><strong><em>p.</em></strong></span> <span class='ocrx_word' id='word_1_198' title='bbox 768 2265 822 2304; x_wconf 78' lang='lat'><strong><em>59</em></strong></span> <span class='ocrx_word' id='word_1_199' title='bbox 837 2260 887 2303; x_wconf 86' lang='lat' dir='ltr'><strong><em>E.</em></strong></span> <span class='ocrx_word' id='word_1_200' title='bbox 969 2260 1104 2317; x_wconf 77' lang='lat' dir='ltr'>Gorg.</span> <span class='ocrx_word' id='word_1_201' title='bbox 1140 2276 1184 2316; x_wconf 88' lang='lat' dir='ltr'><strong><em>p.</em></strong></span> <span class='ocrx_word' id='word_1_202' title='bbox 1213 2265 1297 2303; x_wconf 80' lang='lat'><strong><em>498</em></strong></span> <span class='ocrx_word' id='word_1_203' title='bbox 1311 2261 1362 2303; x_wconf 86' lang='lat' dir='ltr'><strong><em>E.</em></strong></span> <span class='ocrx_word' id='word_1_204' title='bbox 1440 2260 1548 2317; x_wconf 84' lang='lat' dir='ltr'>Leg.</span> <span class='ocrx_word' id='word_1_205' title='bbox 1574 2259 1658 2303; x_wconf 89' lang='lat' dir='ltr'><strong><em>XII</em></strong></span> <span class='ocrx_word' id='word_1_206' title='bbox 1684 2259 1819 2303; x_wconf 84' lang='lat' dir='ltr'>956E</span> 
     </span>
     <span class='ocr_line' id='line_1_25' title="bbox 207 2318 834 2375; baseline 0.003 -16"><span class='ocrx_word' id='word_1_207' title='bbox 207 2322 262 2360; x_wconf 89' lang='grc'><strong><em>20</em></strong></span> <span class='ocrx_word' id='word_1_208' title='bbox 296 2318 352 2360; x_wconf 79' lang='lat' dir='ltr'><strong><em>cf.</em></strong></span> <span class='ocrx_word' id='word_1_209' title='bbox 379 2319 411 2361; x_wconf 74' lang='lat' dir='ltr'><strong><em>t.</em></strong></span> <span class='ocrx_word' id='word_1_210' title='bbox 429 2318 492 2360; x_wconf 89' lang='lat' dir='ltr'><strong><em>III</em></strong></span> <span class='ocrx_word' id='word_1_211' title='bbox 520 2323 617 2373; x_wconf 87' lang='lat'>118,</span> <span class='ocrx_word' id='word_1_212' title='bbox 638 2324 691 2362; x_wconf 82' lang='lat'><strong><em>12</em></strong></span> <span class='ocrx_word' id='word_1_213' title='bbox 709 2334 774 2375; x_wconf 89' lang='lat' dir='ltr'><strong><em>sq.</em></strong></span> <span class='ocrx_word' id='word_1_214' title='bbox 794 2320 834 2361; x_wconf 79' lang='lat' dir='ltr'>R</span> 
     </span>
    </p>
   </div>
   <div class='ocr_carea' id='block_1_4' title="bbox 205 2479 1914 2948">
    <p class='ocr_par' dir='ltr' id='par_1_4' title="bbox 205 2479 1914 2948">
     <span class='ocr_line' id='line_1_26' title="bbox 327 2479 1889 2539; baseline 0 -17"><span class='ocrx_word' id='word_1_215' title='bbox 327 2486 348 2522; x_wconf 94' lang='lat'>1</span> <span class='ocrx_word' id='word_1_216' title='bbox 394 2487 474 2523; x_wconf 85' lang='grc' dir='ltr'><strong><em>τοῦ</em></strong></span> <span class='ocrx_word' id='word_1_217' title='bbox 508 2494 583 2523; x_wconf 86' lang='grc'>0111</span> <span class='ocrx_word' id='word_1_218' title='bbox 609 2480 741 2537; x_wconf 86' lang='lat' dir='ltr'>Bong</span> <span class='ocrx_word' id='word_1_219' title='bbox 791 2482 796 2539; x_wconf 89' lang='grc' dir='ltr'>Ι</span> <span class='ocrx_word' id='word_1_220' title='bbox 846 2488 899 2539; x_wconf 84' lang='grc' dir='ltr'><strong><em>τῇ</em></strong></span> <span class='ocrx_word' id='word_1_221' title='bbox 934 2483 1042 2524; x_wconf 75' lang='lat' dir='ltr'><strong>ante</strong></span> <span class='ocrx_word' id='word_1_222' title='bbox 1074 2479 1204 2525; x_wconf 84' lang='grc' dir='ltr'><strong><em>πόλει</em></strong></span> <span class='ocrx_word' id='word_1_223' title='bbox 1235 2481 1359 2524; x_wconf 83' lang='lat' dir='ltr'><strong>inser</strong></span> <span class='ocrx_word' id='word_1_224' title='bbox 1388 2481 1456 2523; x_wconf 83' lang='lat' dir='ltr'><strong><em>Re</em></strong></span> <span class='ocrx_word' id='word_1_225' title='bbox 1489 2482 1537 2524; x_wconf 74' lang='lat' dir='ltr'><strong><em>at</em></strong></span> <span class='ocrx_word' id='word_1_226' title='bbox 1570 2480 1626 2523; x_wconf 84' lang='lat' dir='ltr'><strong><em>cf</em></strong></span> <span class='ocrx_word' id='word_1_227' title='bbox 1653 2480 1723 2523; x_wconf 75' lang='lat' dir='ltr'><strong><em>t.1</em></strong></span> <span class='ocrx_word' id='word_1_228' title='bbox 1752 2484 1847 2534; x_wconf 85' lang='lat'>167,</span> <span class='ocrx_word' id='word_1_229' title='bbox 1867 2483 1889 2522; x_wconf 83' lang='grc'><strong>7</strong></span> 
     </span>
     <span class='ocr_line' id='line_1_27' title="bbox 206 2535 1832 2595; baseline -0.001 -13"><span class='ocrx_word' id='word_1_230' title='bbox 206 2539 311 2591; x_wconf 82' lang='grc' dir='ltr'><strong><em>περὶ</em></strong></span> <span class='ocrx_word' id='word_1_231' title='bbox 354 2535 407 2582; x_wconf 81' lang='grc' dir='ltr'><strong><em>οὗ</em></strong></span> <span class='ocrx_word' id='word_1_232' title='bbox 451 2554 566 2582; x_wconf 88' lang='grc' dir='ltr'><strong><em>ποια</em></strong></span> <span class='ocrx_word' id='word_1_233' title='bbox 609 2538 741 2589; x_wconf 85' lang='grc' dir='ltr'><strong><em>πόλις</em></strong></span> <span class='ocrx_word' id='word_1_234' title='bbox 784 2541 869 2583; x_wconf 82' lang='grc' dir='ltr'><strong><em>οὐκ</em></strong></span> <span class='ocrx_word' id='word_1_235' title='bbox 912 2539 1083 2593; x_wconf 84' lang='grc' dir='ltr'><strong><em>ἀκήκοε</em></strong></span> <span class='ocrx_word' id='word_1_236' title='bbox 1122 2546 1213 2583; x_wconf 88' lang='grc' dir='ltr'><strong><em>τῶν</em></strong></span> <span class='ocrx_word' id='word_1_237' title='bbox 1254 2540 1303 2583; x_wconf 81' lang='grc' dir='ltr'><strong><em>ἐν</em></strong></span> <span class='ocrx_word' id='word_1_238' title='bbox 1341 2538 1553 2595; x_wconf 82' lang='grc' dir='ltr'><strong><em>ἠπείροις</em></strong></span> <span class='ocrx_word' id='word_1_239' title='bbox 1593 2537 1620 2594; x_wconf 79' lang='grc' dir='ltr'>ἢ</span> <span class='ocrx_word' id='word_1_240' title='bbox 1654 2539 1832 2593; x_wconf 87' lang='grc' dir='ltr'><strong><em>νήσοις,</em></strong></span> 
     </span>
     <span class='ocr_line' id='line_1_28' title="bbox 207 2597 1890 2673; baseline 0 -34"><span class='ocrx_word' id='word_1_241' title='bbox 207 2603 231 2639; x_wconf 86' lang='grc'>2</span> <span class='ocrx_word' id='word_1_242' title='bbox 266 2597 408 2642; x_wconf 82' lang='grc' dir='ltr'><strong><em>αὐτὸν</em></strong></span> <span class='ocrx_word' id='word_1_243' title='bbox 441 2599 470 2641; x_wconf 95' lang='grc'><strong><em>1</em></strong></span> <span class='ocrx_word' id='word_1_244' title='bbox 491 2598 625 2654; x_wconf 74' lang='lat' dir='ltr'>Bong</span> <span class='ocrx_word' id='word_1_245' title='bbox 745 2603 769 2640; x_wconf 94' lang='lat'><strong>3</strong></span> <span class='ocrx_word' id='word_1_246' title='bbox 803 2598 949 2673; x_wconf 79' lang='grc' dir='ltr'><strong><em>χάριν</em></strong></span> <span class='ocrx_word' id='word_1_247' title='bbox 974 2600 1019 2642; x_wconf 90' lang='grc' dir='ltr'><strong><em>Β</em></strong></span> <span class='ocrx_word' id='word_1_248' title='bbox 1052 2600 1098 2642; x_wconf 73' lang='lat' dir='ltr'><strong><em>et</em></strong></span> <span class='ocrx_word' id='word_1_249' title='bbox 1129 2598 1178 2641; x_wconf 89' lang='lat' dir='ltr'><strong><em>in</em></strong></span> <span class='ocrx_word' id='word_1_250' title='bbox 1202 2613 1335 2655; x_wconf 79' lang='lat' dir='ltr'><strong>marg</strong></span> <span class='ocrx_word' id='word_1_251' title='bbox 1363 2599 1432 2642; x_wconf 85' lang='lat' dir='ltr'><strong><em>Va</em></strong></span> <span class='ocrx_word' id='word_1_252' title='bbox 1553 2604 1579 2640; x_wconf 89' lang='lat'>4</span> <span class='ocrx_word' id='word_1_253' title='bbox 1611 2599 1692 2641; x_wconf 85' lang='grc' dir='ltr'><strong><em>καὶ</em></strong></span> <span class='ocrx_word' id='word_1_254' title='bbox 1723 2599 1784 2653; x_wconf 92' lang='grc'><strong><em>(1)</em></strong></span> <span class='ocrx_word' id='word_1_255' title='bbox 1817 2611 1890 2640; x_wconf 87' lang='lat' dir='ltr'><strong><em>om</em></strong></span> 
     </span>
     <span class='ocr_line' id='line_1_29' title="bbox 206 2655 1889 2716; baseline 0.001 -18"><span class='ocrx_word' id='word_1_256' title='bbox 206 2657 337 2713; x_wconf 88' lang='lat' dir='ltr'>Bong</span> <span class='ocrx_word' id='word_1_257' title='bbox 472 2662 497 2699; x_wconf 82' lang='lat'>5</span> <span class='ocrx_word' id='word_1_258' title='bbox 531 2657 655 2715; x_wconf 82' lang='grc' dir='ltr'><strong><em>αὑτῷ</em></strong></span> <span class='ocrx_word' id='word_1_259' title='bbox 687 2657 754 2699; x_wconf 77' lang='lat' dir='ltr'><strong><em>Re</em></strong></span> <span class='ocrx_word' id='word_1_260' title='bbox 828 2658 952 2716; x_wconf 81' lang='grc' dir='ltr'><strong><em>αυτῷ</em></strong></span> <span class='ocrx_word' id='word_1_261' title='bbox 983 2656 1093 2701; x_wconf 87' lang='lat' dir='ltr'>libri</span> <span class='ocrx_word' id='word_1_262' title='bbox 1117 2657 1250 2714; x_wconf 88' lang='lat' dir='ltr'>Bong</span> <span class='ocrx_word' id='word_1_263' title='bbox 1300 2660 1304 2713; x_wconf 87' lang='grc' dir='ltr'>Ι</span> <span class='ocrx_word' id='word_1_264' title='bbox 1356 2657 1461 2715; x_wconf 75' lang='grc' dir='ltr'><strong><em>ἔχον</em></strong></span> <span class='ocrx_word' id='word_1_265' title='bbox 1496 2658 1538 2700; x_wconf 92' lang='lat' dir='ltr'><strong><em>V</em></strong></span> <span class='ocrx_word' id='word_1_266' title='bbox 1669 2662 1691 2699; x_wconf 88' lang='grc'>7</span> <span class='ocrx_word' id='word_1_267' title='bbox 1726 2655 1889 2700; x_wconf 76' lang='grc' dir='ltr'><strong><em>ἑαυτὸν</em></strong></span> 
     </span>
     <span class='ocr_line' id='line_1_30' title="bbox 206 2715 1914 2772; baseline -0.001 -14"><span class='ocrx_word' id='word_1_268' title='bbox 206 2715 299 2758; x_wconf 77' lang='grc' dir='ltr'><strong><em>ἀπὸ</em></strong></span> <span class='ocrx_word' id='word_1_269' title='bbox 324 2721 403 2770; x_wconf 87' lang='grc' dir='ltr'><strong><em>τῆς</em></strong></span> <span class='ocrx_word' id='word_1_270' title='bbox 434 2721 516 2771; x_wconf 81' lang='grc' dir='ltr'><strong><em>γῆς</em></strong></span> <span class='ocrx_word' id='word_1_271' title='bbox 543 2717 611 2771; x_wconf 69' lang='lat' dir='ltr'><strong><em>Vl</em></strong></span> <span class='ocrx_word' id='word_1_272' title='bbox 638 2718 778 2758; x_wconf 79' lang='grc' dir='ltr'><strong><em>τᾶλλα</em></strong></span> <span class='ocrx_word' id='word_1_273' title='bbox 797 2718 842 2759; x_wconf 90' lang='lat' dir='ltr'><strong><em>A</em></strong></span> <span class='ocrx_word' id='word_1_274' title='bbox 964 2722 988 2759; x_wconf 80' lang='grc'>8</span> <span class='ocrx_word' id='word_1_275' title='bbox 1021 2717 1078 2759; x_wconf 85' lang='grc' dir='ltr'><strong><em>τὰ</em></strong></span> <span class='ocrx_word' id='word_1_276' title='bbox 1104 2730 1179 2760; x_wconf 88' lang='grc'>0111</span> <span class='ocrx_word' id='word_1_277' title='bbox 1203 2716 1336 2772; x_wconf 88' lang='lat' dir='ltr'>Bong</span> <span class='ocrx_word' id='word_1_278' title='bbox 1457 2719 1511 2758; x_wconf 91' lang='lat'><strong><em>10</em></strong></span> <span class='ocrx_word' id='word_1_279' title='bbox 1543 2731 1590 2759; x_wconf 88' lang='grc' dir='ltr'><strong><em>τε</em></strong></span> <span class='ocrx_word' id='word_1_280' title='bbox 1623 2730 1698 2758; x_wconf 87' lang='grc'>0111</span> <span class='ocrx_word' id='word_1_281' title='bbox 1715 2715 1914 2770; x_wconf 52' lang='grc' dir='ltr'><strong><em>ΙΒοῐιςι</em></strong></span> 
     </span>
     <span class='ocr_line' id='line_1_31' title="bbox 267 2773 1890 2831; baseline 0 -15"><span class='ocrx_word' id='word_1_282' title='bbox 267 2779 318 2816; x_wconf 91' lang='grc'><strong><em>12</em></strong></span> <span class='ocrx_word' id='word_1_283' title='bbox 352 2774 537 2817; x_wconf 83' lang='grc' dir='ltr'><strong><em>πώποτε</em></strong></span> <span class='ocrx_word' id='word_1_284' title='bbox 569 2788 645 2817; x_wconf 84' lang='grc'>0111</span> <span class='ocrx_word' id='word_1_285' title='bbox 669 2775 751 2817; x_wconf 84' lang='lat' dir='ltr'><strong><em>IV</em></strong></span> <span class='ocrx_word' id='word_1_286' title='bbox 923 2779 975 2818; x_wconf 82' lang='lat'><strong><em>15</em></strong></span> <span class='ocrx_word' id='word_1_287' title='bbox 1006 2791 1077 2826; x_wconf 88' lang='grc' dir='ltr'><strong><em>τις</em></strong></span> <span class='ocrx_word' id='word_1_288' title='bbox 1107 2791 1180 2830; x_wconf 86' lang='grc' dir='ltr'><strong><em>μοι</em></strong></span> <span class='ocrx_word' id='word_1_289' title='bbox 1215 2773 1626 2831; x_wconf 83' lang='grc' dir='ltr'><strong><em>παρακαθημένων</em></strong></span> <span class='ocrx_word' id='word_1_290' title='bbox 1659 2775 1732 2818; x_wconf 86' lang='grc' dir='ltr'><strong><em>Ρα</em></strong></span> <span class='ocrx_word' id='word_1_291' title='bbox 1780 2774 1788 2831; x_wconf 92' lang='grc' dir='ltr'>Ι</span> <span class='ocrx_word' id='word_1_292' title='bbox 1836 2787 1890 2827; x_wconf 83' lang='grc' dir='ltr'><strong><em>με</em></strong></span> 
     </span>
     <span class='ocr_line' id='line_1_32' title="bbox 205 2831 1888 2889; baseline -0.001 -15"><span class='ocrx_word' id='word_1_293' title='bbox 205 2833 378 2875; x_wconf 84' lang='lat' dir='ltr'><strong>inserui</strong></span> <span class='ocrx_word' id='word_1_294' title='bbox 423 2847 528 2875; x_wconf 85' lang='lat' dir='ltr'><strong><em>cum</em></strong></span> <span class='ocrx_word' id='word_1_295' title='bbox 561 2832 740 2876; x_wconf 79' lang='lat' dir='ltr'><strong>Sinteni</strong></span> <span class='ocrx_word' id='word_1_296' title='bbox 786 2833 866 2887; x_wconf 88' lang='lat' dir='ltr'><strong><em>qui</em></strong></span> <span class='ocrx_word' id='word_1_297' title='bbox 905 2850 958 2889; x_wconf 87' lang='grc' dir='ltr'><strong><em>με</em></strong></span> <span class='ocrx_word' id='word_1_298' title='bbox 997 2833 1198 2889; x_wconf 82' lang='lat' dir='ltr'><strong>margini</strong></span> <span class='ocrx_word' id='word_1_299' title='bbox 1238 2833 1455 2876; x_wconf 74' lang='lat' dir='ltr'><strong>editionis</strong></span> <span class='ocrx_word' id='word_1_300' title='bbox 1489 2832 1768 2876; x_wconf 77' lang='lat' dir='ltr'><strong>Reiskianae</strong></span> <span class='ocrx_word' id='word_1_301' title='bbox 1807 2831 1888 2874; x_wconf 83' lang='lat' dir='ltr'><strong><em>ad-</em></strong></span> 
     </span>
     <span class='ocr_line' id='line_1_33' title="bbox 207 2891 848 2948; baseline 0.003 -15"><span class='ocrx_word' id='word_1_302' title='bbox 207 2892 392 2947; x_wconf 75' lang='lat' dir='ltr'><strong>scripsit</strong></span> <span class='ocrx_word' id='word_1_303' title='bbox 516 2896 568 2934; x_wconf 87' lang='lat'><strong><em>19</em></strong></span> <span class='ocrx_word' id='word_1_304' title='bbox 602 2891 672 2948; x_wconf 91' lang='grc' dir='ltr'><strong><em>τὸ]</em></strong></span> <span class='ocrx_word' id='word_1_305' title='bbox 699 2891 779 2934; x_wconf 87' lang='grc' dir='ltr'><strong><em>τὸν</em></strong></span> <span class='ocrx_word' id='word_1_306' title='bbox 805 2893 848 2935; x_wconf 89' lang='grc' dir='ltr'><strong><em>Β</em></strong></span> 
     </span>
    </p>
   </div>
  </div>
 </body>
</html>
