1992 3094
155 91 262 144 382
671 90 899 134 LIBANII
931 89 1156 135 ORATIO
1188 88 1332 133 XLVI

154 229 285 296 μήτε
324 228 515 293 κρίνας
555 224 778 295 ἐξήλασε
820 234 916 294 τῆς
959 223 1155 288 τάξεως
1194 223 1283 294 ἐφ’
1319 221 1383 293 ἧς
1421 220 1491 293 ἦν
1529 233 1641 277 τῶν
1680 223 1740 278 ἐν
1778 232 1841 294 τῇ

154 317 327 384 βουλῇ
381 316 479 368 τὸν
537 316 788 383 ἄριστον,
852 314 918 367 ὃν
971 315 1210 376 πολλοὺς
1269 315 1543 383 πρότερον
1603 312 1843 381 ὑπερβὰς

155 402 444 472 ἐπεποίητο
507 405 675 472 φίλον
737 404 895 466 εἰδὼς
952 401 1042 456 καὶ
1103 403 1202 455 τὸν
1261 400 1468 471 πατέρα
1521 402 1618 455 τὸν
1671 401 1842 455 αὑτοῦ

155 493 439 560 χρώμενον
484 498 558 564 τῷ
599 490 1022 563 πολιτευομένῳ.
1100 486 1180 544 ὧν
1218 490 1385 544 οὐδὲν
1425 489 1454 543 6
1499 488 1842 560 Φλωρέντιος

111 601 129 632 5
155 579 434 642 αἰδεσθεὶς
472 578 798 633 ἐκολάκευσε
843 582 973 642 τοὺς
1011 587 1110 633 τοῦ
1153 580 1331 648 δήμου
1377 579 1719 650 μοχθηρούς,
1760 572 1843 642 οἷς

156 669 257 722 ὅσα
296 668 656 736 βουλομένοις
693 664 763 736 ἦν
803 668 1108 737 ἐψηφίζετο.

268 758 313 809 7.
371 754 618 827 Παρῄνει
656 754 758 826 μὲν
798 753 902 810 οὖν
940 777 1035 826 μοι
1073 756 1164 810 καὶ
1203 765 1374 810 ταῦτα
1413 758 1708 826 πόρρωθεν
1747 756 1842 810 αὐ-

154 847 251 900 τὸν
289 845 427 914 ὁρᾶν
466 846 555 898 καὶ
601 847 792 914 ζημίαν
830 851 1114 899 ποιεῖσθαι
1161 847 1262 915 τὴν
1301 845 1523 913 ὁμιλίαν
1568 846 1670 914 τὴν
1707 846 1843 915 πρὸς

153 936 250 987 τὸν
281 934 472 1004 ἀρετῆς
503 935 822 1004 ἠμεληκότα,
863 934 891 988 ὁ
932 931 993 988 δὲ
1032 936 1126 988 καί
1160 954 1285 988 τινα
1319 935 1535 997 τούτοις
1566 933 1841 1003 προσέθη-

87 1044 129 1075 ιο
153 1043 248 1076 κεν
298 1023 455 1093 ἕτερα
500 1024 600 1091 τὴν
655 1023 829 1091 αὐτὴν
881 1021 1077 1092 ἔχοντα
1132 1025 1470 1092 συμβουλήν.
1554 1025 1685 1086 τοὺς
1737 1024 1841 1092 γὰρ

154 1111 388 1174 ἀθλίους
419 1113 651 1174 τούτους
682 1114 814 1174 τοὺς
845 1110 906 1165 ἐν
939 1112 1051 1182 ὠνῇ
1085 1110 1175 1165 καὶ
1207 1113 1403 1182 πράσει
1428 1119 1490 1182 τῇ
1516 1120 1629 1165 τῶν
1660 1111 1842 1165 ὠνίων

155 1203 354 1264 ζῶντας
408 1199 668 1265 συλλέξας
722 1202 814 1254 διὰ
871 1210 983 1254 τῶν
1037 1201 1388 1270 ῥαβδούχων,
1450 1201 1604 1254 τουτὶ
1659 1201 1720 1254 δὲ
1772 1198 1842 1270 ἦν

153 1292 332 1358 λῆμμα
365 1289 571 1362 ἑκάστῳ
604 1300 715 1343 τῶν
747 1290 1076 1360 ῥαβδούχων
1105 1297 1332 1358 ποιῆσαι
1366 1290 1464 1342 τὸν
1495 1288 1841 1358 εἰλημμένον,

153 1379 200 1430 εἰ
246 1379 349 1448 γὰρ
397 1379 469 1447 μὴ
517 1377 677 1431 τοῦθ’
724 1378 1024 1447 ὑπέμενον,
1078 1380 1313 1447 ἤγχοντο
1369 1378 1462 1446 ἄν,
1515 1379 1616 1447 τὴν
1668 1379 1841 1431 νύκτα

87 1486 128 1518 15
153 1469 345 1520 τοίνυν
396 1467 688 1536 ἀνηλωκὼς
742 1466 803 1520 ἐν
857 1473 931 1538 τῷ
984 1476 1235 1535 σκοπεῖν,
1292 1467 1320 1520 ὅ
1376 1487 1428 1520 τι
1482 1468 1583 1538 χρὴ
1635 1473 1841 1520 παθεῖν

152 1557 280 1617 τοὺς
319 1554 635 1624 ἐχομένους,
681 1559 907 1624 πληγῶν
947 1555 1166 1624 ἐποίησε
1205 1557 1305 1624 τὴν
1343 1555 1576 1624 ἡμέραν,
1614 1560 1840 1625 πληγῶν

154 1643 277 1696 ὅσαι
310 1643 545 1711 γένοιντ’
577 1644 646 1697 ἂν
676 1643 802 1698 καθ’
836 1644 1068 1698 ἕκαστον
1097 1644 1205 1697 ὑπὸ
1240 1643 1383 1698 νέων
1412 1643 1835 1716 πεντεκαίδεκα,ξ

63 1742 161 1786 RH
182 1748 266 1787 467
299 1740 398 1784 τοῦ
438 1733 538 1787 τὸν
577 1735 847 1804 πρότερον
887 1732 1191 1802 ἀποκαμεῖν
1230 1733 1549 1801 εἰσάγοντος
1587 1734 1685 1786 τὸν
1724 1734 1839 1786 διά-

153 1820 334 1888 δοχον.
403 1821 584 1888 ’ἡγεῖτο
625 1822 748 1890 γάρ,
789 1822 919 1891 ὅπερ
961 1817 1030 1874 αὖ
1070 1820 1160 1874 καὶ
1201 1821 1229 1874 6
1269 1824 1463 1891 πατήρ,
1503 1823 1735 1893 σιδήρου
1775 1823 1840 1875 τὰ

87 1929 128 1960 20
152 1917 298 1961 νῶτα
343 1918 458 1971 τοῖς
497 1910 857 1977 τυπτομένοις
902 1907 1058 1963 εἶναι.
1137 1910 1182 1962 8.
1238 1908 1328 1962 καὶ
1375 1919 1589 1980 πρῶτος
1635 1910 1840 1974 ἐκεῖνος

152 1994 411 2066 ἐτόλμησε
460 2002 695 2067 πληγαῖς
741 1998 1082 2067 ἐργάσασθαι
1135 1999 1408 2066 θάνατον,
1465 1993 1532 2051 οὗ
1585 1999 1840 2068 μαθητὴν

151 2082 272 2153 ἔσχε
314 2088 595 2155 Τατιανόν,
635 2085 842 2150 ἐκεῖνος
875 2085 934 2140 δὲ
966 2088 1064 2140 τὸν
1097 2088 1239 2140 υἱόν.
1308 2085 1398 2139 καὶ
1435 2085 1582 2158 ᾤμην
1621 2106 1683 2155 γε
1713 2095 1839 2140 τοῦ-

152 2193 249 2226 τον
281 2172 386 2242 ἐγὼ
418 2184 533 2238 τοῖς
563 2174 789 2229 ἐκείνων
825 2178 1227 2244 αἰσχυνόμενον
1257 2175 1574 2245 μηδετέροις
1603 2174 1836 2237 ἕψεσθαι

151 2261 275 2329 μηδ’
308 2262 424 2315 ἀντ’
456 2264 758 2334 ἀνθρώπου
791 2268 998 2334 θηρίον
1031 2267 1275 2332 ἔσεσθαι,
1316 2265 1344 2317 6
1379 2262 1427 2317 δ’
1457 2265 1562 2331 ἄρα
1594 2263 1838 2331 ἐνόμιζεν

270 2442 324 2480 22
358 2438 414 2482 cf.
442 2439 502 2482 ad
532 2454 577 2495 p.
596 2444 717 2494 41‚7.
766 2440 865 2484 Zos.
890 2440 954 2484 IV
979 2443 1049 2483 45.
1098 2438 1163 2484 Of.
1191 2438 1369 2482 Sievers
1399 2453 1444 2495 p.
1472 2443 1555 2482 266

270 2605 295 2642 3
330 2602 473 2645 αὐτοῦ
509 2601 622 2645 CIV
642 2601 743 2645 Mor
864 2606 889 2644 6
923 2599 1009 2645 ὅσα
1043 2601 1206 2657 scripsi
1239 2614 1262 2644 e
1290 2601 1334 2644 V
1382 2595 1445 2644 ’ἂν
1470 2601 1515 2644 A
1577 2598 1636 2645 ἂν
1668 2599 1836 2656 reliqui

151 2658 259 2701 libri
282 2659 384 2703 Mor
445 2659 474 2703 ἃ
501 2657 560 2703 ἂν
584 2660 652 2704 Re
767 2666 791 2703 8
815 2659 900 2716 τὴν
927 2662 986 2717 (2)
1013 2675 1088 2704 om
1113 2662 1158 2704 B
1266 2663 1320 2702 10
1347 2659 1491 2703 αὑτοῦ
1519 2659 1557 2703 Ο
1667 2664 1719 2702 13
1744 2667 1834 2703 τῶν

152 2717 429 2774 εἰλημμένων
456 2719 556 2762 Mor
663 2724 718 2762 14
743 2716 924 2776 ἥγχοντ’
957 2719 1024 2763 Re
1085 2718 1137 2763 οἵ
1163 2715 1279 2762 οιντ’
1308 2718 1410 2761 Mor
1517 2722 1569 2760 17
1595 2717 1731 2762 πέντε
1754 2718 1835 2762 καὶ

152 2775 264 2820 δέκα
292 2778 371 2822 CA
397 2778 487 2820 edd
514 2778 520 2834 Ι
550 2778 598 2822 ἐκ
621 2780 728 2833 post
750 2776 1084 2822 πεντεκαίδεκα
1157 2779 1206 2831 V,
1237 2777 1324 2820 lac.
1344 2782 1370 2820 3
1393 2776 1473 2820 litt
1496 2778 1551 2831 P,
1577 2781 1690 2820 8—9
1718 2777 1834 2821 VaB

209 2834 352 2879 λείπει
375 2836 459 2893 ἠεῖι
482 2836 533 2879 in
555 2850 689 2894 marg
711 2838 757 2882 A
885 2842 938 2880 21
966 2836 1239 2893 ἐργάζεσθαι
1263 2836 1331 2879 Re
1464 2840 1519 2878 23
1546 2835 1724 2880 ἐκεῖνον
1747 2836 1783 2879 Ι

153 2898 207 2936 24
239 2893 298 2950 μὴ
330 2891 377 2937 δ’
413 2895 627 2939 APIBV
667 2897 672 2954 Ι
716 2894 739 2940 ὃ
773 2896 818 2939 A
881 2893 904 2938 ὅ
935 2897 1067 2940 IBV
