1992 3094
186 66 292 118 282
722 67 951 110 LIBANII
982 66 1206 111 ORATIO
1239 67 1317 111 XL

186 201 389 271 ἐπάρας
428 210 546 264 ταῖς
584 200 767 255 ἐλπίσι
805 202 895 255 καὶ
936 205 1181 272 χρήματα
1219 202 1310 256 καὶ
1349 205 1555 272 χρόνον
1604 202 1689 256 ὅτι
1729 208 1878 258 πλεῖ-

185 305 318 343 στον
357 289 641 352 ἀναλώσας
688 293 754 344 τὰ
800 301 988 360 πρῶτα
1033 291 1135 358 μὲν
1181 291 1305 362 περὶ
1352 299 1446 360 τῆς
1494 290 1736 360 ἀμαθίας
1783 292 1879 345 αὐ-

184 388 295 431 τῶν
327 378 546 431 ἀκούων
577 379 808 448 ἠπίστει,
839 381 973 448 μετὰ
1003 388 1174 434 ταῦτα
1207 377 1268 433 δὲ
1299 381 1626 449 ἠναγκάσθη
1657 388 1878 434 πιστεῦ-

186 482 276 519 σαι
315 477 427 521 τῶν
464 465 566 536 μὲν
606 467 777 520 αὐτοῦ
818 470 1128 536 μεινάντων
1161 470 1362 532 αὑτοὺς
1394 470 1642 537 εἰδότων,
1680 477 1782 522 τοῦ
1822 468 1872 522 δ’

141 579 159 611 5
185 554 554 625 ἐπανήκοντος
623 555 1040 626 ἐξελεγχθέντος
1109 557 1308 626 οὕτως,
1379 557 1515 611 ὥστε
1583 559 1713 620 τοὺς
1777 557 1878 626 μὲν
1960 583 1972 590 -

187 646 471 713 δυσμενῶς
502 646 639 712 πρὸς
670 647 767 699 τὸν
791 644 1158 717 Ἀλέξανδρον
1182 649 1408 716 ἔχοντας
1434 650 1646 715 χαίρειν
1668 651 1878 718 μᾶλλον

184 744 294 786 τῶν
349 739 658 805 θησαυροῖς
711 732 1196 805 ἐντετυχηκότων,’
1223 738 1354 798 τοὺς
1408 732 1469 788 δὲ
1517 737 1715 804 φίλους
1758 733 1871 804 μετ’

185 823 357 875 αὐτοῦ
397 828 634 892 θρηνεῖν
673 824 815 877 οὕτω
858 828 1123 893 λαμπρῶν
1154 813 1396 877 ἐλπίδων
1428 825 1575 895 αὐτῷ
1606 825 1879 893 διεφθαρ-

185 910 381 979 μένων.
460 912 635 974 οὕτως
675 910 844 966 οὐδὲν
883 914 1042 976 εἰδὼς
1083 909 1163 966 ὧν
1203 912 1409 966 εἰδέναι
1449 920 1587 982 χρῆν
1628 912 1656 966 ὁ
1698 912 1876 981 ῥήτωρ

119 1023 161 1053 10
184 1001 526 1070 περιήρχετο,
565 1002 765 1071 μικρὸν
798 1003 991 1070 εἰπεῖν,
1032 1002 1201 1055 οὐδὲν
1241 1003 1320 1054 ὢν
1359 1002 1715 1071 ἀνδραπόδου
1755 1003 1878 1068 βελ-

172 1091 336 1155 τίων,
380 1087 511 1142 οὐδὲ
547 1091 652 1159 γὰρ
686 1091 921 1143 εἰδώλου
962 1110 1023 1158 γε
1062 1090 1287 1159 ἐκεῖνος,
1329 1091 1455 1144 οὔτε
1495 1090 1672 1159 λέγων
1711 1086 1879 1143 οὐδὲν

185 1179 311 1231 οὔτε
358 1178 576 1246 λέγοντι
615 1179 919 1249 προσέχων,
967 1187 1238 1233 τοσοῦτον
1285 1179 1503 1249 ἀπέχων
1540 1180 1713 1247 <τοῦ>
1751 1182 1879 1248 χρή·
1959 1202 1962 1203 ’

185 1273 391 1320 σασθαι
430 1274 505 1340 τῷ
541 1270 785 1337 στόματι,
824 1269 963 1321 ὥστε
1003 1267 1093 1321 καὶ
1132 1270 1193 1321 τὸ
1226 1276 1418 1322 νεῦσαι
1451 1268 1694 1336 κάματον
1733 1270 1878 1335 ἔχειν

186 1356 346 1427 αὐτῷ.
427 1357 472 1408 7.
527 1358 787 1410 τοιούτου
841 1361 1038 1411 τοίνυν
1083 1358 1314 1426 ἥκοντος
1359 1357 1493 1426 ἡμῖν
1541 1356 1645 1409 ἀπὸ
1678 1354 1879 1424 Ῥώμης
1955 1369 1963 1427 ζ

118 1467 159 1499 15
186 1443 413 1514 ἑρμαίου
466 1446 554 1498 καὶ
608 1455 720 1499 τῶν
774 1446 840 1499 οὐ
895 1448 1285 1500 πεπλευκότων
1335 1444 1424 1498 ἐπὶ
1478 1444 1728 1513 τάκείνης
1783 1444 1878 1497 αὑ-

185 1536 313 1596 τοὺς
352 1533 732 1588 ἐπαινούντων
775 1536 863 1588 καὶ
903 1545 1015 1588 τῶν
1054 1534 1306 1589 Ἀττικῶν
1346 1536 1527 1603 λόγων
1566 1532 1877 1603 ὠφελουμέ-
1951 1538 1966 1585 ὲ

184 1643 299 1676 νων
337 1623 445 1675 ὑπὸ
494 1631 593 1676 τοῦ
634 1633 745 1676 τῶν
791 1620 893 1693 μὲν
940 1623 1191 1677 ἐκπεσεῖν
1236 1623 1452 1677 ἐκεῖνον
1499 1619 1578 1676 ὧν
1624 1617 1758 1692 εἶχε,
1812 1623 1877 1674 τὰ
1951 1627 1978 1666 2²

186 1708 245 1764 δὲ
303 1714 375 1780 μὴ
432 1715 622 1781 λαβεῖν
680 1711 767 1781 ἐφ’
815 1714 950 1782 ἅπερ
1005 1709 1170 1780 ἦλθε,
1223 1713 1323 1765 τὸν
1377 1713 1444 1780 δὴ
1500 1719 1757 1765 τοιοῦτον
1812 1709 1878 1763 ὃν
1948 1743 1961 1779 3·

118 1823 159 1854 19
186 1802 414 1869 ἄφωνον
483 1802 616 1854 ὄντα
684 1799 745 1853 ἐν
815 1794 898 1863 οἷς
967 1796 1037 1868 ἧν
1101 1803 1214 1854 ἔδει
1275 1802 1453 1853 πάντα
1514 1794 1655 1853 εἶναι
1717 1801 1814 1852 τὸν
1868 1797 1874 1869 Ι
1946 1819 1962 1874 ‚j

95 1902 200 1945 RH
219 1906 303 1946 368
342 1891 566 1959 χρόνον,
621 1888 905 1958 ἀπέφηνας
950 1891 1230 1959 πάρεδρον
1285 1890 1377 1942 διὰ
1421 1890 1519 1942 τὸν
1563 1890 1742 1941 πάντα
1789 1902 1877 1940 σοι
1948 1937 1961 1962 ‹

185 1987 360 2040 κακῶς
411 1981 753 2047 πειθόμενον
808 1978 1065 2047 ἀδελφόν.
1150 1977 1239 2031 καὶ
1295 1979 1355 2031 τὸ
1409 1979 1511 2047 μὲν
1566 1982 1755 2045 ζεῦγος
1808 1976 1875 2029 οὐ
1950 2044 1954 2054 2

307 2173 359 2211 16
394 2168 549 2211 cf.t.1
573 2173 718 2222 499‚8
842 2173 894 2211 21
930 2167 1161 2225 Δομέτιον
1195 2168 1253 2212 cf.
1279 2184 1324 2225 p.
1343 2172 1444 2223 287,
1470 2173 1495 2211 5

304 2351 329 2388 2
376 2353 595 2400 ταπρῶτα
627 2347 710 2389 IV
884 2352 909 2388 3
957 2346 1164 2396 ἀκούσας
1194 2346 1329 2403 Bong
1378 2346 1383 2403 Ι
1434 2351 1694 2401 μεταταῦτα
1727 2345 1808 2388 IV

186 2411 211 2446 4
245 2405 416 2456 αὐτοὺς
449 2406 518 2461 Vl
547 2404 598 2449 δὲ
624 2405 668 2448 V
781 2410 806 2447 8
841 2402 1040 2450 ἐλπίδων
1064 2406 1099 2447 Ι
1125 2405 1205 2448 sed
1232 2405 1277 2449 ἐλ
1308 2405 1357 2447 in
1380 2417 1456 2447 ras
1481 2403 1550 2447 m²
1673 2408 1724 2446 11
1760 2402 1874 2447 ἐκεῖ·

186 2480 266 2514 νος
295 2465 329 2507 Ι
355 2465 436 2508 sed
469 2464 563 2508 ἐκεῖ
591 2463 641 2506 in
664 2477 740 2507 ras
764 2463 834 2506 m²
957 2469 1010 2506 12
1042 2471 1125 2507 τοῦ
1157 2464 1332 2508 inserui
1462 2469 1517 2506 14
1549 2463 1693 2506 αὐτῶι
1717 2463 1761 2505 Α
1795 2460 1875 2504 sed
1942 2454 1959 2483 7

186 2540 240 2579 γρ
266 2523 409 2566 αὐτὸν
440 2522 489 2565 in
513 2535 648 2579 marg
710 2523 853 2566 αὐτὸν
881 2523 990 2567 GPa
1021 2523 1102 2566 sed
1126 2522 1175 2565 in
1199 2523 1287 2566 hoo
1318 2523 1443 2566 αὐτῶ
1475 2523 1524 2565 in
1548 2535 1694 2578 marg,
1719 2523 1765 2565 P
1794 2519 1875 2564 sed

188 2589 222 2625 ῶ
255 2595 470 2638 suprascr
501 2581 571 2624 1113
719 2586 772 2625 15
806 2579 999 2638 ἑρμαίου
1030 2581 1141 2625 libri
1172 2581 1307 2638 Bong
1421 2579 1618 2636 Ἑρμέου
1650 2581 1718 2623 Re
1750 2578 1874 2635 quod

188 2641 386 2684 correxit
425 2639 624 2684 Cobetus
665 2639 777 2685 Con.
805 2645 888 2683 133
922 2641 1025 2684 coll.
1051 2642 1084 2684 t.
1110 2641 1152 2683 II
1185 2645 1285 2694 504,
1305 2645 1358 2683 15
1410 2642 1416 2696 Ι
1465 2638 1767 2683 πεπλακότων
1802 2637 1870 2695 Vl

186 2699 243 2743 τὰ
269 2696 446 2755 ’κείνης
477 2701 570 2744 AP
599 2699 679 2743 sed
710 2699 759 2742 in
790 2700 878 2743 hoc
907 2696 920 2714 '
957 2712 1058 2743 eras
1171 2699 1228 2743 τὰ
1260 2697 1416 2755 κείνης
1449 2701 1492 2743 V
1527 2701 1533 2754 Ι
1576 2698 1747 2749 αὐτοὺς
1779 2698 1824 2742 V

249 2763 302 2802 18
336 2757 390 2803 ὃν
422 2758 588 2814 scripsi
649 2758 793 2803 αὐτὸν
824 2758 933 2801 libri
965 2758 1098 2816 Bong
1159 2758 1213 2802 σὺ
1247 2756 1300 2802 ὃν
1334 2758 1401 2801 Re
1542 2761 1596 2800 19
1628 2752 1686 2812 ἦν
1719 2770 1794 2799 0111
1826 2755 1874 2798 in

186 2831 260 2860 ras
287 2822 385 2860 2—3
410 2817 490 2860 litt
513 2818 591 2861 ΡΙ
609 2819 657 2860 et
679 2817 812 2873 Bong
948 2821 1004 2860 20
1037 2818 1220 2871 „malim
1245 2816 1326 2860 διὰ
1348 2824 1430 2860 τοῦ
1448 2843 1492 2848 -
1509 2821 1563 2859 21
1590 2813 1874 2870 πειθομένου
1945 2811 1952 2853 ss

187 2877 421 2931 ἀδελφοῦ“
446 2876 514 2920 Re
547 2877 597 2919 at
628 2875 685 2919 cf.
710 2891 754 2932 p.
776 2881 934 2931 71‚15;
966 2878 998 2919 t.
1023 2877 1045 2919 Ι
1072 2880 1236 2930 198,15
1370 2880 1423 2918 21
1457 2875 1540 2919 τὸν
1563 2876 1598 2918 Ι
1615 2874 1697 2918 sed
1721 2891 1747 2917 ν
1772 2885 1874 2917 eras
