1992 3094
22 2831 34 2972 μην..
22 2634 33 2822 ...ψ-μη(
24 2559 27 2562 ,

251 101 477 145 LIBAMI
511 101 735 146 ORATIO
767 102 851 145 AD
884 101 1281 146 THEODOSIUM
1312 102 1429 147 PRO
1463 102 1659 147 CURIIS
1721 103 1827 155 457

136 236 291 308 ὁρᾷς
337 238 490 300 τοὺς
541 235 894 305 ἑστηκότας
940 238 1100 307 ἡμᾶς
1144 240 1296 300 τοὺς
1345 239 1832 307 εὐαριθμήτους

134 328 287 388 τοὺς
334 324 480 378 ἀντὶ
526 335 653 379 τῶν
700 328 930 394 χιλίων
982 325 1089 379 καὶ
1145 328 1508 381 διακοσίων
1555 329 1828 392 δώδεκα;

135 413 306 469 τοῦτ’
346 417 528 468 ἔστιν
567 414 599 483 ἡ
639 417 859 484 βουλή.
928 423 1130 468 ταῦτα
1167 418 1333 483 μόνα
1371 418 1444 469 τὰ
1483 417 1644 484 πρὸς
1684 431 1830 470 τοσ-

136 511 308 557 αῦτα
356 503 726 573 πράγματα
777 503 1083 572 ἀγόμενα
1136 505 1424 571 σώματα.
1511 503 1593 558 δι’
1639 505 1830 574 ἡμῶν
1875 528 1898 558 4

133 591 250 645 τάν
295 601 368 663 τῇ
414 594 625 660 πόλει,
676 590 683 662 Ι
734 590 812 645 δι’
861 593 1038 661 ἡμῶν
1084 593 1200 646 τάν
1245 602 1382 657 τοῖς
1429 594 1680 663 ἀγροῖς,
1712 607 1918 651 RH576

134 679 221 734 δι’
267 682 455 750 ἡμῶν
501 682 580 734 τά
626 683 860 750 μείζω,
909 680 996 734 δι’
1044 683 1233 751 ἡμῶν
1277 684 1354 735 τὰ
1401 681 1689 752 ἐλάττω,
1737 683 1830 737 δι’

134 770 324 839 ἡμῶν
368 772 445 824 τὰ
493 772 914 840 κουφότερα,
967 769 1053 824 δι’
1101 772 1289 839 ἡμῶν
1338 773 1415 824 τὰ
1460 774 1828 842 βαρύτερα.

134 859 250 912 διὰ
319 849 529 913 τοῦτο
599 869 734 913 τῶν
804 860 1032 913 αὐτῶν
1094 860 1458 928 ὀνομάτων
1528 861 1829 925 ἀκούεις.

136 949 184 1000 9.
239 949 446 1016 ταύτην
485 949 588 1017 τὴν
627 948 941 1018 ὀλόφυρσιν
978 950 1044 1002 τὰ
1084 950 1406 1018 δικαστήρια
1446 949 1658 1020 δέχεται
1700 965 1829 1018 συγ-

133 1038 361 1106 γνώμην
398 1037 501 1104 μὲν
540 1037 785 1107 φέροντα
823 1047 940 1101 τοῖς
976 1038 1456 1108 ὀλιγωρουμένοις,
1495 1041 1830 1108 συγγνώμην
1855 1060 1898 1092 10

134 1122 195 1179 δὲ
228 1125 472 1195 φέροντα
503 1136 620 1190 τοῖς
648 1126 1167 1196 κακουργουμένοις.
1238 1130 1568 1196 βουλόμενοι
1602 1129 1668 1196 δὴ
1701 1130 1829 1181 ταύ-

132 1233 229 1283 της
260 1234 316 1268 τε
350 1215 652 1269 ἀπολαύειν
682 1224 778 1285 τῆς
810 1216 1166 1286 ἀποστροφῆς
1196 1218 1287 1269 καὶ
1319 1215 1379 1269 ἐν
1410 1218 1600 1283 μόνοις
1632 1220 1829 1285 σφίσιν

134 1303 396 1357 ἵστασθαι
443 1306 510 1357 τὰ
556 1307 808 1374 λήμματα
855 1306 1070 1358 δεδίασι
1118 1307 1191 1373 μή
1237 1326 1290 1358 τι
1336 1315 1446 1358 τῶν
1487 1305 1731 1376 ἀρχαίων
1773 1307 1829 1359 αἱ

132 1390 332 1459 βουλαὶ
372 1396 728 1462 κομίσωνται,
767 1392 857 1447 καὶ
897 1395 958 1448 τὸ
998 1395 1094 1457 τὰς
1125 1395 1333 1462 βουλὰς
1365 1394 1665 1464 ἀναστῆναι
1696 1393 1822 1465 παρ’

133 1481 291 1550 ὑμῶν
324 1485 628 1550 ζητοῦντες,
661 1483 808 1546 ὅπως
840 1481 924 1536 ἀεὶ
955 1486 1234 1537 κείσονται
1265 1484 1586 1551 πράττουσι,
1617 1487 1829 1551 μᾶλλον
1854 1502 1895 1536 15

134 1566 195 1622 δὲ
227 1571 288 1623 τὸ
320 1567 421 1638 μὲν
452 1580 892 1643 προσποιοῦνται
930 1576 1124 1641 ζητεῖν,
1163 1573 1224 1625 τὸ
1258 1571 1307 1625 δ’
1340 1575 1512 1635 ὄντως
1553 1571 1828 1626 ἐθέλουσι.

137 1659 220 1712 10.
276 1661 361 1713 δεῖ
407 1670 524 1724 τοῖς
570 1661 933 1731 λουσομένοις
978 1663 1166 1731 πυρός.
1245 1660 1453 1725 ἔξεστιν
1501 1660 1690 1715 ἐλθεῖν
1740 1660 1827 1715 ἐπὶ

133 1748 234 1801 τὸν
274 1749 428 1802 δεῖνα
467 1750 557 1802 καὶ
598 1751 696 1803 τὸν
732 1751 904 1818 δεῖνα,
946 1752 999 1804 οἱ
1040 1747 1101 1803 δὲ
1134 1751 1237 1804 οὐκ
1268 1749 1543 1804 ἐθέλουσι.
1614 1752 1698 1803 δεῖ
1728 1758 1826 1804 τοῦ

133 1837 446 1906 θρέψοντος
494 1839 697 1902 ἵππους
743 1840 953 1908 ἡδονὴν
992 1838 1327 1910 παρέξοντας
1370 1840 1608 1909 δρόμοις.
1685 1838 1829 1892 εἰσὶν

134 1920 214 1979 ὧν
253 1927 323 1980 ἄν
360 1947 443 1990 τις
483 1930 787 1997 λαβόμενος
827 1928 1061 1997 ἀναθείη
1105 1930 1207 1997 τὴν
1255 1930 1629 1997 λειτουργίαν,
1678 1929 1732 1981 οἱ
1772 1926 1819 1980 δ’
1852 1948 1896 1979 20

134 2015 338 2079 αὐτοὺς
376 2025 557 2087 γυμνῇ
594 2025 659 2087 τῇ
699 2022 907 2089 κεφαλῇ
940 2026 1257 2089 προσεῖπον.
1330 2013 1446 2070 εἶτα
1482 2025 1583 2069 τοῦ
1623 2019 1823 2086 παρόν-
1865 2058 1874 2065 .

133 2123 225 2167 τος
263 2113 459 2173 καιροῦ
499 2113 907 2175 κατηγοροῦσιν
946 2107 1019 2169 ὡς
1048 2108 1145 2169 τὰς
1176 2107 1380 2174 βουλὰς
1418 2106 1828 2168 καταδύσαντος

133 2190 293 2245 αὐτοὶ
339 2194 746 2257 καταδύσαντες
791 2193 882 2247 καὶ
925 2197 1421 2257 καταποντίσαντες
1459 2193 1550 2247 καὶ
1590 2199 1827 2247 κεκωλυ-

132 2282 287 2343 κότες
319 2281 488 2344 αὐτὰς
524 2282 844 2351 ἀναβιῶναι.
913 2286 983 2337 σὺ
1015 2281 1117 2351 μὲν
1149 2285 1254 2352 γὰρ
1293 2291 1457 2336 τοῦτο
1499 2283 1826 2352 ἐβουλήθης,

252 2431 277 2468 2
304 2427 514 2482 ef.p.450
531 2429 664 2472 nom
757 2433 782 2471 9
809 2428 983 2472 Thuc.1
1002 2433 1160 2483 143‚5;
1184 2429 1351 2482 1151‚3
1454 2434 1505 2471 12
1533 2430 1825 2484 ef.p.412‚13

193 2489 248 2528 20
282 2485 338 2528 of.
363 2488 397 2529 t.
422 2486 466 2529 H
491 2491 627 2542 96,2Ο
768 2493 821 2531 21
857 2488 912 2531 cf.
938 2489 971 2532 ἡ.
997 2488 1061 2531 ΠΙ
1086 2488 1293 2543 212‚4R;
1319 2487 1436 2530 Plat.
1463 2487 1658 2531 Phaedr.
1679 2492 1762 2530 243
1774 2487 1824 2531 Β.

133 2543 269 2602 Greg.
297 2543 432 2601 Cypr.
456 2559 582 2602 prov.
609 2546 736 2590 Leid.
762 2547 784 2589 Ι
808 2552 860 2591 81
897 2561 998 2590 cum
1033 2550 1147 2591 nota
1178 2547 1414 2590 Leutschii

253 2681 278 2719 3
317 2684 427 2721 τοῦτ
481 2678 603 2723 ἔστιν
643 2692 668 2722 e
705 2677 941 2724 τουτέστιν
978 2693 1080 2723 corr
1110 2679 1184 2724 ΡΒ
1272 2676 1405 2723 ταῦτ’
1435 2679 1501 2722 Re
1559 2681 1565 2735 Ι
1621 2685 1824 2722 τοσαῦτα

132 2735 297 2791 scripsi
357 2744 551 2781 τοιαῦτα
573 2737 684 2782 libri
709 2738 801 2782 edd
895 2743 922 2781 4
948 2736 1083 2784 δι’-
1102 2743 1128 2782 5
1152 2736 1283 2782 πόλει
1308 2752 1383 2781 om
1408 2737 1552 2795 Bong‚
1578 2737 1824 2782 inserenda.

134 2795 238 2837 coni
261 2795 329 2838 Re
354 2796 495 2839 Anim
617 2801 671 2840 10
703 2805 800 2848 τοῖς
823 2812 896 2841 om
924 2799 957 2840 I
1074 2801 1126 2840 16
1152 2813 1203 2840 το
1230 2798 1291 2854 (1)
1315 2798 1362 2841 Ρ
1386 2799 1392 2853 Ι
1418 2797 1470 2840 τὸ
1497 2794 1824 2841 δ’-ἐθέλουσι

134 2867 209 2896 om
234 2854 280 2897 B
300 2853 306 2913 Ι
327 2853 378 2898 δὲ
402 2855 470 2898 Re
578 2860 632 2898 20
658 2855 704 2900 οἳ
720 2858 765 2900 A
829 2855 882 2900 οἴ
898 2858 944 2901 Ρ
963 2856 1045 2900 sed
1071 2855 1083 2870 '
1106 2856 1154 2899 in
1178 2869 1253 2899 ras
1277 2855 1361 2909 m²‚
1378 2857 1453 2900 IB
1556 2861 1609 2899 21
1638 2856 1824 2911 „malim

133 2911 331 2964 αὑτοὺς“
363 2913 432 2957 Re
553 2919 608 2957 22
642 2916 985 2965 καταδύσαντες
1015 2916 1059 2958 A
1181 2918 1236 2957 23
1269 2915 1553 2965 καταδύντες
1586 2915 1623 2960 C'
