1992 3094
163 149 233 202 32
238 149 270 200 8
686 144 913 190 LIBANII
946 144 1169 189 ORATIO
1201 144 1324 188 XLII

165 286 432 346 εἰσιόντος
472 279 531 335 δὲ
579 287 932 350 θρηνοῦντας
970 281 1100 342 τοὺς
1138 278 1480 348 δεξομένους.
1557 279 1647 332 καὶ
1694 280 1755 332 τό
1795 299 1859 347 γε

165 381 279 434 τοῖς
348 371 662 440 φάσκουσιν
731 370 834 422 οὐκ
895 362 1038 422 εἶναι
1103 370 1274 432 θεοὺς
1343 370 1861 437 συναγωνιζόμενον

165 469 327 514 τοῦτο
368 462 529 513 ἔστιν.
608 459 663 512 εἰ
703 459 822 527 γὰρ
862 453 1050 526 ἦσαν,
1091 455 1340 525 λέγουσι,
1383 455 1503 510 κᾶν
1541 455 1859 526 ἐκήδοντο
1946 454 1951 471 ³

165 557 273 617 τῆς
320 557 455 618 γῆς,
506 545 888 615 κηδομένων
935 543 1004 599 δὲ
1051 553 1160 614 τῆς
1207 553 1320 614 γῆς
1371 547 1488 599 οὐκ
1523 545 1617 599 ’ἂν
1667 541 1861 608 οὗτος

120 634 373 706 5ἧρχεν.
451 637 511 699 ὃς
558 636 691 688 ὅταν
738 636 886 703 παρὰ
934 641 1038 688 σοῦ
1087 642 1251 688 τοῦτο
1303 635 1406 688 οὐκ
1457 637 1575 705 ἔχῃ,
1628 635 1863 688 δίδωσιν

166 727 330 789 αὐτὸς
383 725 530 798 αὐτῷ
577 724 746 777 πλέον
802 727 946 793 ἔχειν
997 721 1165 787 ἀξιῶν
1219 733 1330 777 τῶν
1384 722 1445 776 ἐν
1498 733 1616 786 ταῖς
1670 723 1863 793 ἀρχαῖς
1940 710 1941 713 ¹

167 816 359 868 ὄντων.
427 811 517 866 καὶ
556 821 727 866 ταῦτα
760 807 877 866 οἶδε
915 817 1095 875 καλῶς
1126 812 1158 881 ἡ
1194 815 1430 881 Φοινίκη
1463 810 1553 865 καὶ
1585 815 1861 882 μαρτυρή-

167 917 313 957 σειεν
352 903 438 970 ἄν,
479 903 525 955 εἰ
566 902 705 954 θεὸν
737 898 1010 971 ἐγγυητὴν
1048 897 1188 970 ὑπὲρ
1228 909 1329 954 τοῦ
1367 899 1663 968 μέλλοντος
1702 901 1864 969 λάβοι
1942 904 1946 907 ’

166 993 384 1061 χρόνου.

103 1101 144 1133 10
279 1079 366 1132 43.
428 1077 661 1149 Ἀρχέτω
709 1076 811 1148 μὲν
857 1074 986 1147 οὖν,
1042 1079 1090 1131 εἰ
1135 1079 1351 1146 βούλει,
1401 1085 1496 1146 τῆς
1544 1074 1605 1130 δὲ
1650 1077 1866 1147 ὕβρεως

169 1170 307 1221 δότω
349 1168 535 1237 δίκην,
579 1167 648 1236 ἣν
686 1167 882 1238 ὕβρισε
921 1167 1023 1237 μὲν
1066 1166 1397 1234 Θαλάσσιον,
1437 1165 1632 1237 ὕβρισε
1672 1162 1734 1218 δὲ
1773 1163 1863 1234 ἐμὲ
1934 1183 1935 1186 ’

169 1258 268 1325 τὴν
316 1258 408 1310 διὰ
453 1264 549 1325 τῆς
600 1258 814 1319 εἰκόνος
859 1256 1022 1325 τιμὴν
1075 1254 1315 1325 ἐλέγχων
1361 1257 1582 1318 δεικνὺς
1629 1255 1763 1308 ἄλλο
1811 1275 1866 1308 τι

169 1343 534 1414 βουλομένην,
574 1343 691 1399 ἀλλ’
723 1345 823 1415 οὐχ
864 1346 997 1415 ὅπερ
1039 1347 1293 1414 ἔφασκεν.
1363 1343 1424 1398 ἐν
1455 1345 1560 1414 γὰρ
1593 1354 1709 1407 τοῖς
1740 1345 1860 1398 δευ-

81 1445 288 1489 RH414
319 1432 497 1503 τέροις
554 1434 560 1502 Ι
619 1434 812 1503 ὁρᾶται
858 1435 924 1487 τὰ
968 1436 1223 1504 πρότερα.
1299 1441 1456 1503 τιμῆς
1501 1433 1603 1502 μὲν
1649 1434 1753 1502 γὰρ
1799 1433 1868 1486 τὰ

105 1542 146 1575 15
170 1522 295 1590 περὶ
329 1523 429 1590 τὴν
469 1523 652 1576 εἰκόνα
692 1524 1052 1591 πεποιηκυίας
1090 1530 1338 1591 κατεῖχεν
1377 1520 1446 1576 ἂν
1477 1520 1760 1590 Ὀπτᾶτον,
1799 1529 1866 1592 τῇ

171 1607 231 1662 δὲ
279 1611 450 1663 εἰκόνι
504 1612 701 1679 ταύτης
749 1611 851 1664 οὐκ
898 1611 1068 1679 οὔσης
1114 1619 1209 1679 τῆς
1259 1612 1434 1673 αἰτίας
1481 1610 1869 1679 ἠκολούθησεν

173 1699 393 1761 εἰκότως
434 1707 549 1762 τοῖς
587 1697 853 1753 Ὀπτάτου
891 1701 957 1753 τὰ
994 1701 1139 1753 πολὺ
1179 1709 1290 1753 τῶν
1329 1697 1593 1752 Ὀπτάτου
1632 1700 1865 1768 μείζονα.

172 1787 258 1839 44.
313 1788 446 1840 ἄνευ
494 1787 556 1841 δὲ
602 1797 713 1841 τῶν
760 1787 821 1842 ἐν
867 1795 942 1860 τῷ
991 1789 1265 1860 συνεδρίῳ
1312 1797 1423 1841 τῶν
1470 1789 1694 1851 ψευδῶν
1737 1785 1869 1840 οὐδ’

174 1875 306 1927 αὐτὸ
354 1874 477 1929 καθ’
521 1875 652 1929 αὑτὸ
701 1878 1056 1946 κρινόμενον,
1104 1877 1136 1946 ἡ
1183 1877 1371 1941 εἰκών,
1418 1877 1580 1945 τιμὴν
1627 1877 1696 1929 ἄν
1742 1895 1868 1929 τινα

108 1986 150 2017 20
174 1962 348 2032 φέροι.
418 1966 609 2032 ἔστησε
647 1962 749 2034 μὲν
788 1967 892 2034 γὰρ
932 1966 1155 2034 ταύτην,
1197 1968 1387 2034 ἔστησε
1427 1961 1487 2017 δὲ
1526 1965 1634 2031 πρὸ
1666 1965 1868 2032 ταύτης

176 2050 359 2121 ἑτέρας
399 2051 615 2122 ἑτέρων,
656 2050 735 2107 ὧν
775 2055 877 2108 οὐκ
917 2053 988 2108 ἂν
1029 2059 1158 2117 ἴσως
1197 2053 1380 2124 ἕτερός
1414 2074 1510 2116 τις.
1588 2055 1636 2107 εἰ
1676 2050 1736 2106 δὲ
1775 2051 1865 2106 καὶ

176 2137 266 2208 ἐμὲ
298 2141 659 2210 πεποιημένος
692 2142 883 2212 ἀρχήν,
923 2136 1030 2197 εἷθ’
1063 2144 1212 2211 ἥκων
1251 2141 1334 2195 ἐπ’
1365 2142 1592 2210 ἐκείνας,
1632 2142 1698 2196 οὐ
1732 2143 1868 2208 σφό-

177 2229 280 2296 δρα
320 2227 390 2282 ἂν
413 2227 608 2299 ἐτίμα,
655 2233 737 2294 τίς
777 2232 809 2300 ἡ
848 2233 974 2300 τιμὴ
1014 2229 1127 2300 μετ’
1160 2231 1370 2294 ἐκείνας
1411 2229 1497 2284 ἐπὶ
1536 2231 1701 2299 τήνδε
1741 2229 1868 2297 ἀφῖ-

178 2322 331 2384 χθαις
379 2315 498 2370 ἀλλ’
533 2316 669 2372 ἔστω
716 2321 843 2388 τιμὴ
890 2322 1047 2382 σανίς
1092 2339 1150 2372 τε
1197 2320 1286 2373 καὶ
1333 2320 1609 2389 χρώματα·
1659 2318 1870 2372 οὐκοῦν

113 2427 153 2457 25
178 2407 373 2471 μείζων
428 2408 590 2474 λόγος
642 2416 886 2477 πανταχῆ
935 2410 1261 2478 φερόμενος;
1309 2407 1624 2477 ἀπειληφὼς
1673 2409 1869 2460 τοίνυν

298 2569 322 2607 8
358 2566 485 2610 Dem.
513 2565 665 2611 Chers.
690 2583 735 2623 p.
758 2572 921 2621 101‚26
941 2583 1006 2624 sq.

300 2716 324 2754 6
359 2714 484 2772 αὐτῷ
518 2715 584 2758 01
732 2719 754 2757 ‘c'
789 2711 882 2759 εἶδε
914 2717 943 2759 1
1088 2719 1142 2758 10
1174 2711 1259 2760 οὖν
1292 2728 1366 2758 om
1397 2716 1432 2758 I
1578 2718 1630 2757 13
1665 2713 1868 2768 ἔφασκεν

182 2770 345 2826 scripsi
369 2759 522 2828 coll.p
526 2777 647 2828 .,257
657 2778 683 2816 8
747 2773 944 2832 ἔπασχεν
967 2773 1078 2817 libri
1104 2773 1195 2817 edd
1291 2778 1343 2816 17
1370 2774 1480 2831 τῶν]
1505 2779 1588 2816 τοῦ
1613 2773 1721 2816 ΒΜ
1735 2773 1870 2844 Bpng

241 2834 292 2871 21
336 2828 408 2874 ἑτέ
437 2787 522 2875 ωνΡ
541 2830 699 2885 ἑτέρας
736 2833 878 2876 IBM
965 2831 1129 2886 ἑτέρων
1169 2847 1244 2876 om
1283 2833 1416 2889 Bong
1588 2836 1643 2874 22
1685 2827 1782 2875 εἷθ’
1818 2831 1867 2874 in
1920 2832 1926 2840 “

181 2901 255 2930 ras
282 2889 325 2931 B
387 2846 454 2932 ετῖ
429 2905 485 2932 τα
509 2891 600 2933 ΙΜ
622 2891 755 2948 Bong
876 2895 930 2933 22
957 2894 1004 2934 et
1029 2895 1083 2934 23
1111 2888 1319 2942 ἐκείνους
1341 2891 1408 2934 Re
1531 2895 1587 2934 24
1613 2891 1697 2934 οὐκ
1722 2887 1806 2934 οὖν
1834 2887 1868 2934 C

244 2951 298 2989 25
332 2950 484 3002 μεῖζον
516 2947 583 2992 Re
627 2953 631 3006 Ι
673 2956 908 3006 πανταχοῖ
935 2950 1216 2994 APVaBM
1245 2950 1335 2993 edd
