1992 3094
152 160 381 206 LIBANII
405 157 628 204 ORATIO
660 157 980 203 ADVERSUS
1011 159 1361 205 PAEDAGOGI
1385 160 1669 206 CONVICIA
1734 163 1838 215 189

152 301 363 361 erravit,
409 299 512 347 sive
558 299 679 361 quia
715 299 977 348 lectionem
1017 315 1164 361 quam
1204 316 1229 348 e
1269 300 1433 349 codice
1471 301 1842 351 Vindobonensi

152 377 206 423 in
255 373 478 437 margine
534 373 826 435 exemplaris
877 375 958 422 sui
1006 375 1315 435 enotaverat‚
1368 378 1542 437 postea
1601 377 1841 424 codicibus

155 450 416 508 ParisiniS‚
455 462 578 509 quos
613 447 797 494 multos
835 449 1111 510 usurpavit,
1150 449 1327 496 tribuit
1365 449 1467 497 sive
1506 450 1624 512 quia
1655 449 1841 498 Palati-

155 539 274 571 num
312 522 392 571 vel
429 521 759 569 Mutinensem
798 521 1053 570 Pari-sinos
1091 522 1230 591 dixit,
1269 525 1327 570 ut
1365 524 1452 585 qui
1489 539 1519 571 a
1557 523 1842 586 Napoleone

155 597 440 659 Bonaparte
470 594 688 644 Parisios
723 594 926 643 abducti
964 598 1140 657 essent,
1179 611 1478 659 quamquam
1516 597 1607 645 hoc
1646 597 1843 646 demon-

156 673 316 720 strare
355 685 455 718 uon
493 684 633 731 queo.
1296 720 1299 722 ,

269 743 343 792 Ex
378 743 456 792 1115
494 758 672 791 novem
720 742 967 791 codicibus
1014 743 1133 804 duo,
1179 742 1569 792 Laurentianum
1609 747 1658 793 et
1695 745 1843 793 Muti-

155 833 359 867 nensem
396 817 528 879 dico,
567 817 704 865 nullo
744 816 1040 866 detrimento
1080 817 1141 866 ab
1182 820 1427 880 apparatu
1467 819 1638 867 critico
1677 819 1844 867 abesse

158 894 378 955 possunt.
455 891 599 939 Prior
644 891 775 938 enim
822 907 879 938 ex
926 891 1095 939 eodem
1142 908 1238 953 quo
1279 891 1562 955 Ghisianus,
1616 893 1742 941 alter
1788 909 1845 940 ex

158 966 331 1015 eodem
385 981 486 1028 quo
539 965 849 1013 Monacensis
902 965 1039 1013 fonte
1092 965 1247 1014 fiuxit.
1338 965 1537 1028 Septem
1589 982 1705 1015 vero
1760 969 1846 1029 qui

157 1042 353 1089 restant
376 1040 566 1088 codices
594 1038 984 1088 CAPIPaMoV
1009 1041 1062 1087 in
1086 1039 1208 1088 duas
1233 1040 1608 1104 distinguuntur
1629 1041 1846 1088 familias

158 1130 370 1177 quarum
411 1113 569 1162 altera
600 1113 766 1161 codice
800 1113 854 1174 V,
891 1113 1029 1176 prior
1061 1114 1267 1175 reliquis
1299 1115 1590 1163 continetur.
1669 1114 1847 1178 Singu-

160 1190 280 1237 laris
304 1187 615 1236 necessitudo
643 1187 774 1235 inter
797 1187 987 1235 codices
1015 1187 1220 1236 0PaMo
1249 1187 1519 1236 intercedit.
1582 1188 1656 1237 De
1686 1190 1846 1251 pretio

160 1263 341 1311 codicis
370 1261 412 1311 O
447 1262 507 1310 ef.
538 1278 586 1324 p.
615 1262 734 1309 164.

271 1336 570 1384 Universum
609 1335 918 1400 cognationis
955 1336 1209 1384 vinculum
1257 1352 1355 1398 quo
1395 1336 1584 1384 codices
1629 1336 1759 1385 inter
1797 1351 1846 1384 se

159 1412 410 1460 coniuncti
449 1412 578 1472 sunt,
616 1410 710 1458 hoc
747 1410 845 1458 tibi
883 1412 1090 1458 stemma
1130 1412 1242 1458 ante
1282 1411 1448 1459 oculos
1486 1412 1655 1472 ponit:

81 2749 85 2755 .
283 2707 449 2756 Unum
494 2707 662 2755 locum
713 2722 771 2753 ex
809 2705 1031 2753 oratione
1077 2700 1317 2760 inscripta
1362 2695 1485 2762 πρὸς
1531 2693 1645 2752 τοὺς
1692 2697 1857 2758 μαθη-

77 2804 84 2826 ;
172 2778 256 2839 τὰς
306 2779 445 2830 ἕνεκα
491 2787 588 2829 τῶν
634 2778 943 2845 ὑβρισάντων
989 2775 1215 2825 laudavit
1260 2770 1557 2819 Macarius
1607 2767 1858 2831 Chryso-

175 2848 529 2920 cephalusl).

296 2967 337 3020 1)
370 2964 437 3009 Cf.
462 2965 534 3010 t.1
559 2980 604 3021 p.
624 2968 723 3008 351.
