1992 3094
668 105 1007 152 PRAEFATIO
1042 107 1277 153 CRITICA
1644 115 1811 158 XXXV

124 251 221 294 τῶν
252 242 428 293 ἑαυτοῦ
459 243 512 294 τὸ
544 243 855 308 ἐντιμότατον
887 245 1042 310 ἔνειμε
1076 249 1251 311 quibus
1284 266 1374 314 ego
1407 256 1633 313 patrem
1674 271 1805 302 mon-

36 364 40 366 .
125 319 272 367 strari
318 318 642 379 credideram,
691 336 823 368 nunc
869 323 1029 384 magis
1076 338 1165 384 pro
1211 324 1349 372 filio
1396 326 1534 387 loqui
1580 327 1809 375 videntur

36 392 38 401 ¹
123 393 432 454 comparanti
484 393 647 441 locum
693 395 728 440 t.
768 393 844 441 III
888 396 1007 455 256,
1028 397 1096 444 20
1150 397 1206 444 τί
1255 395 1344 462 γὰρ
1400 397 1543 462 πατρὶ
1597 400 1808 460 παιδὸς

121 466 531 531 τιμιώτερον;
608 467 777 514 Etiam
825 485 950 529 quae
997 470 1145 531 paulo
1193 472 1321 519 infra
1368 489 1413 533 p.
1448 474 1611 533 471,8
1631 490 1699 535 sq.
1748 475 1806 523 de

122 541 358 588 Antiochi
386 539 489 589 filio
522 540 643 588 dicit
674 540 927 602 Libanius,
963 543 1169 592 suadere
1200 545 1432 593 videntur
1462 550 1518 593 ut
1548 548 1806 596 lectionem

30 623 32 626 '
121 612 298 672 παιδὸς
334 630 646 676 reponamus.

231 720 279 765 p.
312 704 519 763 470,17
562 701 614 751 τὸ
663 700 715 751 δὲ
762 705 927 767 μεῖζον
975 702 1006 768 ἢ
1045 702 1235 770 <κατὰ>
1274 696 1426 755 πολλὰ
1473 707 1683 771 στόματα
1725 707 1806 757 καὶ

120 783 368 839 σοφιστῶν
398 776 546 842 χορὸν
578 773 644 836 ὥς
675 771 784 827 οἷόν
815 796 861 826 τε
894 774 1132 844 μέγιστον.
1205 780 1345 837 Quod
1376 781 1576 830 Reiskio
1610 787 1806 831 auctore

19 904 30 915 ,
120 852 307 899 inserui
345 849 468 899 κατὰ
509 851 802 900 Croenertus
842 853 1042 913 probat3
1090 854 1223 916 quod
1262 871 1377 903 vero
1416 855 1520 916 ipse
1559 864 1806 918 σοφιστῶν

119 932 277 990 χορῶν
317 918 425 973 οἷον
464 923 516 973 τὸ
558 923 783 990 μέγιστον
814 926 1123 975 scribendum
1155 930 1363 976 coniecit
1399 930 1614 977 refutare
1652 946 1805 991 paene

119 1015 197 1047 me
235 1001 386 1063 piget.
462 999 595 1047 Nam
632 1000 742 1048 loco
783 1000 1054 1049 clarissimo
1094 1003 1552 1065 simplicissimoque
1600 997 1693 1070 (=
1725 1019 1804 1051 su-

0 1059 34 1146 ³}
110 1077 257 1135 perat
299 1074 427 1121 vires
473 1074 605 1121 chori
649 1075 977 1134 sophistarum
1014 1075 1088 1123 vel
1137 1077 1338 1124 maximi
1375 1079 1457 1136 qui
1495 1079 1596 1137 coyi
1625 1071 1803 1141 potest)

20 1209 30 1224 ,Α
117 1162 312 1196 sensum
357 1148 723 1195 intolerabilem
768 1149 1050 1197 inculcavit.
1129 1148 1234 1205 Quo
1281 1151 1411 1197 enim
1457 1151 1601 1198 modo
1640 1153 1806 1212 potuit

117 1220 355 1270 Libanius
387 1222 658 1270 detrectare
691 1221 782 1285 τὴν
814 1219 1068 1288 ἀφήγησιν
1106 1230 1203 1271 τῶν
1235 1221 1433 1288 ἀρετῶν,
1473 1226 1516 1272 si
1546 1225 1665 1272 haec
1697 1228 1805 1272 erat

17 1295 30 1370 A'
117 1296 277 1344 choris
317 1296 652 1357 sophistarum
691 1298 877 1352 „schier
914 1298 1000 1345 der
1033 1300 1202 1358 φοβέο
1242 1298 1537 1357 Vorwwrf“2

225 1401 274 1447 p.
308 1386 515 1445 471‚11
567 1384 722 1452 τούτῳ
770 1382 822 1433 δὲ
870 1383 950 1432 καὶ
999 1384 1130 1452 αύτῷ
1170 1384 1228 1433 τὰ
1275 1383 1363 1448 μὲν
1402 1385 1527 1434 ὅπλα
1566 1382 1803 1450 ἡσύχαζεν

116 1456 209 1507 οὐκ
261 1455 414 1522 οὔσης
467 1456 701 1524 ἀνάγκης.
788 1458 1164 1521 Supervacanea
1219 1463 1293 1508 est
1346 1462 1649 1508 coniectura,
1679 1460 1801 1507 Her-

36 1528 38 1530 ’
115 1533 328 1581 werdeni
375 1536 531 1581 κινεῖν
579 1536 692 1580 ante
741 1531 833 1581 οὐκ
877 1535 1152 1582 inserentis.
1229 1534 1316 1580 Nil
1354 1534 1449 1581 nisi
1489 1531 1652 1581 αὐτῶν
1689 1535 1720 1580 i.
1761 1550 1799 1581 e.

8 1598 34 1637 ἶ
117 1604 281 1655 ὅπλων
321 1607 384 1654 ad
423 1604 643 1672 ἀνάγκης
681 1609 845 1655 mente
885 1608 1214 1668 supplendum
1252 1610 1338 1655 est.

227 1704 274 1750 p.
299 1689 501 1750 472‚17
536 1695 634 1736 τῶν
674 1685 727 1736 δὲ
758 1686 975 1750 ἐφέντων
1009 1688 1291 1750 φιλοπόνως
1323 1687 1475 1736 νύκτα
1505 1686 1586 1735 καὶ
1617 1684 1801 1751 ἡμέραν

116 1759 270 1824 ἔξεον,
317 1761 370 1810 οἵ
412 1755 457 1810 δ’
499 1761 642 1827 ἱερεῖς
689 1759 1008 1810 ἀνεπαύοντο.
1085 1763 1198 1810 Non
1246 1762 1514 1809 audiendus
1561 1765 1636 1810 est
1679 1762 1800 1809 Her·

9 1846 42 1901 ᾖ
118 1836 392 1896 werdenus,
439 1851 551 1883 cum
596 1835 774 1894 νυκτὸς
822 1839 934 1884 ante
988 1834 1294 1884 ἀνεπαύοντο
1339 1835 1650 1883 inserendum
1699 1850 1801 1886 esse

117 1908 250 1957 dicit.
319 1910 451 1958 Nam
483 1913 652 1958 utrum
683 1910 903 1958 interdiu
935 1927 999 1958 an
1030 1914 1173 1957 nocte
1206 1909 1479 1957 sacerdotes
1513 1910 1800 1970 quieverint,

115 1982 241 2031 nihil
278 1984 444 2032 refert.

30 2079 44 2137 ,J
224 2081 271 2127 p.
313 2066 521 2125 479‚12
575 2064 606 2128 ἤ
659 2082 710 2130 γε
761 2071 858 2112 τῶν
908 2061 1116 2129 ἀγαθῶν
1167 2062 1297 2128 φορὰ
1349 2058 1414 2111 δι’
1460 2062 1570 2110 ἴσου
1623 2069 1799 2127 παρῆν.

27 2144 38 2187 ,ζ
113 2136 313 2187 Inutilis
353 2142 426 2186 est
457 2139 740 2187 coniectura
774 2137 946 2186 Cobeti
976 2138 1306 2186 Herwerdeno
1341 2137 1550 2198 probata
1589 2134 1636 2194 ἐξ
1677 2135 1798 2184 ἴσου.

35 2252 43 2275 ·,
113 2210 243 2260 Nam
283 2205 348 2260 δι’
377 2211 487 2260 ἴσου
526 2213 712 2261 dicenti
750 2212 960 2259 Libanio
992 2211 1136 2259 Plato
1171 2212 1289 2271 Rep.
1315 2211 1357 2257 X
1385 2210 1542 2258 617ss
1575 2209 1798 2272 praeivit.

227 2317 275 2363 p.
307 2301 432 2362 480,
453 2304 479 2348 1
531 2301 587 2349 αἱ
629 2297 718 2365 μὲν
764 2299 880 2365 γάρ,
936 2298 1095 2365 ὥσπερ
1143 2305 1424 2365 στρατιῶται
1470 2297 1800 2363 γεγηρακότες,
1863 2365 1879 2371 «⁷

26 2375 53 2418 ἵ.
114 2371 172 2420 τὰ
217 2372 399 2422 παλαιὰ
450 2381 594 2437 σφῶν
641 2372 806 2422 αὐτῶν
853 2369 1061 2441 ᾄδουσαι
1115 2377 1216 2431 τοῖς
1269 2378 1479 2437 παροῦσι
1533 2368 1797 2419 στένουσιν.

113 2445 228 2494 Non
266 2463 460 2496 necesse
500 2452 574 2497 est
614 2464 725 2496 cum
759 2447 1089 2495 Herwerdeno
1129 2446 1292 2504 πόλεις
1330 2449 1442 2508 post
1482 2440 1687 2512 ᾄδουσαι
1726 2445 1796 2490 in-

115 2534 295 2582 serer03
339 2537 456 2570 nam
503 2522 649 2570 facile
697 2537 754 2569 ea
792 2537 886 2569 vox
927 2538 983 2569 ex
1027 2520 1334 2569 antecedenti
1372 2517 1462 2581 τὴν
1501 2516 1643 2565 πόλιν
1682 2513 1798 2579 ἡμῖν

116 2590 169 2642 ἐν
207 2593 331 2663 λόγῳ
369 2597 625 2657 repetitur.

224 2699 272 2744 p.
312 2684 434 2745 481,
462 2685 492 2732 9
550 2690 645 2732 νῦν
699 2680 788 2747 μὲν
842 2681 893 2730 τὸ
948 2685 1143 2745 πλῆθος
1197 2677 1534 2745 διατρέφοντες
1588 2676 1639 2726 ἐν
1693 2681 1797 2735 ταῖς

115 2755 306 2820 χρείαις.
383 2755 676 2806 Croenertus
717 2758 864 2805 etiam
909 2756 1001 2803 hoc
1039 2756 1146 2803 loco
1186 2754 1494 2802 sanissimum
1535 2752 1794 2813 optimum·

22 2846 26 2850 ’
118 2843 211 2890 que
248 2829 428 2895 χρείαις
460 2846 571 2878 cum
600 2846 721 2879 voce
754 2828 930 2887 ἑστίαις
964 2829 1178 2877 mutavit
1217 2843 1363 2889 quam
1403 2829 1597 2888 praeter
1634 2826 1794 2885 ipsum

115 2915 286 2950 vereor
322 2905 379 2951 ut
417 2905 666 2966 quispiam
703 2904 975 2966 intellegat.

1478 2979 1532 3022 Ο.
