1992 3094
403 91 630 136 LIBANII
663 92 886 137 ORATIO
920 91 1164 138 CONTRA
1195 94 1591 141 FLORENTIUM
1733 98 1840 150 395

150 228 255 298 ἐγὼ
301 228 403 296 μὲν
450 222 601 297 οἶμαι
647 235 832 281 ταῦτα.
923 238 1038 292 πῶς
1091 225 1194 283 οὖν
1247 238 1411 284 τοῦτο
1466 231 1689 285 ἀπώλλυ
1743 234 1841 286 τὸν

149 317 417 386 κάπηλον;
470 315 503 385 ἢ
557 318 727 385 νόμος
771 318 854 380 τίς
902 319 1017 371 ἔστι
1066 320 1242 387 μόνον
1286 320 1533 389 κάπηλον
1585 322 1651 374 τὰ
1703 324 1841 375 κακὰ

149 408 386 470 κακίζειν
424 405 677 470 κωλύων;

261 494 345 547 32.
405 495 675 563 Θαυμάζω
716 493 794 562 δέ,
835 496 883 548 εἰ
915 496 1111 548 στάσιν
1143 497 1305 560 αὐτὸς
1341 496 1686 567 Φλωρέντιος
1716 498 1839 552 ὀνο-

147 583 332 652 μάζων
362 583 464 651 τὴν
493 584 614 635 τότε
645 584 866 651 κίνησιν
895 584 1264 653 ἡμαρτηκέναι
1297 592 1370 658 τῷ
1405 586 1602 655 ῥήματι
1634 590 1839 655 νομίζει

148 673 249 724 τὸν
295 673 518 725 εἰπόντα
565 672 855 725 στασιάσαι
900 675 1031 735 τοὺς
1071 674 1238 726 οὐδὲν
1279 674 1618 743 ὀκνήσαντας
1665 674 1726 728 ἐν
1772 682 1846 747 τῷ

145 761 366 832 θεάτρῳ
411 762 549 813 τότε.
628 759 950 814 ἐπαινοῦντι
995 758 1097 829 μὲν
1144 758 1248 815 οὖν
1296 763 1496 825 αὐτοὺς
1544 765 1708 831 λόγος
1748 764 1840 816 οὐ-

147 847 264 912 δεὶς
310 847 380 901 ἂν
425 845 519 918 ἦν,
571 848 689 902 ἀλλ’
736 849 961 903 ἑαλώκει
1002 852 1095 918 ἄν,
1149 859 1548 920 κατηγοροῦντι
1595 850 1654 904 δὲ
1700 849 1841 921 ἦσαν

152 937 380 1000 ἐλπίδες.
463 936 652 1006 ἠξίους
699 933 804 991 οὖν
849 938 1021 991 αὑτοῦ
1069 938 1332 1007 γενέσθαι
1385 940 1484 993 τὸν
1537 941 1842 1009 ἄνθρωπον

145 1027 451 1095 προδότην,
503 1027 596 1079 ἵνα
642 1030 800 1096 μήτις
846 1027 1055 1097 ἀκούσῃ
1101 1038 1278 1090 κακῶς
1324 1028 1536 1097 τάληθῆ
1584 1039 1695 1082 τῶν
1740 1030 1841 1097 τὴν

147 1117 314 1168 πόλιν
353 1115 774 1184 λελωβημένων;

261 1204 347 1256 33.
403 1203 514 1257 Καὶ
550 1207 608 1257 τί
635 1206 832 1258 καινὸν
862 1206 1143 1274 φεύγοντα
1174 1215 1500 1275 κατηγορεῖν
1530 1206 1619 1259 καὶ
1658 1207 1842 1273 κρινό-

145 1312 319 1360 μενον
358 1292 632 1361 ἐγκαλεῖν;
670 1295 775 1363 ἤδη
816 1295 921 1364 γάρ
953 1314 1037 1356 τις
1067 1293 1159 1347 καὶ
1198 1297 1536 1363 κυβερνήτης
1573 1295 1841 1364 τραύματι

149 1382 360 1450 ναύτην
414 1381 731 1451 ἀφυπνίσας
790 1383 867 1445 εἰς
919 1384 1104 1453 κρίσιν
1164 1383 1432 1445 καταστὰς
1492 1384 1624 1450 μίαν
1684 1385 1842 1451 ἔσχεν

147 1470 455 1539 ἀπολογίαν
494 1472 596 1540 τὴν
640 1472 977 1539 κατηγορίαν
1015 1469 1103 1524 καὶ
1152 1473 1236 1523 τό·
1285 1471 1360 1523 οὐ
1398 1472 1516 1540 γὰρ
1556 1472 1842 1539 ἤλαυνεν

148 1557 287 1612 οὐδ’
325 1555 404 1627 ἣν
441 1557 639 1628 ἔργον
669 1568 780 1628 τῆς
810 1561 1025 1628 κώπης
1057 1559 1282 1627 οὐδέν,
1322 1558 1454 1611 ἀλλ’
1491 1560 1524 1627 ἡ
1555 1556 1673 1626 μὲν
1704 1557 1840 1627 χεὶρ

146 1649 481 1716 τηνάλλως
520 1644 598 1716 ἧν
637 1647 740 1701 ἐπὶ
777 1656 888 1718 τῆς
920 1651 1146 1716 λαβῆς,
1186 1648 1344 1716 αὐτὴ
1386 1645 1452 1700 δὲ
1484 1648 1841 1715 ἠκολούθει

147 1745 222 1807 τῇ
268 1739 399 1806 νηΐ,
448 1737 478 1791 ὁ
527 1734 595 1790 δὲ
642 1735 956 1807 ἔρρεγχεν
1004 1736 1372 1803 ἀσυντελής.
1448 1744 1619 1788 ταῦτα
1664 1735 1734 1789 ἂν
1771 1732 1841 1803 ἧν

148 1825 422 1895 ἀπολογία
466 1832 541 1899 τῷ
582 1828 906 1896 κυβερνήτῃ.
992 1826 1077 1878 34.
1140 1827 1229 1878 καὶ
1284 1826 1583 1893 στρατηγὸς
1629 1825 1690 1877 δὲ
1735 1825 1837 1892 ἤδη

153 1915 339 1967 δειλὸν
370 1916 710 1983 στρατιώτην
740 1916 840 1968 τὸν
871 1915 1045 1968 αὑτοῦ
1084 1916 1303 1983 χείρους
1333 1922 1445 1965 τῶν
1477 1914 1657 1965 ἄλλων
1688 1914 1842 1974 τινὰς

148 2001 241 2055 καὶ
302 2002 528 2071 ὁμοίους
587 2003 734 2076 αὑτῷ
789 2010 1059 2056 ποιοῦντα
1120 2002 1307 2069 λαβὼν
1368 1999 1660 2053 ἀπέκτεινε.
1752 1998 1837 2052 καὶ

149 2087 315 2154 οὗτος
352 2094 547 2145 τοίνυν
587 2093 911 2162 κρινόμενος
948 2092 1122 2153 πολὺς
1161 2088 1230 2143 ἂν
1277 2086 1346 2157 ἦν
1390 2089 1532 2157 ῥέων
1570 2089 1705 2141 κατὰ
1743 2096 1841 2140 τοῦ

1887 608 1906 640 5

1867 1049 1909 1082 10

1867 1490 1908 1523 15

1866 1932 1909 1964 80

273 2242 326 2280 12
359 2237 417 2281 cf.
441 2252 486 2294 p.
506 2241 640 2291 393‚1

274 2375 296 2413 1
330 2370 515 2414 ἀπώλλυ
547 2372 593 2414 Ρ
621 2370 703 2414 sed
735 2388 769 2414 ω
803 2383 859 2414 ex
892 2387 916 2414 ο
949 2384 1051 2413 corr
1081 2367 1151 2412 m¹
1300 2372 1325 2410 2
1357 2364 1428 2419 τίς
1460 2366 1551 2411 ἐστι
1582 2365 1692 2409 libri
1774 2381 1843 2415 τις
1877 2395 1882 2399 x

149 2427 248 2472 ἐστὶ
277 2429 346 2472 Re
388 2433 393 2486 Ι
440 2428 606 2487 μόνον]
640 2429 663 2473 ὁ
698 2429 799 2472 Mor
978 2434 1005 2471 4
1039 2425 1320 2483 φλωρέντιος
1350 2427 1396 2471 Ρ
1425 2426 1506 2470 sed
1540 2442 1555 2468 ι
1586 2425 1635 2468 in
1666 2438 1741 2468 ras
1773 2424 1843 2467 111²

215 2491 238 2530 7
272 2484 357 2532 οὖν
381 2502 457 2532 om
484 2489 563 2534 OA
686 2492 712 2531 8
746 2484 937 2532 ἑαλώκει
961 2487 1021 2531 ἄν
1047 2486 1211 2542 scripsi
1274 2483 1526 2529 ἑαλωκέναι
1558 2483 1668 2527 libri
1693 2482 1783 2526 edd

152 2549 180 2588 9
210 2547 352 2591 αὐτοῦ
380 2547 469 2592 GV
485 2547 588 2592 Mor
709 2551 763 2590 10
795 2548 978 2603 τάληθῆ
1011 2546 1059 2589 in
1091 2558 1225 2601 marg
1248 2545 1292 2587 A
1415 2548 1467 2587 17
1500 2542 1707 2599 τηνάλως
1733 2542 1842 2586 ΟΙΒ

245 2610 298 2649 18
333 2605 543 2665 ἔρρεγχεν
575 2606 740 2663 scripsi
843 2606 1023 2663 ἔρεγχεν
1055 2604 1164 2648 libri
1195 2603 1285 2646 edd
1343 2603 1348 2657 Ι
1406 2603 1667 2651 ἀσυντελεῖς
1697 2602 1731 2644 Ι

157 2666 210 2706 19
244 2666 521 2722 στρατιώτης
558 2665 602 2708 V
640 2669 645 2719 Ι
689 2663 717 2720 ἢ
759 2666 804 2709 V
933 2669 988 2708 20
1022 2664 1164 2707 αὑτοῦ
1190 2664 1235 2707 Ρ
1264 2661 1345 2706 sed
1370 2659 1381 2675 ‘
1414 2662 1462 2703 in
1494 2675 1568 2704 rae
1600 2659 1683 2713 ω’,
1715 2659 1782 2702 Re

153 2722 299 2766 αὐτοῦ
329 2723 499 2780 reliqui
529 2724 640 2768 libri
671 2724 774 2767 Mor
924 2728 977 2766 21
1013 2723 1138 2781 αὑτῷ
1170 2722 1216 2764 P
1243 2720 1326 2764 sed
1345 2718 1355 2734 ²
1395 2733 1450 2764 ex
1478 2717 1490 2733 ’
1527 2732 1629 2762 corr
1658 2718 1742 2772 m³‚
1774 2718 1841 2761 Re

215 2781 339 2842 αὐτῷ
368 2782 539 2838 reliqui
569 2782 679 2826 libri
711 2783 813 2826 Mor
854 2784 860 2838 Ι
902 2782 1056 2839 λαβὼν
1089 2780 1254 2836 scripsi
1338 2779 1490 2837 βαλὼν
1521 2777 1630 2822 libri
1662 2776 1754 2820 edd

152 2842 211 2881 22
244 2837 303 2883 ἂν
335 2854 411 2884 om
445 2842 562 2887 OAI
567 2843 611 2886 V
664 2842 713 2885 in
744 2855 878 2898 marg
909 2841 1003 2884 add
1035 2839 1108 2884 Ρ*
1142 2841 1148 2896 Ι
1183 2837 1302 2882 κατὰ
1333 2844 1415 2881 τοῦ
1448 2839 1494 2881 Ρ
1526 2836 1607 2880 sed
1640 2836 1728 2879 ατὰ
1759 2841 1841 2879 τοῦ

153 2897 204 2940 in
235 2912 312 2942 ras
343 2899 413 2943 m’
