1992 3094
574 148 803 191 LIBANII
835 148 1058 194 ORATIO
1091 149 1171 194 DE
1203 150 1411 196 PACTIS
1730 155 1837 207 345

145 281 406 353 ἡμετέρας
445 285 776 350 φιλοπονίας
817 286 1011 338 ἱκανὸν
1047 287 1108 339 τὸ
1148 284 1239 339 καὶ
1278 288 1374 350 τὰς
1411 287 1615 357 ἡμέρας
1653 286 1714 342 ἐν
1753 283 1839 352 αἷς

147 370 356 435 ἔξεστιν
401 370 619 440 ἀργεῖν,
674 371 1015 442 ἐργάζεσθαι.
1093 373 1232 443 λέγω
1281 373 1341 429 δὲ
1386 378 1586 439 ταύτας
1638 375 1700 431 ἐν
1753 371 1839 441 αἷς

147 461 201 514 οἱ
238 461 334 523 τὰς
372 460 542 530 ἀρχὰς
581 463 798 530 ἔχοντες
837 469 946 515 νῦν
982 459 1084 530 μὲν
1122 464 1201 526 εἰς
1235 462 1494 534 θέατρον,
1533 473 1642 519 νῦν
1681 465 1730 518 δ’
1761 467 1839 529 εἰς

148 550 497 619 ἱππόδρομον
543 548 829 619 ἀγείρουσι
876 551 974 604 τὸν
1020 553 1188 621 ὄχλον
1232 562 1494 621 τιμῶντες
1544 554 1711 616 αὐτὰς
1764 555 1838 618 ὥς
1883 578 1905 608 4

145 657 198 691 τι
235 647 351 700 τοῖς
389 641 715 707 βασιλεῦσιν
754 637 1084 708 ἐνεγκούσας
1123 640 1354 709 ἀγαθόν.
1431 643 1484 695 02
1533 640 1539 712 Ι
1590 643 1691 710 μὲν
1721 656 1926 700 RII428

146 722 251 780 οὖν
300 728 534 796 κη’ρυκες
586 730 761 795 βοῶσι
812 729 1144 798 χωρούντων
1192 749 1250 782 τε
1301 728 1527 783 ἐκείνων
1578 730 1663 799 ἐφ’
1701 733 1837 799 ἅπερ

144 812 290 885 ἔφην
338 816 428 869 καὶ
479 816 649 870 πάλιν
699 815 1184 887 ἀναστρεφόντων,
1235 819 1387 886 ἡμεῖς
1438 816 1497 871 δὲ
1545 819 1840 883 ἀκούοντές

145 924 203 957 τε
241 902 332 957 καὶ
370 905 433 957 τὸ
473 913 697 975 πρᾶγμα
736 906 942 969 εἰδότες
977 914 1259 973 πονοῦμεν
1298 907 1331 960 ἃ
1369 908 1441 975 μὴ
1480 916 1675 960 πονεῖν
1712 910 1838 975 βου-

146 992 400 1062 λομένοις
451 994 710 1064 ὑπῆρχεν.
803 995 870 1048 οὐ
926 997 1031 1065 γὰρ
1086 994 1156 1048 ἂν
1210 995 1514 1049 ἀπόστασιν
1566 994 1628 1049 ἐν
1682 1005 1838 1067 κοινῇ

145 1081 292 1135 τοῦτ’
340 1080 514 1136 ἐποίει
571 1091 765 1153 σιωπῇ.
861 1084 942 1136 15.
1013 1086 1091 1136 ἔτι
1154 1086 1348 1137 τοίνυν
1401 1086 1463 1137 τὸ
1517 1088 1839 1154 προσθήκης
1866 1107 1907 1139 ιο

146 1169 444 1240 ἐπιθυμεῖν
489 1173 837 1241 παράκλησιν
886 1171 956 1226 ἂν
1007 1175 1122 1241 ἔχοι
1171 1173 1310 1242 πρὸς
1360 1173 1421 1225 τὸ
1475 1182 1670 1227 πονεῖν
1720 1173 1839 1226 ἑκά-

148 1274 282 1313 στου
322 1261 670 1330 βουλομένου
707 1264 946 1331 χρηστόν
984 1282 1037 1315 τι
1075 1260 1200 1332 περὶ
1239 1262 1410 1315 αὑτοῦ
1448 1261 1707 1330 λέγεσθαι
1748 1264 1839 1316 διὰ

144 1350 246 1418 τὴν
296 1349 402 1403 ἀπὸ
453 1359 566 1404 τῶν
615 1350 1074 1421 παραδειγμάτων
1124 1349 1499 1420 γενησομένην
1552 1350 1837 1419 ὠφέλειαν.

146 1439 199 1492 οἱ
253 1438 357 1509 γὰρ
406 1438 797 1507 ἐπαινούμενοι
839 1437 1081 1509 μαθηταὶ
1125 1438 1215 1492 καὶ
1269 1448 1385 1502 τοῖς
1440 1440 1593 1492 οὔπω
1646 1458 1839 1507 πεφοι-

144 1529 373 1596 τηκόσιν
421 1528 565 1591 ὁδός.
655 1529 737 1581 16.
791 1530 929 1599 πρὸς
983 1529 1043 1582 δὲ
1090 1530 1306 1591 τούτοις
1352 1526 1693 1593 ἐξετάζεσθαι
1737 1529 1838 1595 μὲν
1863 1550 1903 1582 1⁶

146 1615 302 1680 ἄξιον
331 1616 440 1670 ὑπὸ
472 1627 585 1670 τῶν
614 1616 867 1687 πατέρων
900 1616 907 1689 Ι
941 1619 1073 1680 τοὺς
1106 1618 1246 1680 υἱεῖς
1276 1626 1387 1670 τῶν
1425 1616 1527 1685 μὲν
1556 1635 1691 1685 παρ·
1723 1629 1763 1672 R
1783 1629 1926 1673 H429

146 1706 348 1773 όντων,
387 1715 499 1760 τῶν
539 1707 602 1759 δὲ
640 1706 920 1774 ἀπόντων,
968 1707 1001 1776 ἢ
1040 1707 1252 1775 κρίνειν
1292 1705 1474 1758 αὐτῶν
1514 1704 1839 1772 δυναμένων

146 1793 179 1863 ἢ
225 1803 342 1857 τοῖς
390 1798 603 1864 κρίνειν
654 1795 1034 1864 ἐπισταμένοις
1079 1793 1400 1864 χρωμένων,
1451 1793 1729 1863 ὁρωμένης
1778 1794 1842 1847 δέ

145 1902 298 1946 τινος
344 1882 405 1938 ἐν
451 1894 567 1948 τοῖς
611 1884 760 1947 νέοις
806 1894 919 1938 τῶν
957 1883 1281 1953 ἐφεστώτων
1328 1882 1606 1953 ῥᾳθυμίας
1631 1881 1838 1947 ,ἐξέστω

145 1971 480 2042 μέμφεσθαι,
520 1983 865 2043 κατηγορεῖν,
906 1973 1173 2041 ἐγκαλεῖν,
1212 1973 1512 2039 αἰτιᾶσθαι,
1552 1969 1642 2023 καὶ
1680 1976 1839 2023 καθι-
1862 1993 1906 2024 20

147 2059 274 2125 ζέτω
320 2061 447 2131 μέν,
502 2064 550 2116 εἰ
597 2063 885 2131 βούλοιτο,
940 2063 1198 2125 δικαστὰς
1252 2054 1490 2123 ὁπόσους
1538 2058 1608 2113 ἂν
1655 2057 1839 2130 ἐθέλῃ,

145 2157 258 2202 τῶν
304 2148 514 2213 ἔξωθέν
559 2171 715 2214 τινας
760 2159 875 2213 τοῖς
921 2150 1284 2203 διδάσκουσιν
1329 2148 1659 2216 ἀναμιγνύς,
1710 2167 1838 2215 γρα-

147 2237 343 2305 φέσθω
396 2239 457 2292 δὲ
503 2240 603 2293 τὸν
649 2240 954 2309 ἠμεληκότα
1006 2237 1490 2307 παραστησάμενος
1542 2236 1642 2288 τὸν
1694 2235 1838 2289 νέον.

146 2325 253 2379 κᾶν
274 2327 376 2394 μὲν
399 2327 539 2399 ἀρκῇ
571 2336 797 2397 ποιῆσαι
821 2329 1244 2398 προθυμότερον
1275 2325 1375 2379 τὸν
1402 2323 1837 2393 ἐξεληλεγμένον,
1900 2383 1915 2389 „

146 2418 322 2486 πρᾷός
359 2436 440 2479 τις
479 2416 568 2470 καὶ
611 2417 829 2487 μέτριος
868 2413 1158 2485 νομισθεὶς
1198 2412 1537 2482 ἀπερχέσθω,
1576 2421 1839 2474 νικῶντος
1863 2433 1905 2465 25

265 2580 322 2619 23
353 2576 484 2621 Dem.
510 2592 556 2633 p.
575 2581 743 2631 546,20

266 2727 292 2766 2
326 2723 498 2775 ἔξεστιν
516 2751 571 2757 -
590 2721 666 2774 αἷς
696 2724 745 2767 in
776 2738 911 2780 marg
944 2722 1000 2767 0²
1119 2727 1146 2764 4
1181 2718 1230 2773 ὅς
1258 2721 1357 2764 Μοι·
1478 2724 1502 2763 6
1537 2718 1647 2774 ὅπερ
1679 2718 1781 2762 Mor

53 2751 56 2753 λ
148 2781 219 2839 8s9
245 2781 563 2840 βο]υλομένοις
586 2783 663 2827 inc
686 2785 788 2827 Par
897 2785 949 2825 10
975 2780 1127 2835 σιωπή
1145 2782 1211 2825 Va
1228 2780 1331 2823 Mor
1439 2783 1490 2822 12
1518 2779 1661 2823 αὐτοῦ
1685 2777 1841 2822 IVaV

55 2838 58 2898 ᾗ
147 2839 250 2884 Mor
275 2842 282 2897 Ι
308 2840 528 2897 λέγεσθαι
560 2843 606 2887 Ρ
634 2842 717 2886 sed
749 2858 769 2886 ε
794 2843 855 2897 (2)
881 2841 930 2884 in
961 2853 1037 2884 ras
1068 2840 1138 2882 m⁴
1260 2843 1314 2883 13
1340 2836 1591 2895 γενομένην
1617 2837 1715 2881 Par
1738 2835 1840 2879 Mor

44 3014 67 3094 ..ἲ

206 2903 261 2942 21
296 2899 451 2944 ἐθέλοι
485 2902 524 2946 Ο
648 2906 705 2944 24
738 2904 852 2958 δοκῇ
888 2898 1032 2943 cobet
1064 2897 1176 2942 Coll.
1204 2902 1288 2942 135
1418 2902 1473 2941 25
1505 2903 1654 2951 πρᾶος
1684 2896 1729 2940 Ρ
1757 2894 1836 2938 sed

150 2973 237 3013 ραο
269 2957 319 3002 in
349 2972 426 3002 ras
456 2959 540 3015 ω’,
571 2961 647 3004 ΙΒ
