1992 3094
213 110 282 162 96
724 107 953 151 LIBANII
984 105 1208 150 ORATIO
1240 106 1367 149 XXX

213 245 381 299 αὐτὸν
421 245 726 298 οἰκούντων
758 243 933 312 ἀγρὸν
973 243 1039 295 οὐ
1081 244 1495 310 συμφερόμενος
1535 250 1649 304 τοῖς
1691 243 1900 295 θύσασι

212 336 278 387 τὰ
316 335 440 402 περὶ
479 334 609 395 τοὺς
647 332 839 399 θεούς,
886 333 969 394 τίς
1006 340 1118 384 τῶν
1157 329 1218 383 έν
1263 339 1377 392 τοῖς
1416 333 1675 398 πλησίον;
1726 332 1902 383 πολλὰ

215 421 261 476 δ’
295 422 364 476 ἂν
410 422 497 474 καὶ
548 419 844 490 δυσμένεια
889 420 980 472 καὶ
1026 421 1241 489 φθόνος
1287 417 1596 487 ἐμποιήσειε
1643 422 1902 487 γείτοσιν,
1963 418 1966 421 ⁴

215 510 306 580 ἀφ’
347 506 425 563 ὧν
481 512 640 562 ἔλθοι
693 529 776 572 τις
829 508 899 561 ἂν
951 506 1125 576 ἡδέως
1179 506 1258 560 ἐπ’
1291 510 1540 576 ἔλεγχον,
1601 506 1716 560 ἀλλ’
1760 508 1904 577 ὅμως

172 622 190 654 5
216 601 341 653 οὔτε
382 599 594 651 τούτων
638 598 763 651 οὔτε
796 595 1023 650 ἐκείνων
1055 596 1238 659 οὐδεὶς
1275 593 1423 664 ἧκεν,
1470 595 1587 649 ἀλλ’
1621 594 1749 650 οὐδὲ
1789 595 1903 665 ἥξει

215 689 409 750 δεδιὼς
461 686 763 755 ἐπιορκίαν,
818 687 911 738 ἵνα
964 687 1036 754 μὴ
1089 686 1301 754 πληγὰς
1355 685 1508 752 λέγω.
1585 687 1668 748 τίς
1722 681 1903 754 οὖνὴ
1964 687 1971 714 ²

214 778 393 839 πίστις
439 784 533 844 τῆς
581 776 756 837 αἰτίας
794 773 826 842 ἢ
866 775 927 827 τὸ
977 774 1158 842 λέγειν
1196 775 1451 841 τούτους,
1501 774 1574 836 ὡς
1620 774 1754 844 ἅπερ
1803 775 1904 828 οὐκ

216 864 342 933 ἐξῆν
382 867 616 934 ἔθυσαν,
657 862 775 916 ἀλλ’
807 863 908 916 οὐκ
948 862 1163 932 ἀρκέσει
1204 871 1368 915 τοῦτο
1409 870 1483 935 τῷ
1515 865 1744 930 βασιλεῖ.

330 954 411 1007 17.
463 953 602 1005 Ὀὐκ
655 949 910 1004 ἔθυσαν
961 948 1108 1015 οὖν;
1162 950 1418 1020 ἐρήσεταί
1459 971 1556 1014 τις.
1632 953 1779 1004 πάνυ
1827 972 1904 1021 γε,

130 1055 333 1098 RII175
368 1040 483 1095 ἀλλ’
516 1039 602 1094 ἐπὶ
639 1043 807 1110 θοίνῃ
840 1041 929 1093 καὶ
963 1040 1165 1112 ἀρίστῳ
1205 1039 1295 1093 καὶ
1331 1041 1532 1110 εὐωχίᾳ
1571 1050 1682 1093 τῶν
1716 1045 1722 1105 Ι
1756 1043 1906 1108 βοῶν

153 1154 192 1185 11
219 1130 458 1198 ἀλλαχοῦ
521 1128 930 1198 σφαττομένων,
992 1131 1182 1197 βωμοῦ
1246 1126 1307 1182 δὲ
1362 1130 1592 1192 οὐδενὸς
1656 1130 1717 1182 τὸ
1775 1122 1906 1197 αἷμα

217 1218 515 1287 δεχομένου
557 1218 688 1270 οὐδὲ
726 1217 926 1287 μέρους
966 1218 1194 1280 οὐδενὸς
1231 1217 1505 1285 καομένου
1554 1218 1685 1271 οὐδὲ
1724 1218 1907 1272 οὐλῶν

216 1306 542 1376 ἡγουμένων
582 1304 713 1359 οὐδὲ
756 1307 999 1374 σπονδῆς
1046 1307 1481 1375 ἀκολουθούσης.
1561 1309 1612 1360 εἰ
1657 1307 1722 1359 δέ
1763 1327 1907 1370 τινες

218 1398 589 1459 συνελθόντες
637 1401 713 1458 εἴς
752 1415 804 1448 τι
843 1397 1084 1464 φαιδρὸν
1124 1399 1328 1465 χωρίον
1374 1398 1587 1465 μόσχον
1628 1396 1660 1465 ἢ
1700 1398 1906 1466 πρόβα-

155 1506 195 1538 15
219 1504 316 1537 τον
354 1484 386 1552 ἢ
428 1485 590 1553 ἄμφω
631 1485 907 1546 θύσαντες
945 1485 1011 1536 τὰ
1046 1484 1148 1553 μὲν
1180 1483 1497 1554 ἑψήσαντες,
1538 1486 1604 1538 τὰ
1644 1482 1704 1538 δὲ
1746 1486 1906 1553 ὀπτή-

219 1587 411 1635 σαντες
449 1571 872 1634 κατακλιθέντες
911 1571 998 1625 ἐπὶ
1037 1580 1132 1640 τῆς
1170 1581 1270 1641 γῆς
1308 1571 1537 1642 ἔφαγον,
1583 1574 1684 1626 οὐκ
1723 1568 1827 1626 οἶδ’
1859 1578 1914 1626 εἴ

218 1682 370 1723 τινας
410 1657 564 1714 οὗτοι
601 1661 938 1730 παρέβαινον
968 1671 1080 1714 τῶν
1110 1664 1313 1731 νόμων.
1394 1662 1475 1714 18.
1518 1662 1650 1715 οὐδὲ
1679 1663 1783 1732 γὰρ
1823 1682 1907 1715 κε-

218 1751 466 1812 κώλυκας
504 1758 698 1818 ταῦτα,
746 1747 787 1803 ὦ
828 1753 1074 1819 βασιλεῦ,
1114 1752 1281 1823 νόμῳ,
1330 1749 1446 1803 ἀλλ’
1480 1751 1541 1803 ἓν
1581 1751 1751 1803 εἰπὼν
1790 1752 1908 1804 δεῖν

220 1840 291 1906 μὴ
323 1847 505 1892 ποιεῖν
537 1840 705 1892 τᾶλλα
742 1840 919 1892 πάντα
950 1838 1178 1908 ἀφῆκας.
1245 1838 1368 1892 ὥστ’
1402 1841 1452 1892 εἰ
1488 1840 1578 1891 καὶ
1611 1841 1743 1906 μετὰ
1774 1840 1910 1893 πάν-

157 1948 199 1980 20
221 1947 331 1981 των
391 1929 758 1997 θυμιαμάτων
820 1926 1136 1996 συνέπινον,
1205 1928 1271 1980 οὐ
1333 1927 1676 1998 παρέβαινον
1736 1930 1910 1997 νόμον
1967 1961 1975 1970 -

222 2015 356 2069 οὐδέ
399 2036 460 2084 γε
509 2018 555 2068 εἰ
601 2017 800 2078 πάντες
853 2015 915 2069 ἐν
967 2026 1086 2079 ταῖς
1132 2019 1479 2085 φιλοτησίαις
1532 2010 1671 2086 ᾖδόν
1716 2036 1773 2069 τε
1819 2017 1908 2069 καὶ

221 2103 455 2158 ἐκάλουν
486 2105 672 2168 θεούς,
713 2107 764 2157 εί
792 2106 862 2174 μὴ
896 2106 983 2157 καὶ
1016 2106 1118 2173 τὴν
1150 2110 1292 2158 οἴκοι
1326 2106 1543 2157 δίαιταν
1575 2104 1908 2173 γιγνομένην

342 2283 366 2321 6
395 2277 635 2328 ἀντίθεσις
659 2279 1051 2336 ἀντεγκληματική
1068 2279 1214 2324 A2V²
1335 2284 1359 2323 9
1393 2279 1421 2336 ἡ
1448 2280 1575 2330 λύσις
1599 2279 1906 2337 μεταληπτικὴ
1967 2311 1970 2315 -

223 2338 316 2381 ἀπὸ
348 2345 429 2381 τοῦ
461 2337 636 2391 τρόπον
669 2337 813 2382 A²V²
935 2342 988 2382 18
1023 2338 1092 2396 ἓν]
1125 2336 1227 2382 οἷον
1258 2338 1309 2382 τὸ
1341 2339 1480 2383 θύειν
1513 2339 1581 2381 V2

342 2505 368 2542 4
402 2499 531 2543 ἔλθοι
557 2501 590 2543 I
616 2500 694 2542 sed
723 2516 766 2542 οι
792 2513 845 2543 ex
878 2518 905 2556 η
939 2514 1040 2543 corr
1063 2500 1132 2542 m⁸
1160 2502 1164 2554 Ι
1194 2497 1253 2544 ἂν
1284 2500 1458 2544 inserui
1485 2514 1508 2544 e
1536 2502 1579 2544 V
1633 2515 1708 2544 om
1738 2501 1907 2556 reliqui
1977 2555 1979 2558 ι

224 2556 333 2601 libri
365 2558 456 2602 edd
607 2563 633 2601 5
667 2557 765 2615 οὔτ’
797 2562 857 2615 (2)
889 2559 956 2603 Re
985 2563 990 2615 l
1020 2556 1125 2602 οὐδ’
1153 2559 1221 2601 Re
1365 2565 1389 2602 6
1425 2558 1667 2614 ἐπιορκίαν
1702 2561 1739 2604 C
1767 2560 1847 2603 sed
1879 2577 1906 2603 ν
1970 2560 1973 2561 ’

227 2617 318 2660 add
343 2632 364 2660 s
486 2622 508 2660 7
543 2617 604 2668 ὡς
636 2630 710 2660 om
736 2616 826 2660 Gon
949 2623 1000 2660 12
1036 2615 1266 2677 καομένου
1293 2618 1420 2662 VRe
1481 2618 1733 2674 καιομένου
1758 2618 1848 2662 Got
1964 2627 1967 2633 '

287 2680 340 2718 14
389 2676 595 2731 φαιδρὸν
628 2702 682 2707 -
718 2681 770 2718 15
810 2675 867 2719 τὰ
899 2676 982 2731 μὲν
1020 2676 1276 2732 praemisso
1315 2675 1530 2733 κείμενον
1562 2677 1610 2720 in
1635 2691 1769 2734 marg
1792 2679 1850 2720 1³

229 2739 281 2777 16
313 2733 670 2784 κατακλιθέντες
699 2733 748 2776 in
773 2749 906 2792 marg
930 2736 986 2778 Ι3
1184 2739 1234 2778 17
1267 2751 1387 2784 τινες
1420 2737 1463 2779 V
1507 2738 1511 2790 Ι
1552 2737 1634 2780 τὸν
1664 2735 1808 2793 νόμον
1831 2737 1910 2780 IV
1966 2749 1972 2792 j

289 2797 339 2835 19
373 2807 483 2835 num
513 2793 691 2837 θύεινῖ
732 2797 737 2849 Ι
779 2794 956 2849 ἐφῆκας
988 2793 1132 2837 Cobet
1163 2793 1292 2837 Mise.
1313 2799 1395 2836 142
1429 2796 1480 2837 at
1511 2794 1567 2838 cf.
1594 2795 1687 2838 t.11
1713 2799 1904 2849 129,23;

228 2855 326 2902 355,
359 2857 414 2894 20
609 2856 665 2894 20
711 2852 1020 2907 θυμιαμάτων
1053 2854 1098 2896 Β
1146 2852 1227 2895 sed
1266 2870 1300 2896 ω
1341 2867 1481 2909 supra,
1520 2871 1550 2895 α
1582 2855 1642 2909 (1)
1683 2867 1755 2897 scr
1778 2853 1847 2896 m²

228 2914 279 2951 21
314 2909 484 2960 πάντες
515 2913 560 2954 Ρ
590 2911 670 2954 Sed
702 2927 748 2960 ες
778 2911 826 2953 in
849 2924 923 2954 ras
948 2911 1018 2953 111²
1139 2915 1192 2953 22
1226 2910 1518 2956 οἰκοδίαιταν
1544 2911 1634 2956 Got
