1992 3094
202 143 308 194 348
717 140 946 184 LIBANII
979 140 1202 185 ORATIO
1235 139 1379 184 XLIII

200 278 514 344 μισούντων
552 284 860 338 ποιοῦντας.
938 282 1012 348 τῷ
1044 278 1190 342 μίσει
1240 273 1300 329 δὲ
1347 276 1568 345 ἀφορμὴ
1615 275 1751 345 τάχα
1792 276 1894 345 μέν
1964 308 1969 318 ‹

201 387 251 418 τι
292 364 382 418 καὶ
423 367 574 432 ἄλλο,
612 367 839 433 μεγίστη
881 365 942 417 δὲ
981 366 1043 418 αἱ
1078 364 1415 427 ἀποστάσεις.

312 453 397 505 20.
451 455 522 506 Εἰ
561 454 662 520 μὲν
701 449 805 506 οὖν
843 450 913 521 ἦν
951 474 1044 520 μοι
1083 454 1148 506 τὰ
1186 454 1366 506 πάντα
1407 454 1695 520 ἰάσασθαι,
1735 453 1894 508 τοῦτ’

202 541 270 594 ἂν
317 542 565 595 ἐποίουν·
612 551 722 594 τῶν
767 546 988 595 πολλῶν
1035 543 1097 595 δὲ
1144 543 1297 595 οὔπω
1346 541 1684 611 φαινομένης
1732 543 1891 596 ἐπαν-

158 651 176 682 5
202 631 520 699 ορθώσεως,
561 631 589 684 ὃ
631 632 906 700 δυναίμην
945 630 1016 683 ἂν
1054 639 1279 698 παῦσαι,
1319 639 1483 684 τοῦτο
1525 632 1723 700 ἴστημι.
1801 631 1891 686 καὶ

203 728 477 787 σκοπεῖτε,
531 720 667 788 πρὸς
720 721 880 786 Διός,
943 722 1089 782 τίνες
1142 718 1265 772 ἀντὶ
1318 722 1489 772 τίνων
1542 722 1739 773 ἔσεσθε
1792 729 1892 774 τοῦ

201 809 432 876 μάλιστα
479 806 825 876 ἐρεθίζοντος
871 807 1286 877 ἐκκεκομμένου.
1370 809 1534 877 ἥδιον
1583 809 1685 877 μὲν
1732 809 1892 879 ἀλλή-

201 900 331 958 λους
386 898 618 963 ὄψεσθε,
681 898 884 949 καλλίω
949 895 998 948 δ’
1052 896 1122 949 ἂν
1184 898 1388 950 εἴποιτε
1444 896 1570 966 περὶ
1626 897 1891 966 ἀλλήλων.

201 977 283 1047 οἷς
322 985 383 1037 δὲ
417 992 524 1037 νῦν
555 985 997 1053 ὑποπεπτώκατε,
1038 984 1360 1053 φθέγξεσθέ
1395 1005 1447 1038 τι
1485 987 1625 1055 πρὸς
1663 987 1895 1049 τούτους

134 1094 176 1125 10
202 1073 512 1143 ἐλεύθερον.
589 1075 873 1127 παύσεσθε
923 1071 1025 1148 μὲν
1070 1076 1201 1136 τοὺς
1248 1073 1310 1128 ἐν
1355 1082 1471 1137 τοῖς
1515 1075 1705 1138 ἄλλοις
1749 1077 1893 1143 βίοις
1958 1063 1965 1134 J

202 1162 697 1231 εὐδαιμονίζοντες,
767 1162 996 1232 ὑπαρξει
1059 1159 1119 1215 δε
1189 1163 1324 1229 ὑμῖν
1389 1161 1702 1226 ἐξελαύνειν
1763 1167 1894 1227 τοὺς

201 1252 514 1319 φάσκοντας
582 1272 683 1318 μεν
746 1254 927 1321 λόγων
989 1250 1311 1321 ἐπιθυμεῖν,
1381 1251 1641 1316 ε’λκοντας
1702 1250 1750 1306 δ’
1805 1251 1891 1306 ἐπὶ

202 1339 486 1409 ῥᾳθυμίαν
532 1342 664 1402 τοὺς
708 1341 920 1403 παῖδας.
997 1361 1186 1410 ωγαρ
1236 1339 1304 1393 ἂν
1346 1343 1478 1403 τοὺς
1524 1338 1609 1446 ἐφ’
1650 1333 1733 1403 οἷς
1771 1345 1893 1394 τολ-

199 1438 378 1494 μῶσιν
417 1429 861 1496 αγανακτοῦντας
899 1431 1187 1498 τρώσαιεν,
1212 1427 1405 1482 οὐκέτ’
1444 1450 1514 1483 αν
1552 1427 1747 1498 ἔχοιεν.

135 1535 175 1568 15
311 1517 395 1569 21.
447 1515 645 1586 Ἀρχὴν
690 1519 885 1571 τοίνυν
933 1517 1347 1587 ἐπιεικεστέρων
1392 1519 1727 1588 πραγμάτων
1764 1538 1891 1571 ταυ-
1955 1566 1960 1570 .

199 1606 320 1674 τηνὶ
353 1607 714 1675 ποιησάμενοι
745 1608 846 1675 τὴν
876 1606 1083 1676 ἡμέραν
1116 1612 1283 1674 ἴωμεν
1315 1605 1404 1660 ἐπὶ
1435 1608 1530 1669 τὰς
1563 1609 1848 1675 συνθήκας
1881 1604 1887 1678 Ι

112 1706 313 1750 RH432
346 1693 450 1747 κᾶν
494 1692 596 1761 μὲν
643 1695 983 1765 εὑρίσκωμεν
1029 1696 1148 1758 οἵας
1193 1693 1360 1764 ἔφην,
1409 1695 1771 1765 ἐμμείνωμεν,
1822 1694 1890 1748 ἂν

202 1782 251 1834 δ’
276 1783 342 1836 οὐ
374 1784 645 1851 τοιαύτας,
676 1783 709 1852 ἡ
743 1785 889 1853 παρὰ
919 1794 1030 1837 τῶν
1059 1787 1237 1853 ἔργων
1269 1786 1529 1853 κρατείτω
1553 1787 1890 1853 παραίνεσις.

321 1963 342 2001 1
378 1958 641 2002 νοσούντων
676 1959 712 2003 Ο
831 1964 855 2002 2
888 1975 960 2003 τοι
995 1959 1237 2004 OIVaPar
1267 1959 1370 2002 Mor
1397 1961 1401 2016 Ι
1430 1958 1708 2033 ἀποστάσεις
1738 1961 1784 2003 Ρ
1809 1958 1888 2002 sed

201 2032 240 2060 ει
273 2030 327 2059 ex
360 2033 375 2059 ι
408 2031 509 2060 corr
539 2017 588 2059 in
619 2031 693 2061 ras
718 2018 788 2060 m²
909 2023 934 2062 3
960 2014 1017 2074 ἧν
1041 2018 1166 2062 inser
1189 2020 1236 2063 P
1295 2033 1370 2062 om
1397 2018 1477 2062 CA
1598 2021 1624 2060 8
1651 2017 1823 2062 εἴποιτε
1846 2019 1894 2063 Ρ

201 2075 281 2119 sed
313 2091 359 2119 τε
391 2075 440 2118 in
470 2090 546 2119 ras
578 2076 661 2132 m²‚
695 2077 839 2121 Vsed
871 2094 916 2121 οι
941 2091 995 2120 ex
1018 2095 1046 2133 η
1073 2092 1174 2121 corr
1197 2077 1268 2120 ῑῑι2
1389 2082 1412 2121 9
1447 2076 1573 2135 φθέγ
1576 2076 1715 2130 ξεσθέ
1742 2079 1788 2121 Ρ
1808 2076 1890 2121 sed

201 2133 313 2191 έ<3)
346 2135 395 2178 in
427 2148 501 2178 ras
531 2135 621 2190 111²,
663 2137 708 2180 Β
747 2136 829 2180 sed
861 2152 881 2180 ε
914 2138 975 2194 (2)
1009 2150 1064 2180 ex
1096 2154 1126 2179 α
1157 2138 1210 2180 ut
1240 2136 1426 2180 videtur
1458 2150 1559 2179 corr
1589 2136 1638 2179 in
1668 2150 1744 2179 ras
1776 2135 1846 2178 m¹
1881 2136 1884 2185 Ι

199 2193 379 2243 τούτοις
405 2194 443 2238 Ο
560 2199 614 2237 10
647 2193 766 2252 βίοις
798 2195 963 2252 scripsi
996 2195 1284 2250 eoll.347,11
1304 2210 1370 2251 sq.
1434 2194 1628 2268 βιβλίοις
1659 2195 1767 2238 libri
1798 2195 1885 2238 edd

261 2257 311 2294 11
349 2251 748 2309 εὐδαιμονίζοντες
779 2256 825 2299 Ρ
855 2255 936 2298 sed
969 2271 989 2299 ε
1022 2256 1084 2312 (2)
1116 2255 1161 2297 in
1197 2269 1271 2298 ras
1303 2255 1373 2298 m⁸
1415 2257 1421 2310 Ι
1464 2251 1511 2297 δ’
1545 2255 1614 2297 Re
1742 2259 1794 2298 13
1828 2251 1888 2297 αν
1943 2260 1946 2262 ’

200 2325 275 2354 om
300 2313 335 2355 I
434 2317 488 2355 14
514 2313 599 2356 οὐκ
625 2310 687 2357 ἔτ’
880 2318 932 2357 15
959 2313 1298 2369 ἐπιεικεστέραν
1323 2315 1423 2358 Par
1445 2313 1547 2357 Mor
1566 2313 1572 2372 Ι
1592 2314 1765 2370 ταύτην
1789 2313 1892 2356 Mor

262 2374 314 2412 17
349 2370 467 2426 ἔφην
501 2385 576 2414 om
611 2371 647 2415 O
718 2315 820 2416 A18
854 2371 1073 2428 κρατείτω
1107 2374 1153 2416 Ρ
1181 2373 1261 2416 sed
1294 2391 1328 2416 ω
1362 2372 1411 2416 in
1435 2386 1510 2416 ras
1534 2372 1604 2415 m²
1632 2375 1636 2429 Ι
1665 2373 1772 2428 περὶ
1795 2379 1887 2416 τῶν
1959 2431 1961 2433 ¹
1991 2425 1992 2442 ἶ

200 2431 452 2485 συνθηκῶν
484 2430 643 2474 subscr
673 2432 719 2475 P
