1992 3094
215 137 317 190 100
721 134 947 178 LIBANII
980 133 1203 178 ORATIO
1237 133 1363 176 XXX

320 271 404 323 24.
463 273 697 337 Πότεροι
745 271 939 323 τοίνυν
983 279 1094 322 τῶν
1146 269 1308 336 δίκην
1359 267 1699 336 ὀφειλόντων
1738 268 1897 334 εἰσίν,

211 362 263 413 οἱ
302 361 648 429 τετηρηκότες
686 361 816 420 τοὺς
856 360 1061 424 νόμους
1099 357 1131 426 ἢ
1174 358 1225 410 οἱ
1265 357 1367 425 τὴν
1406 356 1591 409 αὑτῶν
1629 356 1900 424 βούλησιν

211 446 326 500 ἀντ’
360 447 584 500 ἐκείνων
622 445 999 515 πεποιημένοις
1045 447 1092 499 εἰ
1132 447 1236 513 γὰρ
1279 446 1465 498 δεινὸν
1504 443 1622 513 μέν,
1662 441 1704 497 ὦ
1744 447 1899 512 βασι-

213 541 333 603 λεῦ,
383 537 440 588 τὸ
481 544 596 598 τοῖς
642 536 750 588 ὑπὸ
793 543 895 587 σοῦ
942 543 1239 604 γραφεῖσιν
1285 533 1558 601 ἀπειθεῖν,
1607 536 1899 600 φαίνονται
1947 537 1951 545 ’

168 648 185 680 5
211 621 271 676 δὲ
311 623 632 686 πεισθέντες
670 621 772 692 μὲν
811 625 867 676 οί
901 624 973 691 μὴ
1007 624 1317 690 τεθυκότες,
1359 621 1581 674 ἐναντία
1620 621 1681 674 δὲ
1712 638 1899 674 πεποι-

210 714 398 780 ηκότες
445 713 503 765 oc
554 713 981 782 διαφθείραντες
1031 710 1064 763 ἃ
1111 710 1298 777 μένειν
1344 719 1460 773 τοῖς
1507 712 1738 779 ἔχουσιν
1786 709 1899 762 ἐδέ-

212 803 373 854 δοκτό
429 814 539 868 σοι,
605 801 656 853 οἱ
711 801 873 868 δίκην
929 801 1211 868 εἰληφότες
1265 797 1327 852 ἐν
1382 798 1528 870 αὐτῷ
1577 803 1651 870 τῷ
1709 801 1899 867 λαβεῖν

213 889 556 957 ὀφείλουσιν·
619 890 690 957 ἣν
751 891 854 957 γὰρ
911 889 978 942 οὐ
1041 896 1317 958 προσῆκεν
1378 885 1579 956 ἔλαβον
1642 890 1738 954 ζῆν
1797 884 1900 955 μὲν
1963 905 1967 907 ’

212 975 467 1040 ἐάσαντες
506 971 590 1040 οἷς
628 976 942 1044 ἐνεκάλουν,
987 977 1020 1029 ἃ
1061 975 1109 1028 δ’
1143 977 1247 1029 οὐκ
1285 971 1354 1044 ἦν
1394 976 1750 1028 αἰτιάσασθαι
1789 985 1900 1028 τῶν
1959 1019 1964 1050 3

146 1090 187 1120 ιο
212 1086 272 1133 γε
312 1066 540 1134 ἀψύχων
579 1067 712 1119 ὄντα
751 1067 1161 1134 κατεσκαφότες.

321 1154 406 1206 25.
460 1155 566 1207 Καὶ
606 1156 713 1223 μὴν
753 1156 801 1207 εἰ
839 1175 930 1207 και
971 1155 1190 1223 σφόδρα
1229 1161 1392 1207 τοῦτο
1433 1149 1504 1222 ἦν
1543 1104 1797 1222 ἀδίκημα,
1838 1152 1898 1205 τὸ

210 1243 311 1311 μὲν
358 1242 544 1307 ἀξίους
595 1242 768 1307 δεῖξαι
823 1244 979 1311 δίκης
1035 1242 1280 1306 ἐκείνους
1329 1243 1544 1296 τούτων
1589 1238 1676 1311 ἦν,
1730 1242 1790 1295 τὸ
1838 1241 1901 1294 δὲ
1962 1227 1965 1233 Δ

212 1331 486 1385 ἐπιθεῖναι
526 1332 626 1400 τὴν
666 1334 826 1400 δίκην
875 1340 975 1385 τοῦ
1025 1333 1302 1385 δικαστοῦ.
1380 1333 1642 1385 δικαστοῦ
1691 1328 1751 1384 δὲ
1799 1330 1901 1384 οὐκ

210 1415 279 1487 ἦν
327 1419 599 1490 ἀπορῆσαι
646 1429 757 1473 τῶν
804 1420 990 1474 ἐθνῶν
1035 1418 1127 1473 ὑπ’
1161 1421 1349 1484 αὐτοῖς
1400 1422 1579 1474 ὄντων
1625 1419 1898 1473 ἁπάντων.
1956 1445 1962 1461 ’-

150 1530 187 1562 15
213 1509 355 1562 οὕτω
402 1507 490 1561 καὶ
542 1511 670 1571 τοὺς
709 1507 912 1576 φονέας
963 1509 1016 1561 οἱ
1063 1518 1175 1561 τῶν
1221 1508 1661 1578 ἀπεσφαγμένων
1708 1510 1901 1562 οἰκεῖοι
1937 1515 1962 1550 ’-

211 1605 581 1666 τιμωροῦνται
614 1598 799 1663 λόγοις
829 1594 931 1664 μὲν
961 1606 1076 1659 τοῖς
1112 1595 1237 1667 παρ’
1273 1596 1501 1665 ἑαυτῶν,
1542 1599 1708 1668 ψήφῳ
1743 1595 1803 1650 δὲ
1834 1605 1899 1667 τῇ

212 1694 322 1738 τῶν
355 1685 700 1749 δικαζόντων.
778 1683 961 1747 οὐδεὶς
999 1682 1059 1737 δὲ
1093 1685 1338 1755 ἀρπάσας
1370 1684 1457 1739 ἐπὶ
1491 1687 1588 1739 τὸν
1624 1685 1909 1755 ἀνδροφό-.

214 1793 314 1826 νον
338 1773 495 1842 ξίφος
526 1776 896 1842 προστίθησιν
920 1774 1053 1826 αὐτὸ
1087 1781 1163 1846 τῷ
1191 1773 1392 1828 ’κείνου
1425 1775 1745 1846 (τραχήλῳ)
1773 1795 1900 1845 χρη-
1958 1771 1959 1774 “

214 1862 445 1927 σάμενος
485 1859 606 1913 ἀντὶ
645 1869 743 1914 τοῦ
785 1863 1143 1931 δικαστηρίου
1181 1870 1244 1932 τῇ
1286 1865 1452 1933 χειρί,
1496 1860 1627 1916 οὐδὲ
1667 1865 1770 1932 γὰρ
1811 1861 1898 1916 ἐπὶ
1952 1876 1954 1878 ’

149 1970 190 2003 20
215 1950 577 2018 τυμβωρύχον
632 1946 763 2001 οὐδὲ
810 1951 1089 2018 προδότην
1135 1951 1266 2004 οὐδὲ
1321 1961 1432 2014 τῶν
1482 1952 1547 2003 τά
1594 1953 1732 2004 ἄλλα
1780 1951 1899 2005 ἀδι-

214 2038 463 2090 κούντων
497 2035 697 2090 οὐδένα
730 2039 855 2090 οὔτε
885 2041 1158 2109 πρότερον
1190 2038 1315 2092 οὔθ’
1347 2040 1602 2109 ὕστερον,
1635 2038 1751 2093 ἀλλῗ
1777 2038 1899 2093 ἀντὶ

214 2134 324 2178 τῶν
364 2125 540 2194 ξιφῶν
579 2127 909 2193 εἰσαγγελίαι
951 2125 1040 2179 καὶ
1081 2126 1289 2197 γραφαὶ
1329 2129 1419 2180 καὶ
1459 2130 1621 2181 δίκαι.
1683 2128 1767 2181 26.
1807 2126 1900 2181 καὶ

215 2214 274 2266 τὸ
322 2212 392 2266 δι’
426 2209 503 2266 ὧν
555 2213 583 2266 ὁ
631 2216 796 2280 νόμος
850 2216 1107 2283 βούλεται
1161 2216 1423 2284 γενέσθαι
1478 2219 1579 2285 τὴν
1632 2219 1900 2286 τιμωρίαν
1990 2259 1992 2296 2

337 2377 388 2415 19
422 2372 531 2418 οὐδὲ
563 2374 649 2430 γὰρ
674 2374 973 2433 τυμβωρύχον
1006 2375 1050 2420 οἱ
1076 2376 1239 2420 οἰκεῖοι
1271 2383 1362 2420 τῶν
1394 2374 1650 2420 παθόντων
1683 2374 1899 2434 δηλονότι
1938 2391 1943 2418 1

215 2438 522 2486 τιμωροῦνται
557 2431 622 2476 V²

336 2584 360 2620 2
386 2580 539 2623 αὐτῶν
557 2580 638 2622 IV
752 2585 776 2622 3
802 2581 860 2638 εἰ]
888 2582 965 2624 καὶ
987 2584 1046 2626 M
1069 2583 1075 2636 Ι
1103 2580 1185 2638 μέν
1210 2596 1283 2625 om
1309 2583 1351 2626 V
1466 2588 1491 2625 5
1518 2582 1779 2632 τεθεικότες
1802 2581 1898 2625 Mai
1932 2591 1934 2594 ’

279 2643 328 2680 11
355 2635 479 2680 τοῦτ’
510 2638 552 2680 V
670 2643 722 2681 13
757 2639 888 2683 ἐπιθι
913 2657 990 2683 ναι
1023 2642 1067 2684 U
1186 2646 1238 2684 16
1271 2640 1352 2697 μὲν
1377 2642 1502 2685 inser
1525 2642 1583 2685 13
1705 2645 1758 2684 18
1782 2641 1896 2685 Ιαὐτὸ

218 2699 280 2739 τῶ
315 2697 358 2739 V
385 2697 466 2739 sed
498 2697 610 2740 αὐτὸ
642 2697 693 2739 τὸ
726 2696 860 2752 ξίφος
891 2706 951 2742 τῶ
974 2697 1149 2743 ’κείνου
1165 2699 1387 2767 ,τραχήλῳ
1420 2701 1469 2743 in
1493 2714 1628 2758 marg
1650 2699 1720 2743 m²
1780 2701 1904 2759 αὐτῷ
1932 2695 1939 2714 ³

218 2769 267 2797 το
297 2755 355 2796 Μ
414 2755 538 2811 αὑτῷ
568 2755 619 2798 τὸ
654 2756 864 2800 Monnier
891 2761 895 2813 Ι
924 2757 1130 2817 τραχήλῳ
1162 2759 1335 2801 inserui
1368 2759 1470 2802 coll.
1485 2759 1591 2803 Eur.
1607 2759 1705 2815 Iph.
1720 2759 1770 2803 T.
1785 2762 1896 2802 1460

280 2818 331 2855 19
365 2813 441 2857 ἐπὶ
476 2801 519 2858 U
543 2815 590 2856 et
621 2814 744 2858 inser
769 2816 839 2859 P⁸
900 2831 974 2859 om
1005 2803 1175 2872 reliqui
1206 2816 1314 2860 libri
1436 2822 1491 2860 20
1523 2818 1820 2891 τυμβορύχον
1833 2816 1903 2860 Μ
1927 2816 1943 2862 ἐ.

221 2871 226 2927 Ι
263 2871 370 2915 οὐδὲ
399 2872 480 2916 τὸν
491 2871 739 2955 3προδότην
765 2875 794 2916 Ι
817 2876 822 2929 1
850 2874 989 2917 τᾶλλα
1016 2877 1126 2957 ΒΜ
1243 2881 1296 2918 22
1331 2875 1611 2933 εἰσαγγελίαι
1635 2879 1666 2919 Ι
1694 2875 1820 2920 sed?
1851 2876 1899 2921 eb

219 2945 234 2971 ι
267 2929 315 2971 in
338 2943 413 2973 ras
437 2930 1289 2973 1113Ᾰ
