1992 3094
215 79 325 131 240
694 77 920 121 LIBANJI
953 75 1176 120 ORATIO
1209 76 1420 120 XXXVII

213 235 320 281 μου
374 213 630 282 λέγοντος
684 213 775 266 καὶ
823 213 948 265 οἵαν
994 213 1137 274 εἰκὸς
1184 211 1388 280 ἀνδρὸς
1438 205 1580 264 εἶναι
1625 213 1899 279 τοιούτου,

216 305 382 371 δῆλος
419 300 522 371 μὲν
560 297 710 369 ἦσθα
747 309 917 354 ταῦτα
957 301 1058 370 οὐχ
1096 300 1269 369 ἡδέως
1301 300 1536 366 ἀκούων,
1578 299 1638 353 ἐν
1671 302 1900 370 σχήματι

215 389 275 443 δὲ
325 390 684 453 ἐπαινοῦντος
730 392 920 457 ε”ψεγες
966 388 1138 458 μέγαν
1185 385 1286 455 μὲν
1333 389 1503 441 αὐτὸν
1541 388 1603 442 ἐν
1641 398 1758 452 ταῖς
1797 391 1900 442 δω-

215 488 363 547 ρεαῖς
403 473 545 533 εἷναι
586 478 778 548 λέγων,
818 479 1019 532 τούτου
1053 475 1112 531 δὲ
1145 476 1430 541 ἀπόδειξιν
1468 478 1798 546 ποιούμενος
1836 479 1902 530 τὰ

169 589 188 621 5
213 576 328 630 τοῖς
375 568 663 637 εὐνούχοις
708 565 837 636 παρ’
866 567 1038 620 αὐτοῦ
1091 566 1382 632 δεδομένα,
1437 573 1607 619 ταῦτα
1651 562 1712 619 δὲ
1760 559 1900 619 εἶναι

212 658 408 724 κώμας.
487 656 576 709 καὶ
631 658 805 718 πολὺς
858 656 983 724 περὶ
1031 656 1213 709 αὐτῶν
1259 655 1438 708 εἵπετο
1488 657 1648 723 λόγος
1692 656 1782 708 καὶ
1830 656 1903 717 ὡς

214 744 372 798 αὐταὶ
412 754 524 798 τῶν
564 746 750 798 οὐσῶν
790 744 849 797 ἐν
888 753 952 815 τῇ
1001 753 1069 814 γῇ
1116 744 1432 812 κεφάλαιον.
1510 742 1745 811 ἐβούλου
1797 744 1900 812 γὰρ

217 833 275 886 ἐκ
315 842 413 887 τοῦ
454 833 726 902 μεγέθους
763 842 876 886 τῶν
915 834 1139 900 δωρεῶν
1171 832 1571 900 διαβάλλεσθαι
1602 839 1701 884 τοῦ
1735 833 1902 884 δεδω-

213 924 370 985 κότος
402 923 499 975 τὸν
531 924 738 990 τρόπον
768 923 861 974 καί
890 942 1044 983 τινας
1074 921 1341 983 ὑπονοίας
1365 926 1659 974 κινεῖσθαι.
1698 922 1902 989 ἤνεγκα

149 1032 191 1063 10
215 1018 384 1063 ταῦτα
432 1013 587 1078 μόλις
635 1010 752 1078 μέν,
812 1001 1014 1078 ἤνεγκα
1054 1008 1102 1063 δ’
1136 1005 1240 1063 οὖν
1294 1010 1452 1072 εἰδὼς
1505 1008 1623 1077 μέν,
1679 1009 1750 1073 ὡς
1801 1010 1902 1063 οὐκ

214 1099 396 1168 ἀληθῆ
438 1099 570 1152 οὐδὲ
609 1107 779 1152 ταῦτα
821 1098 1048 1167 μέγιστα
1088 1094 1166 1151 ὧν
1205 1098 1462 1166 δέδωκεν,
1511 1100 1588 1161 εἰς
1625 1099 1803 1168 μάχην
1841 1095 1902 1151 δὲ

154 1228 157 1229 ⁷
215 1187 300 1240 ἐπὶ
371 1189 586 1251 τούτοις
655 1187 941 1255 ἐμπίπτειν
1003 1187 1069 1241 οὐ
1143 1190 1495 1256 βουλόμενος.
1584 1187 1633 1240 3.
1687 1188 1902 1250 τούτοις

212 1276 561 1345 προσέθηκας
608 1284 702 1345 τῆς
746 1277 947 1346 μητρὸς
994 1284 1087 1345 τῆς
1133 1274 1348 1329 ἐκείνου
1398 1277 1498 1328 τὸν
1554 1277 1779 1343 κόσμον,
1836 1275 1902 1329 ὃν

216 1366 381 1436 ἰατρῷ
434 1386 545 1418 τινι
593 1367 832 1433 δοθῆναι
885 1366 1096 1434 μισθὸν
1142 1372 1240 1418 τοῦ
1291 1365 1543 1418 θανάτου
1593 1372 1688 1432 τῆς
1735 1365 1903 1434 οὔσης

148 1474 188 1506 15
216 1455 361 1526 αὐτῷ
395 1457 670 1522 γυναικός.
746 1453 904 1507 ταυτὶ
951 1455 1055 1523 γὰρ
1103 1453 1349 1521 ὀμνύντα
1392 1453 1572 1521 λέγειν
1606 1451 1902 1507 Ἐλπίὸιον.

213 1541 551 1612 καὶπροσῆν
583 1546 806 1605 ἔπαινος
850 1542 1147 1610 Ἑλπιδιόυ,
1187 1543 1287 1612 οὐχ
1328 1541 1398 1595 ἵν’
1450 1541 1721 1605 Ἐλπίδιος
1752 1540 1899 1595 ἐπαι-

213 1636 378 1701 νεθῇ,
434 1630 550 1684 ἀλλ’
590 1629 661 1684 ἵν’
701 1631 730 1684 ὁ
778 1631 942 1701 ὅρκος
980 1637 1269 1701 πιστευθῇ.
1347 1629 1593 1684 ἐνταῦθα
1631 1630 1902 1699 ἀνεβόησα

213 1718 302 1772 καὶ
343 1721 443 1788 τὴν
490 1722 674 1788 ψυχὴν
719 1720 943 1788 πληγεὶς
988 1727 1062 1792 τῷ
1105 1723 1249 1791 λόγῳ
1305 1718 1448 1772 ἀλλ’
1482 1719 1596 1789 οὐχ
1651 1720 1731 1782 ὡς
1785 1720 1901 1773 οὐκ

215 1808 602 1877 ἐπορνεύετο
650 1808 793 1871 νέος
841 1809 950 1875 ὥν,
1007 1809 1180 1877 ὤμνυ
1229 1807 1306 1861 ἂν
1349 1807 1696 1876 Ἐλπίδιος,
1743 1805 1900 1876 ἔφην.

148 1917 190 1948 20
214 1897 303 1949 καὶ
344 1898 513 1950 ταύτὰ
552 1891 708 1950 εἶπον
741 1896 773 1950 ἃ
799 1894 1075 1964 Ῥωμαίων
1114 1897 1145 1965 ἡ
1184 1898 1360 1965 βουλὴ
1399 1895 1489 1949 καὶ
1531 1897 1560 1950 ὁ
1602 1897 1789 1965 δῆμος,
1829 1897 1902 1959 ὡς

215 1979 583 2053 ἀπηγγέλλετο
625 1987 791 2050 δεῦρο
831 1986 977 2052 παρὰ
1017 1995 1128 2038 τῶν
1176 1985 1286 2038 ἐκεῖ
1333 1987 1534 2055 χρόνον
1581 1985 1900 2054 διατριψάν-

214 2093 324 2125 των
355 2075 553 2141 πολύν,
591 2075 680 2126 καὶ
713 2075 785 2136 ὡς
817 2073 938 2127 ἀντὶ
971 2078 1248 2142 παλλακῆς
1284 2074 1498 2142 γένοιτο
1531 2076 1596 2127 τὰ
1630 2071 1732 2142 μὲν
1764 2075 1901 2126 ἄλλα

126 2175 161 2217 R
186 2173 227 2216 II
245 2178 329 2216 318
362 2161 523 2229 ἀνδρὶ
559 2164 860 2234 σπουδαίῳ,
892 2164 1046 2216 τουτὶ
1079 2159 1139 2214 δὲ
1173 2162 1483 2232 ἀτυχοῦντι.
1538 2157 1678 2230 ἦσαν
1711 2162 1771 2214 δὲ
1807 2166 1812 2229 Ι
1848 2163 1900 2214 οἱ

335 2356 359 2394 3
407 2351 554 2394 Amm.
582 2350 706 2393 XXV
732 2357 772 2404 4,
794 2357 846 2395 15
1031 2357 1084 2395 14
1130 2352 1335 2397 Helenae
1369 2352 1425 2396 cf.
1453 2353 1599 2395 Amm.
1626 2352 1733 2395 XXI
1759 2358 1796 2406 1,
1815 2358 1839 2394 5

216 2413 272 2452 20
305 2409 362 2453 cf.
389 2424 431 2465 p.
460 2415 530 2463 49,
551 2415 652 2466 lsq.

337 2592 358 2630 1
394 2583 516 2631 εἶναι
547 2601 621 2630 om
648 2587 778 2644 Bong
936 2593 960 2631 3
994 2595 1094 2638 ταῖς
1126 2602 1201 2631 om
1228 2588 1266 2633 G
1412 2591 1437 2630 5
1469 2584 1585 2641 παρ’
1614 2588 1714 2631 AV
1739 2587 1819 2630 sed
1850 2586 1898 2629 in

215 2647 411 2701 utroque
443 2663 497 2702 γρ
517 2643 599 2689 ὑπ’
627 2646 676 2688 in
699 2659 833 2703 marg
915 2644 999 2690 ὑπ’
1030 2648 1111 2691 GP
1139 2647 1220 2690 sed
1252 2646 1301 2689 in
1324 2646 1413 2690 hoc
1444 2643 1556 2701 παρ’
1586 2659 1800 2702 suprascr
1815 2645 1898 2698 ω’,

224 2705 268 2749 U
427 2710 452 2748 6
486 2705 629 2748 αὐτὸν
661 2705 775 2749 ΙΜο
800 2706 932 2763 Bong
980 2708 987 2762 Ι
1037 2706 1115 2749 καὶ
1147 2719 1222 2749 om
1247 2705 1333 2749 Mo
1461 2709 1518 2747 ‘7
1553 2705 1723 2748 οὐσιῶν
1756 2706 1839 2748 Mo
1907 2733 1911 2736 -

219 2767 270 2806 11
303 2762 350 2808 δ’
378 2763 446 2808 Re
622 2768 673 2806 15
710 2762 964 2822 Νεβρίδιον
994 2766 1048 2808 nt
1079 2766 1345 2808 constanter
1375 2764 1424 2806 in
1455 2763 1543 2806 hac
1575 2763 1783 2807 oratione
1814 2776 1896 2819 pro

210 2819 432 2881 Ἐλπιὸἰῳ
465 2822 675 2865 Monnier
797 2828 849 2865 17
883 2822 963 2867 ἵνα
998 2824 1063 2877 (ΙΙ
1093 2822 1116 2866 ὁ
1150 2837 1224 2866 om
1256 2822 1388 2879 Bong
1508 2826 1564 2864 20
1595 2821 1740 2865 ταύτὰ
1772 2821 1837 2864 Re

215 2887 361 2924 ταῦτα
392 2880 502 2924 libri
533 2881 664 2938 Bong
695 2882 907 2925 Monnier
1028 2886 1082 2924 22
1115 2879 1211 2924 ἄλλ’
1250 2882 1294 2924 V
