1992 3094
544 104 773 149 LIBANII
804 105 1029 151 ORATIO
1061 107 1142 151 DE
1174 108 1412 154 VINCTIS
1719 113 1822 166 361

133 237 527 307 ἀσθενέστεροι
565 241 715 310 παρὰ
751 251 864 295 τῶν
902 242 1315 312 δυνατωτέρων,
1354 244 1444 299 καὶ
1484 239 1569 309 οἷς
1601 247 1702 301 οὐκ
1741 246 1826 301 ἔνι

130 329 394 396 χρήματα,
433 329 581 396 παρὰ
618 338 731 382 τῶν
770 330 1181 399 εὐπορούντων,
1222 332 1313 386 καὶ
1353 335 1407 387 οὶ
1445 334 1643 389 πολλοὶ
1680 339 1827 406 παρὰ

131 425 243 469 τῶν
281 415 487 485 ὀλίγων
526 420 586 470 οἳ
619 419 714 480 τὰς
753 420 930 482 αἰτίας
968 421 1064 482 τὰς
1094 423 1241 490 παρὰ
1282 432 1443 490 σφῶν
1473 423 1644 477 πλέον
1680 423 1827 494 ἔχειν

132 503 387 568 ἀξιοῦσιν
418 505 769 570 ἀποδείξεων.
837 516 1009 561 ταῦτα
1046 510 1194 576 παρὰ
1230 520 1342 563 τῶν
1381 509 1442 564 ἐν
1480 519 1554 584 τῷ
1587 517 1824 586 μεγίστῳ

130 595 423 665 συνεδρίῳ,
462 588 641 648 ταῦτα’
666 597 813 665 παρὰ
844 605 956 650 τῶν
987 598 1170 651 ἄλλων
1200 601 1439 667 βουλῶν,
1479 609 1650 655 ταῦτα
1680 605 1826 670 παρὰ
1872 623 1892 655 5

129 691 242 736 τῶν
303 683 398 745 τὰς
453 682 725 752 εὐφημίας
775 684 936 754 ὑμῶν
990 684 1475 757 ἐγκεχειρισμένων
1528 692 1662 743 κατὰ
1715 701 1827 744 τῶν

131 769 193 824 ἐν
245 780 364 835 ταῖς
418 774 830 842 χειροτεχνίαις,
894 773 901 845 Ι
965 782 1137 828 ταῦτα
1189 778 1336 846 παρὰ
1387 787 1499 831 τῶν
1552 778 1660 848 [ἐν]
1709 792 1913 836 ΒΠ442

129 868 249 922 ταῖς
288 860 480 930 ἀρχαῖς
518 861 946 931 ὑπηρετούντων
984 865 1119 917 κατὰ
1165 874 1277 918 τῶν
1316 866 1382 919 οὐ
1422 867 1599 920 πάντα
1638 869 1824 931 αὐτοῖς

130 948 517 1018 χαριζομένων.
593 949 643 1003 5.
700 952 987 1005 δεσποτῶν
1027 949 1087 1005 δὲ
1123 953 1333 1022 ὠμότης
1363 958 1599 1027 πλείστῳ
1630 964 1824 1024 χρῆται

129 1037 379 1110 (τούτῳ)
417 1037 546 1092 καθ’
579 1037 814 1108 ἑκάστην
851 1040 1086 1110 ἡμέραν,
1129 1040 1244 1094 ε’πεὶ
1285 1039 1484 1113 ῥᾴδιον
1523 1044 1686 1111 δῆσαι
1724 1045 1824 1097 τὸν
1849 1067 1891 1100 ιο

129 1125 551 1195 ἠναγκασμένον
607 1127 716 1182 ὑπὸ
771 1137 871 1183 τοῦ
926 1132 1104 1199 νόμου
1165 1130 1271 1184 κᾶν
1331 1131 1583 1201 ἀδικῆται
1646 1140 1824 1201 σιγᾶν.

130 1213 379 1269 ἐνταῦθα
409 1235 520 1270 που
550 1217 752 1271 θετέον
791 1217 881 1272 καὶ
921 1221 1053 1282 τοὺς
1082 1218 1207 1290 περὶ
1246 1221 1347 1289 τὴν
1378 1230 1484 1289 γῆν
1513 1229 1825 1284 πονοῦντας

128 1312 245 1366 τοῖς
281 1305 634 1374 κεκτημένοις
664 1308 775 1376 τὴν
812 1316 942 1376 γῆν,
990 1307 1107 1362 ἐπεὶ
1151 1309 1242 1362 καὶ
1288 1310 1508 1372 τούτοις
1545 1307 1692 1373 τινὲς
1731 1315 1823 1363 ἶσα

128 1393 220 1446 καὶ
266 1393 502 1458 οἰκέταις
540 1395 858 1466 κέχρηνται,
905 1396 1010 1451 κᾶν
1055 1399 1128 1466 μὴ
1174 1399 1270 1461 τὰς
1315 1397 1629 1462 πλεονεξίας
1673 1397 1820 1452 ἐπαι-

129 1491 306 1535 νῶσιν
344 1482 574 1538 ἐκείνων
610 1486 706 1549 τὰς
744 1484 871 1539 καθ’
906 1484 1134 1555 ἑαυτῶν,
1175 1486 1355 1555 ὀλίγαι
1395 1490 1688 1555 συλλαβαί,
1731 1486 1821 1540 καὶ
1848 1509 1889 1542 15

129 1573 462 1642 στρατιώτης
515 1575 625 1641 ἅμα
677 1574 944 1629 ἁλύσεσιν
990 1574 1076 1629 ἐπὶ
1129 1577 1228 1630 τὸν
1277 1579 1283 1641 Ι
1333 1575 1529 1645 ἀγρὸν,
1582 1577 1673 1629 καὶ
1705 1588 1807 1631 RII
1823 1593 1910 1632 443

129 1659 458 1727 δεδεμένους
481 1663 542 1716 τὸ
575 1669 776 1733 οἴκημα
807 1663 1035 1734 δέχεται.
1098 1665 1146 1717 6.
1186 1666 1374 1733 βούλει
1406 1684 1472 1732 με
1503 1670 1822 1734 μνησθῆναι

127 1746 219 1802 καὶ
252 1759 364 1803 τῶν
388 1751 572 1804 αἰτίαν
601 1754 997 1822 λαμβανόντων
1024 1755 1288 1822 φονεύειν
1312 1755 1441 1816 τοὺς
1466 1753 1821 1822 ὁδοιπόρους;

130 1837 339 1891 οὐκοῦν
378 1835 534 1893 οὗτοι
572 1841 676 1911 μὲν
714 1842 785 1895 δύ
811 1840 873 1911 ’ἢ
913 1851 1084 1913 τρεῖς,
1129 1843 1310 1911 δῶμεν
1349 1843 1411 1896 δὲ
1446 1841 1537 1895 καὶ
1577 1842 1695 1909 τρὶς
1734 1861 1821 1894 το-

128 1927 364 1990 σούτους
409 1924 553 1982 εἶναι
599 1928 691 1983 καὶ
740 1929 871 1983 δέκα
924 1929 1015 1983 καὶ
1069 1934 1314 1994 πλειόυς·
1367 1929 1494 1999 παρ’
1535 1923 1619 1993 οἷς
1672 1927 1731 1983 δὲ
1787 1929 1889 1998 ἢςο

247 2078 276 2117 4
308 2073 366 2118 cf.
398 2089 443 2131 p.
470 2079 570 2129 310,
591 2080 644 2118 19
663 2089 757 2131 sq.;
789 2078 822 2120 t.
847 2077 890 2120 H
915 2081 1015 2131 302,
1033 2082 1108 2129 113
1140 2080 1241 2131 303,
1258 2081 1309 2120 11
1434 2080 1459 2119 6
1493 2076 1550 2119 ef.
1575 2091 1619 2132 p.
1647 2080 1747 2128 369,
1767 2080 1819 2119 16

130 2133 178 2175 et
210 2136 265 2175 23
388 2138 444 2178 15
476 2133 534 2179 cf.
563 2138 698 2188 183,1
718 2149 784 2191 sq.
907 2139 965 2179 20
999 2135 1055 2180 cf.
1082 2151 1127 2192 p.
1148 2139 1312 2190 185‚17
1331 2150 1396 2192 sq.

249 2271 275 2310 5
308 2266 534 2327 συνεδρίῳ
566 2282 642 2312 om
677 2269 714 2314 Ο
774 2269 901 2314 inser
933 2268 1028 2313 Pa²
1062 2269 1068 2327 Ι
1103 2276 1320 2312 ταῦτα-
1339 2269 1518 2326 βουλῶν
1549 2281 1624 2311 om
1656 2266 1747 2310 Goi:

132 2328 156 2368 7
189 2324 240 2369 ἐν
273 2326 529 2372 cancellavi
562 2329 752 2372 auctore
784 2328 851 2373 Re
911 2336 1010 2380 τοῖς
1041 2329 1090 2373 ἐν
1122 2328 1226 2371 coni
1259 2326 1462 2371 Sintenis
1589 2331 1642 2370 10
1674 2325 1819 2381 τούτῳ

25 2361 41 2404 ι’
128 2383 305 2429 inserui
329 2388 519 2431 auctore
541 2386 609 2431 Re
637 2390 643 2444 Ι
671 2387 971 2444 καθεκοὲστην
996 2389 1031 2432 Ι
1050 2390 1056 2444 Ι
1086 2384 1250 2448 ῤ’ᾴὸιον
1275 2386 1438 2442 scripsi
1463 2384 1730 2429 auctoribus
1754 2384 1819 2428 Re
1892 2387 1907 2393 ”

131 2444 400 2500 (,‚sententia
436 2447 640 2503 postulat
677 2445 815 2490 ἄδεια
854 2452 938 2491 aut
977 2444 1144 2508 ῥᾴδιον
1182 2451 1264 2490 aut
1302 2443 1534 2501 δίκαιον·*)
1568 2447 1616 2488 et
1647 2442 1819 2487 Cobeto

131 2500 244 2547 Coll.
272 2508 355 2547 136
417 2506 498 2549 καὶ
530 2504 640 2550 δέον
671 2504 781 2548 libri
812 2506 905 2550 edd
1027 2511 1080 2549 12
1114 2505 1324 2550 ἐνταῦθα
1355 2510 1447 2547 ποῦ
1477 2504 1710 2548 ΟΡαΑΡΙ
1739 2502 1819 2546 sed

34 2549 40 2595 '-
129 2561 178 2604 in
210 2562 299 2606 hoc
323 2567 342 2576 ⁹
375 2577 518 2620 supra
548 2581 577 2608 υ
611 2567 672 2622 (2)
704 2578 822 2620 eras,
854 2565 900 2608 B
926 2564 1018 2608 Got
1139 2568 1193 2607 13
1225 2562 1304 2607 ἴσα
1335 2565 1381 2607 Ρ
1409 2562 1491 2607 sed
1513 2559 1534 2577 ⁸
1566 2562 1614 2605 in
1647 2575 1720 2605 ras
1751 2560 1821 2604 m'

194 2626 248 2664 14
279 2622 340 2679 μὴ
373 2636 449 2666 om
475 2624 519 2668 V
717 2628 769 2667 17
803 2639 858 2680 με
889 2626 1158 2680 μνησθῆναι
1189 2635 1214 2666 e
1246 2624 1510 2679 μεμνῆσθαι
1541 2634 1643 2664 corr
1675 2620 1731 2665 0²

28 2687 41 2707 ‘⁸
134 2683 187 2724 18
220 2681 301 2725 καὶ
340 2695 415 2725 om
447 2681 539 2726 Got
587 2684 594 2739 Ι
644 2697 756 2726 num
786 2680 1120 2741 λαμβανόντων
1151 2682 1283 2740 (ἀπὸ
1314 2680 1433 2739 τοῦ)
1465 2679 1683 2735 φονεύειν
1715 2678 1818 2724 coll.

29 2741 40 2796 ζ
131 2737 343 2784 Thuc.11
368 2745 506 2795 18‚2?
630 2745 683 2784 19
716 2742 799 2799 μὲν
831 2755 907 2785 om
931 2742 1060 2785 PaV
1113 2741 1201 2786 δύο
1231 2740 1315 2796 μὲν
1340 2741 1385 2783 Β
1447 2739 1532 2784 δύο
1567 2738 1827 2784 CPaUBV

35 2799 45 2827 ἕ·
190 2796 269 2842 δύ’
298 2797 327 2855 ἢ
359 2802 395 2844 Ι
417 2799 542 2844 infra
571 2800 747 2844 lineam
780 2800 986 2844 custodis
1018 2799 1121 2843 folii
1155 2804 1262 2843 179v
1285 2798 1434 2842 instar
1464 2800 1512 2842 et
1542 2811 1567 2841 e
1598 2797 1686 2853 δύη
1719 2811 1822 2840 corr

29 2821 45 2879 ξ·
130 2855 180 2899 in
210 2857 337 2902 linea
367 2859 439 2902 m⁸
485 2859 541 2903 cf.
567 2874 612 2916 p.
634 2864 774 2914 199,ss
802 2861 808 2916 Ι
836 2856 864 2915 ἢ
896 2873 971 2903 om
1002 2859 1142 2903 PUB
1169 2871 1175 2914 Ι
1203 2861 1363 2913 θῶμεν
1394 2858 1466 2902 Pa
1493 2859 1500 2912 1
1527 2857 1578 2901 δὲ
1610 2870 1686 2900 om
1717 2857 1815 2911 Ραῖ

129 2915 228 2972 τρὶς
258 2930 282 2960 e
315 2918 389 2970 δὶς
419 2931 522 2962 corr
555 2918 592 2963 O
649 2919 723 2969 δὶς
753 2920 827 2964 Ρα
887 2925 1008 2973 τρεῖς
1039 2919 1071 2961 Ι
