1992 3094
514 133 743 178 LIBANII
773 132 999 178 ORATIO
1032 134 1150 180 PRO
1183 135 1439 180 TEMPLIS
1715 137 1816 190 109

128 271 288 339 ἴσμεν
304 267 499 338 <περὶ>
522 269 622 322 τὸν
645 270 747 338 τὴν
762 269 865 338 μὲν
881 269 1055 340 ἀρχὴν
1075 269 1437 338 ἐκδεξάμενον
1462 273 1563 340 τὴν
1587 271 1819 338 ἐκείνου,

128 359 229 427 τὴν
265 361 501 427 Περσῶν
541 354 602 410 δὲ
640 360 952 411 καθελόντα
991 359 1077 427 ἄν,
1119 361 1171 412 εί
1206 362 1277 429 μὴ
1317 361 1590 429 προδοσία
1627 363 1688 414 τὸ
1727 361 1819 413 πέ-

127 466 227 514 ρας
258 445 510 499 ἐκώλυσε.
572 445 758 515 μέγας.
778 446 843 500 δέ
872 447 1022 500 ἐστιν
1054 448 1200 517 ὅμως
1233 447 1324 501 καὶ
1357 451 1611 513 τεθνεώς.
1673 451 1819 522 δόλῳ

125 532 228 602 μὲν
266 536 370 604 γὰρ
410 533 710 603 ἀπέθανεν,
766 536 949 605 ὥσπερ
989 535 1287 605 Ἀχιλλεύς,
1343 536 1402 590 ἐκ
1450 534 1510 590 δὲ
1557 547 1669 590 τῶν
1714 540 1818 607 πρὸ

126 630 224 677 τοῦ
249 624 503 676 θανάτου
526 623 947 693 πεπραγμένων,
980 625 1053 688 ὡς
1078 624 1304 694 ἐκεῖνος,
1337 625 1541 696 ᾄδεται.
1602 627 1689 679 41.
1730 628 1815 679 καὶ
1866 648 1885 680 5

126 719 296 765 ταῦτα
341 713 517 783 τούτῳ
565 713 713 780 παρὰ
762 722 875 765 τῶν
912 719 1065 766 θεῶν
1113 707 1196 777 οἷς
1244 713 1523 768 ἀπέδωκεν
1572 716 1690 782 ἱερὰ
1728 716 1818 768 καὶ
1886 776 1889 778 v

125 802 283 868 τιμὰς
350 801 441 854 καὶ
501 801 697 870 τεμένη
760 801 851 855 καὶ
912 804 1134 870 βωμοὺς
1196 801 1287 856 καὶ
1352 796 1498 870 αἷμα.
1574 802 1700 873 παρ’
1741 800 1820 857 ὧν

125 889 387 958 ἀκούσας,
432 890 505 952 ὡς
543 891 604 943 τὸ
643 899 756 944 τῶν
796 894 1034 961 Περσῶν
1073 892 1290 961 αὔχημα
1329 893 1667 955 ταπεινώσας
1706 887 1819 945 εἶτα

127 977 512 1047 ἀποθανεῖται,
559 986 655 1047 τῆς
693 987 872 1049 ψυχῆς
911 978 1135 1048 ἐπρίατο
1175 982 1235 1034 τὸ
1275 980 1432 1043 κλέος
1475 982 1682 1044 πολλὰς
1719 981 1820 1048 μὲν

123 1068 309 1130 πόλεις
356 1066 513 1135 ἑλών,
574 1069 787 1137 πολλὴν
835 1066 895 1122 δὲ
943 1077 1050 1138 γῆν
1103 1070 1342 1140 δῃώσας,
1405 1070 1707 1132 παιδεύσας
1758 1067 1818 1122 δὲ
1845 1092 1886 1124 10

102 1157 255 1222 ,τοὺς
290 1156 591 1219 διώκοντας
624 1158 874 1227 φεύγειν,
914 1157 1129 1227 μέλλων
1162 1157 1240 1227 δέ,
1280 1159 1354 1222 ὡς
1386 1159 1620 1221 ἅπαντες
1654 1163 1818 1225 ἴσασι,

127 1243 384 1307 δέξεσθαι
445 1247 744 1315 πρεσβείαν
805 1248 1139 1315 κομίζουσαν
1193 1257 1305 1300 τῶν
1358 1250 1636 1316 πολεμίων
1690 1248 1819 1300 δου-

91 1334 291 1386 ,λείαν.
367 1341 668 1404 τοιγαροῦν
714 1336 980 1404 ἠσπάζετό
1026 1356 1083 1389 τε
1129 1337 1190 1389 τὸ
1250 1337 1255 1401 Ι
1313 1344 1527 1405 τραῦμα
1572 1334 1662 1388 καὶ
1702 1348 1906 1392 R11189

124 1420 341 1491 βλέπων
395 1422 677 1491 ἠγάλλετο·
716 1425 807 1477 καὶ
857 1426 928 1494 μὴ
981 1426 1240 1495 δακρύων
1286 1425 1451 1487 αὐτὸς
1495 1433 1611 1488 τοῖς
1643 1432 1818 1478 ’τοῦτο

125 1510 334 1580 δρῶσιν
372 1510 613 1580 ἐπετίμα,
666 1514 715 1566 εἰ
753 1515 826 1582 μὴ
866 1516 1145 1582 νομίζοιεν
1186 1513 1334 1567 αὐτω
1372 1514 1578 1576 παντὸς
1616 1513 1818 1582 ἀμείνω
1845 1535 1885 1567 15

124 1601 304 1668 γήρως
343 1596 486 1654 εἶναι
523 1602 624 1669 τὴν
662 1605 893 1671 πληγήν.
970 1603 1062 1655 και
1110 1603 1166 1655 αἱ
1205 1605 1491 1671 πρεσβεῖαι
1528 1604 1723 1655 τοίνυν
1763 1603 1816 1654 αἱ

124 1687 323 1741 πολλαὶ
370 1690 426 1741 αἱ
471 1688 585 1757 μετ’
618 1689 833 1744 ἐκεῖνον
883 1690 1098 1745 ἐκείνου
1148 1699 1319 1744 πᾶσαι
1369 1690 1460 1744 καὶ
1514 1691 1576 1743 τὸ
1635 1692 1820 1759 λόγοις

244 1862 270 1900 2
296 1857 354 1901 ef.
372 1857 459 1902 t.11
474 1861 721 1914 523,1lsq.
843 1864 871 1903 4
904 1859 1118 1903 Philosizr.
1130 1859 1238 1903 Her.
1249 1859 1354 1902 XIX
1374 1864 1425 1902 11
1446 1863 1669 1915 Ρ.2Ο4,23
1682 1873 1747 1914 sq.
1764 1859 1817 1901 K.

124 1914 183 1960 cf.
208 1915 362 1960 Herm
380 1917 509 1961 XVII
532 1921 618 1961 200
633 1932 700 1973 sq.
823 1922 849 1961 5
884 1918 1007 1962 Socr.
1032 1919 1139 1962 hist.
1167 1918 1277 1963 eccl.
1297 1918 1358 1961 ΙΠ
1385 1923 1437 1960 21
1464 1933 1509 1974 p.
1531 1922 1613 1961 198
1632 1918 1671 1960 A
1699 1918 1704 1975 Ι
1734 1917 1816 1961 Od.

125 1991 161 2019 ω
186 1978 241 2019 93
257 1989 323 2032 sq.
462 1981 486 2019 7
518 1976 699 2033 Eunap.
726 1976 782 2021 fr.
803 1982 859 2021 26
891 1978 1105 2035 (Mueller
1127 1978 1199 2021 Fr.
1220 1978 1327 2021 hist.
1347 1977 1409 2021 IV
1434 1979 1507 2033 25)
1545 1982 1548 1984 ’
1645 1981 1670 2020 9
1703 1976 1816 2021 Xon.

125 2031 228 2090 cyr.
245 2034 309 2077 ΠΙ
334 2040 373 2090 1,
392 2040 447 2079 36
602 2040 656 2079 10
690 2036 748 2080 of.
774 2037 868 2080 t.11
893 2041 993 2092 325,
1014 2042 1144 2092 usq.
1299 2042 1352 2079 12
1395 2036 1447 2080 cf.
1472 2035 1565 2080 t.11
1589 2040 1689 2090 353,
1709 2039 1733 2078 9
1751 2050 1816 2090 sq.

187 2098 241 2138 15
275 2094 333 2138 cf.
360 2096 392 2138 t
411 2094 651 2147 11355,11

245 2253 271 2291 3
303 2249 444 2293 τᾶλλα
467 2256 550 2306 τῆς
573 2248 816 2326 ἀληθείας,
850 2251 910 2301 ὡς
935 2251 1130 2303 εἰώθεις,
1149 2249 1589 2324 καταψευδόμενος,
1606 2249 1815 2323 Λιβανιε,

126 2306 337 2351 ἐνταῦθα
375 2309 576 2365 τάληθὲς
615 2309 824 2366 εἴρηκας,
875 2307 943 2353 ὅτι
982 2309 1124 2366 μέγας
1149 2307 1403 2361 Ἰουλιανὸς
1443 2310 1517 2354 ἐπὶ
1557 2307 1699 2352 κακία
1739 2309 1817 2351 καὶ

125 2365 238 2423 μετα
268 2366 484 2412 θανατον
514 2368 789 2430 περιαδεται
828 2376 1106 2427 χριστιανῶν
1139 2370 1335 2425 διώκτης
1365 2369 1607 2425 πεφηνώς,
1647 2355 1818 2422 Περσὶς
1886 2378 1901 2383 “’

128 2424 180 2469 δὲ
210 2428 381 2482 μᾶλλον
413 2427 602 2482 ἔδειξεν,
635 2428 696 2478 ὡς
729 2429 783 2472 οὐ
817 2427 951 2487 δόλῳ,
984 2428 1098 2471 ἀλλὰ
1128 2427 1308 2472 θεόθεν
1339 2426 1501 2489 καιρία
1532 2429 1679 2484 πληγῇ
1712 2428 1817 2484 βλη-

125 2485 232 2536 θεὶς
261 2484 488 2542 ἀπέρρηξε
525 2486 611 2543 τὴν
656 2486 852 2546 βέβηλον
890 2473 1050 2545 ψυχὴν
1090 2486 1257 2543 στήλην
1296 2475 1486 2545 υβρεως
1514 2483 1818 2531 ἀδιαλείπτου

133 2543 459 2601 κεκομισμένος
490 2545 558 2587 V2

248 2711 270 2748 1
306 2706 485 2766 <περὶ>
517 2708 692 2752 inserui
735 2711 740 2764 Ι
784 2708 866 2764 μὲν
897 2707 982 2764 τὴν
1013 2709 1096 2752 VB
1280 2713 1304 2751 2
1338 2705 1500 2764 πέρας]
1526 2704 1699 2759 πέρσας
1725 2706 1761 2750 Ο

131 2767 157 2806 3
189 2761 234 2808 δ’
265 2765 356 2809 edd
477 2772 502 2810 6
534 2767 711 2811 τούτων
740 2768 820 2812 ΟΡ
849 2767 930 2810 sed
962 2767 1011 2809 in
1034 2769 1232 2839 utroque?
1258 2784 1285 2810 ν
1310 2780 1425 2821 eras,
1458 2768 1502 2810 A
1535 2766 1616 2809 sed
1647 2782 1701 2821 γρ
1726 2771 1817 2808 τῶν

128 2822 348 2938 ᾗῖγῗῗοῖἷ
369 2826 514 2927 0101ιῖ
487 2842 551 2928 ἳῖ
579 2840 656 2870 ⁰¹¹²
673 2824 1003 2936 ῙΙΞΙῗέῖαἶξὲἷ
1021 2830 1149 2940 ΙΜῗ
1170 2826 1400 2940 ἑὲκὲρῗῗωῖ,
1432 2884 1466 2926 I
1491 2829 1572 2926 ἐξ
1595 2822 1818 2926 2²³²&ssss

130 2940 200 2983 m³
322 2946 374 2985 13
406 2950 597 2999 πρᾶγμα
628 2945 662 2986 Ι
780 2947 833 2986 17
867 2943 916 2986 αἱ
948 2957 1023 2987 om
1047 2943 1115 2987 Re
1144 2946 1149 2999 Ι
1178 2941 1342 3000 λόγους
1373 2941 1463 2986 Got
