1992 3094
192 94 300 145 464
706 89 932 133 LIBANH
964 88 1187 133 ORATIO
1220 88 1364 132 XLIX

302 227 386 280 25.
443 230 650 294 Γίγνου
698 227 765 294 δὴ
812 223 902 278 καὶ
951 225 1117 287 αὐτὸς
1162 225 1294 292 ἡμῖν
1343 220 1481 294 ὑπὲρ
1529 231 1625 292 τῆς
1669 227 1878 294 βουλῆς

193 317 354 385 ἀνήρ,
410 316 456 368 εἰ
506 314 595 367 καὶ
641 314 920 383 τηνάλλως
965 314 1226 381 πονήσεις
1279 313 1368 364 καὶ
1425 313 1478 366 οἱ
1531 313 1597 365 τὰ
1649 321 1878 368 τοιαῦτα

190 404 375 472 μένειν
422 404 523 457 οὐκ
570 402 822 464 ἐάσοντες
869 403 1209 470 γενήσοιντο.
1288 401 1419 463 ἴσως
1462 398 1523 454 δὲ
1571 399 1706 455 οὐδὲ
1751 422 1878 471 τηνό

192 494 365 555 άλλως
403 491 616 561 ἀκριβεῖ
655 492 799 562 λόγῳ
839 498 1003 543 τοῦτο
1045 493 1218 558 ἔστιν,
1260 490 1394 543 ὅταν
1433 487 1494 543 ἐν
1534 490 1681 563 αὐτῷ
1715 511 1768 544 τι
1806 498 1899 565 τῷ

148 580 555 648 ῡπεπονηκέναι
601 580 793 648 κέρδος
838 572 886 648 ᾗ.
965 571 1087 632 οἷον
1128 579 1196 646 δή
1234 597 1287 630 τι
1333 577 1424 630 καὶ
1464 581 1594 642 τοὺς
1633 581 1876 634 κλύδωνι

192 668 691 738 διαφθειρομένους
745 670 895 720 ἔστιν
951 669 1093 720 ἰδεῖν
1144 674 1460 730 ποιοῦντας.
1554 668 1703 721 ἴσασι
1757 668 1876 738 μέν,

190 758 262 819 ὡς
317 757 345 810 ὁ
400 758 602 826 χειμὼν
656 756 936 826 περιέσται
993 754 1170 818 τιθεὶς
1223 756 1330 808 ὑπὸ
1385 764 1450 826 τῇ
1511 757 1759 827 θαλάττῃ
1812 758 1875 811 τὸ

189 849 384 898 πλοῖον
422 844 510 898 καὶ
559 846 787 914 οὐδεμία
835 844 994 914 τέχνη
1034 842 1182 897 τοῦτ’
1224 844 1519 913 ἐξαρπάσαι
1560 846 1875 915 δυνήσεται,

188 935 247 985 τὸ
283 932 331 986 δ’
363 933 391 986 ὅ
423 954 474 986 τι
508 934 770 987 δύναιντο
809 935 1046 1001 βοηθεῖν
1082 933 1148 986 οὐ
1181 937 1679 1003 προκαταλύουσιν.
1750 920 1868 987 ἀλλ’·

124 1051 165 1083 10
190 1022 319 1074 οὐδὲ
364 1023 458 1084 τὰς
496 1025 746 1089 μελίττας
784 1022 972 1090 μέντοι
1018 1022 1181 1075 παύει
1227 1029 1323 1090 τῆς
1366 1020 1621 1090 ἐργασίας
1656 1023 1720 1075 ’τὸ
1758 1031 1875 1086 τοῖς

187 1110 582 1179 πεπονημένοις
626 1114 755 1173 τοὺς
801 1118 1052 1180 κηφῆνας
1091 1109 1468 1178 ἐπιτίθεσθαι,
1518 1110 1631 1164 ἀλλ’
1673 1113 1727 1164 οἱ
1772 1108 1874 1179 μὲν

188 1196 496 1267 ἐσθίουσιν,
537 1201 591 1252 αἱ
632 1196 692 1252 δὲ
731 1200 1087 1267 ὑφαίνουσιν.

298 1288 382 1339 26.
424 1287 542 1339 “En
589 1291 784 1341 τοίνυν
830 1289 930 1340 οὐκ
978 1287 1205 1341 ἐκείνων
1243 1288 1276 1357 ἢ
1316 1290 1530 1342 τούτων
1578 1291 1635 1342 αἱ
1674 1290 1873 1353 λύσεις.

188 1374 255 1442 ἢν
302 1377 404 1444 γὰρ
453 1377 520 1444 δὴ
566 1377 638 1444 μὴ
684 1377 883 1429 τούσδε
923 1377 1133 1446 λάβωσι
1177 1378 1505 1446 συνεργούς,
1553 1379 1615 1431 αί
1659 1377 1875 1431 ’κείνων
1961 1383 1989 1397 ”

123 1492 163 1525 15
189 1467 484 1533 συμμαχίαι
532 1465 692 1517 σκιὰν
736 1467 974 1533 ἤνεγκαν
1021 1467 1338 1534 συμμαχίας.
1416 1466 1478 1518 τὸ
1528 1463 1631 1519 οὖν
1676 1486 1729 1519 τι
1774 1467 1874 1520 τὸν

192 1554 469 1605 Φίλιππον
506 1553 784 1606 δύνασθαι
816 1555 963 1622 παρὰ
994 1553 1325 1616 Λασθένους
1357 1556 1488 1623 ἔστι,
1521 1553 1647 1624 παρ’
1683 1555 1872 1608 Εὐθυ-

188 1641 420 1708 κράτους
449 1639 582 1709 ἕστι,
620 1643 767 1712 παρὰ
797 1652 908 1695 τῶν
940 1643 1121 1695 ἄλλων
1162 1642 1284 1696 ὅσοι
1325 1643 1530 1706 δούλας
1561 1645 1656 1706 τὰς
1689 1643 1871 1697 αὑτῶν

188 1726 399 1781 ἐκείνου
445 1729 781 1798 κατέστησαν
828 1732 1050 1801 δώροις,
1099 1732 1200 1800 οὐχ
1249 1731 1439 1795 ὅπλοις
1483 1735 1870 1799 πολεμοῦντος.

188 1817 335 1885 δῶρα
382 1818 448 1886 δὴ
495 1819 585 1871 καὶ
630 1820 861 1882 τούτους
909 1819 1119 1873 ἀδικεῖν
1170 1820 1485 1890 ἀναπείθει,
1540 1821 1631 1873 καὶ
1683 1820 1871 1890 μέχρις

122 1932 164 1965 20
187 1902 256 1956 ἂν
294 1906 478 1968 αὐτοῖς
516 1906 740 1976 ἀζήμιον
783 1915 945 1961 τοῦτο
985 1903 1043 1978 ᾗ,
1090 1919 1400 1979 τρυγῶντες
1439 1909 1505 1962 οὐ
1546 1910 1870 1963 παύσονται.

306 2086 356 2123 12
382 2081 551 2138 Tryph.
564 2087 648 2126 536
773 2088 825 2127 16
852 2083 1033 2127 σίων
1050 2088 1239 2140 299,10;
1265 2089 1453 2140 818,243
1481 2088 1618 2138 950,8
1635 2084 1689 2128 R.
1737 2083 1867 2128 Dem.

185 2153 227 2240 ἕ.
254 2144 609 2242 ἕζούῗεῦᾏιειωε)
629 2157 717 2197 sq.;
751 2147 901 2198 451‚1.
965 2143 1098 2187 Diod.
1127 2143 1170 2187 S.
1195 2143 1301 2188 XV]
1326 2149 1381 2187 53
1562 2148 1615 2187 18
1649 2142 1706 2187 of.
1732 2142 1867 2187 Diod.

304 2365 328 2402 2
362 2363 407 2404 et
440 2366 464 2405 3
496 2362 700 2418 τηνάλως
733 2364 801 2408 CI
851 2367 856 2420 Ι
914 2364 1132 2420 πονήσεις
1163 2366 1208 2408 Β
1241 2366 1322 2410 sed
1353 2383 1380 2410 ν
1413 2378 1469 2409 ex
1501 2382 1518 2408 ι
1549 2378 1650 2408 corr
1679 2363 1750 2408 m²

187 2422 211 2458 5
236 2419 539 2475 πεποιηκέναι
562 2423 701 2466 ΙΒΜ
722 2423 854 2480 Bong
975 2428 999 2466 6
1025 2424 1108 2481 μὲν
1133 2424 1219 2482 γάρ
1247 2425 1351 2468 coni
1374 2425 1443 2468 Re
1466 2424 1607 2468 Anim
1726 2428 1749 2466 7
1773 2426 1868 2467 θα·-

186 2476 326 2535 λάσσῃ
358 2480 466 2523 BM
495 2480 624 2537 Bong
836 2487 861 2526 8
895 2482 1004 2527 οὐδὲ
1036 2481 1118 2540 μία
1151 2485 1244 2528 AP
1273 2484 1355 2528 sed
1385 2483 1435 2526 in
1466 2483 1554 2527 hoc
1581 2481 1591 2497 “
1631 2495 1748 2537 eras,
1780 2484 1817 2526 Ι

187 2540 211 2577 9
245 2534 313 2579 ὅτι
347 2538 390 2579 Β
531 2543 584 2581 10
615 2540 755 2585 παύει
786 2539 913 2596 μέντι
944 2543 979 2584 Ι
1033 2540 1161 2597 μέντι
1191 2543 1361 2587 παύειν
1393 2544 1438 2587 Β
1577 2547 1629 2585 11
1661 2557 1866 2598 πεπονη·

186 2591 339 2647 μένοις
369 2598 413 2639 Α
446 2597 525 2640 sed
558 2615 610 2654 γρ
642 2599 971 2656 πεποιημένοις
1001 2600 1050 2643 in
1081 2615 1214 2658 marg
1274 2600 1604 2658 πεποιημένοις
1626 2602 1672 2644 Ρ
1711 2603 1716 2656 Ι
1768 2600 1865 2644 ἐπι-

185 2649 405 2697 τίθεσθαι
436 2655 503 2699 Re
565 2657 887 2701 ἐπιτεθεῖσθαι
917 2661 1120 2703 ΑΡΒΜ
1147 2660 1280 2717 Bong
1341 2661 1655 2715 ἐπιτεθῆσθαι
1689 2659 1758 2703 CI

190 2715 241 2752 13
282 2713 365 2756 οὐκ
404 2728 479 2757 om
514 2716 546 2757 I
596 2718 602 2771 1
660 2715 848 2761 ἐκείνων
883 2717 1155 2777 <μᾶλλον>ἳ
1189 2721 1238 2762 ab
1269 2719 1325 2763 cf.
1358 2721 1391 2763 t.
1424 2719 1446 2762 I
1476 2722 1643 2773 408‚9;
1675 2717 1717 2760 Π
1749 2722 1818 2771 92,
1839 2722 1871 2760 1’

248 2775 299 2812 14
330 2772 490 2829 τούσγε
523 2775 631 2818 ΒΜ
660 2775 791 2832 Bong
840 2779 846 2831 Ι
892 2774 1078 2821 ’κείνων
1109 2779 1155 2822 Ρ
1184 2778 1264 2821 sed
1293 2775 1306 2792 ³
1343 2791 1444 2821 eras
1532 2775 1698 2822 κείνων
1730 2778 1808 2821 ΑΙ
1863 2821 1865 2823 ,

201 2827 270 2871 κεί
303 2830 341 2873 (J
510 2836 559 2874 17
595 2834 764 2883 ὃοῦλας
794 2835 886 2879 ΑΡ
916 2836 996 2879 sed
1020 2839 1038 2848 '⁴
1072 2836 1122 2879 in
1154 2835 1165 2850 '
1199 2850 1300 2880 corr
1330 2836 1413 2891 ω’,
1444 2838 1479 2879 Ι
1515 2839 1520 2893 Ι
1563 2836 1716 2880 αὐτῶν
1748 2837 1784 2880 Ι
1865 2856 1868 2859 >

246 2892 300 2930 20
332 2888 523 2945 ἀζήμιον
555 2892 711 2942 αὐτοῖς
743 2894 788 2935 Ρ
826 2894 831 2951 Ι
873 2894 1131 2944 παύσοντες
1159 2896 1195 2937 Ι
1751 2917 1753 2919 ’
