1992 3094
393 115 620 160 LIBANII
653 114 876 161 ORATIO
910 115 1154 162 CONTRA
1186 116 1583 162 FLORENTIUM
1725 118 1833 170 389

254 251 340 303 21.
404 252 632 314 Τούτοις
672 251 774 305 οὐκ
812 251 883 305 ἂν
920 254 1229 322 προσθείην
1267 254 1368 322 τὴν
1411 254 1488 316 εἰς
1526 255 1656 316 τοὺς
1692 272 1834 306 πτω-

141 341 275 409 χοὺς
313 338 640 409 ἐπικουρίαν
685 341 858 409 μηνὸς
905 338 1136 394 ἑκάστου
1176 341 1512 410 γιγνομένην
1550 342 1835 405 πολλάκις·

141 426 232 481 καὶ
270 429 376 498 γὰρ
418 429 466 481 εἰ
506 428 752 497 δαπάνης
791 427 904 482 ἐστὶ
947 428 1036 482 καὶ
1085 437 1276 498 τοῦτο,
1322 427 1439 483 ἀλλ’
1481 428 1738 484 ἑκουσίου
1778 450 1834 483 τε

140 515 231 569 καὶ
272 517 550 587 φερούσης
588 525 703 580 τοῖς
741 516 1090 588 προϊεμένοις
1129 518 1353 587 ἡδονήν.
1425 518 1491 572 οὐ
1532 519 1635 588 γὰρ
1674 538 1835 572 κατα-
1881 542 1904 572 4

142 614 344 675 ρῶνται
382 613 498 668 τοῖς
533 606 539 674 Ι
575 607 974 675 λαμβάνουσιν,
1014 605 1131 659 ἀλλ’
1170 607 1566 678 εὐφραίνονται
1603 609 1682 660 δι-
1716 620 1925 664 ΒΠ476

142 695 330 758 δόντες
374 695 708 762 βλεπούσαις
755 695 827 758 ὡς
874 697 1050 748 εἰπεῖν
1096 706 1214 759 ταῖς
1261 695 1470 749 ἑαυτῶν
1518 694 1720 760 δεξιαῖς
1760 698 1835 760 εἰς

142 783 209 836 οὐ
241 783 554 851 βλεπούσας
590 784 686 847 τὰς
718 782 944 837 ἐκείνων
976 783 1065 837 καὶ
1101 786 1236 837 κατὰ
1266 792 1430 838 τοῦτο
1462 784 1835 855 πλανωμένας.

141 870 296 924 ταυτὶ
343 871 446 938 μὲν
492 867 596 925 οὖν
643 872 710 925 οὐ
758 875 1063 942 λογίζομαι,
1111 873 1244 926 οὐδὲ
1290 874 1394 942 γὰρ
1436 872 1640 928 ἐκεῖνοί
1682 890 1835 927 ποτε·

144 958 302 1023 νέους
355 958 415 1013 δὲ
471 959 591 1014 ἀντὶ
655 963 935 1031 γερόντων
989 965 1177 1024 κίονας
1231 963 1313 1024 τίς
1375 962 1476 1015 οὐκ
1531 959 1650 1016 οἶδε
1702 964 1836 1030 μετὰ

139 1049 346 1118 βλάβης
399 1057 494 1118 τῆς
547 1050 761 1103 τούτων
815 1050 1381 1118 ἀντικαθισταμένους
1426 1050 1459 1119 ἢ
1506 1050 1834 1121 βαρυτε’ραις
1860 1074 1904 1105 ιο

140 1135 375 1202 ἕλξεσιν;
424 1139 588 1208 ἄμφω
628 1132 733 1209 γὰρ
774 1138 1017 1207 ἐκείνων,
1058 1138 1148 1192 καὶ
1188 1139 1220 1208 ἣ
1260 1138 1589 1210 μεταφέρειν
1633 1140 1835 1203 αὑτοὺς

141 1225 246 1280 ἀπὸ
286 1236 398 1280 τῶν
428 1237 637 1296 τεχνῶν
668 1226 843 1281 ἐκεῖσε
884 1230 968 1281 δεῖ
1005 1227 1038 1296 ἢ
1078 1229 1291 1281 τούτων
1331 1227 1624 1297 ἐχομένους
1654 1234 1840 1301 μισθῷ

139 1316 400 1384 πράττειν
453 1314 645 1370 ἐκεῖνο.
737 1315 827 1369 καὶ
882 1318 1083 1370 τούτου
1142 1319 1286 1370 πολὺ
1350 1317 1728 1386 χαλεπώτερον
1782 1318 1834 1370 οὶ

140 1404 318 1474 ὀχετοὶ
357 1405 417 1458 τὸ
456 1405 660 1468 πλάτος
695 1405 701 1475 Ι
737 1405 920 1458 αὑτῶν
951 1407 1297 1474 κομιζόμενοι
1338 1403 1409 1459 δι’
1442 1404 1683 1459 ἐκείνων.
1716 1418 1756 1460 R
1779 1417 1927 1461 Π477

140 1488 219 1546 ὧν
258 1493 359 1546 οὐκ
396 1493 575 1562 ὀλίγοι
616 1497 811 1559 ζῶντες
842 1496 1264 1563 καταβαίνοντες
1295 1493 1598 1564 ἀνιμῶνται
1629 1495 1833 1564 νεκροί,
1861 1516 1903 1548 15

140 1581 230 1635 καὶ
277 1586 542 1653 προσήκει
587 1584 686 1636 τὸν
733 1583 837 1637 οὐκ
883 1583 1267 1652 ἀπολούμενον
1314 1582 1375 1636 ἐν
1419 1581 1606 1650 ἑτέρου
1647 1583 1834 1636 κινδυ-

142 1672 326 1724 νεύειν
365 1672 591 1740 σώματι,
630 1677 840 1739 μισθοῦ
880 1672 1048 1724 πάλιν
1088 1673 1309 1739 σώματι.

253 1761 339 1813 22.
382 1759 650 1828 Λεγέσθω
682 1763 880 1814 τοίνυν
910 1759 1001 1814 καὶ
1033 1761 1093 1813 τὸ
1126 1761 1295 1813 τᾶλλα
1326 1760 1505 1813 πάντα
1535 1762 1835 1829 νενικηκός.

141 1856 304 1902 τοῦτο
339 1848 404 1903 δέ
432 1848 584 1903 ἐστιν
617 1849 645 1902 ὁ
678 1849 959 1919 ἀφόρητος
990 1851 1183 1919 φόρος,
1221 1850 1462 1919 ἄργυρος
1494 1848 1584 1901 καὶ
1616 1850 1835 1917 χρυσός,

141 1939 391 2007 φρίττειν
439 1939 779 2008 προσιούσας
828 1947 1007 1991 ποιῶν
1055 1938 1151 2000 τὰς
1198 1937 1383 2000 δεινὰς
1432 1938 1833 2007 πεντετηρίδας.
1860 1960 1904 1991 20

142 2027 318 2095 ὄνομα
361 2027 464 2095 μὲν
503 2027 607 2097 γὰρ
655 2023 921 2096 εὐπρεπὲς
967 2025 1072 2079 ἀπὸ
1121 2034 1231 2078 τῶν
1271 2023 1523 2095 ἐμπόρων
1568 2032 1643 2097 τῷ
1682 2027 1835 2097 πόρῳ

142 2114 336 2186 τούτῳ,
374 2123 439 2185 τῇ
475 2116 722 2186 θαλάττῃ
763 2112 825 2168 δὲ
863 2114 1091 2168 ἐκείνων
1131 2116 1208 2176 εἰς
1241 2114 1502 2167 διάδυσιν
1539 2113 1837 2184 χρωμένων

263 2265 317 2304 19
349 2260 448 2305 Zos.
481 2260 524 2304 H
555 2265 623 2304 38.
674 2259 781 2304 Cod.
816 2259 990 2304 Theod.
1016 2259 1121 2302 XIII
1155 2264 1194 2314 1,
1215 2265 1234 2301 1
1257 2273 1324 2314 sq.
1358 2273 1462 2303 cum
1502 2259 1836 2303 commentario

143 2317 418 2364 Gosshofredi

263 2455 289 2493 4
321 2459 424 2504 ταῖς
454 2450 751 2509 προιεμέναις
785 2452 823 2497 G
877 2457 956 2507 τῆς
988 2449 1263 2507 προιεμένης
1292 2450 1394 2494 Mor
1576 2455 1602 2494 5
1633 2458 1730 2500 τοῖς
1761 2465 1835 2494 om

145 2508 254 2553 libri
284 2510 387 2554 Mor
446 2511 572 2555 inser
602 2511 670 2555 Re
727 2511 734 2569 Ι
791 2508 1124 2566 εὐφραίνοντες
1147 2510 1217 2553 Va
1248 2509 1350 2553 Mor
1505 2514 1527 2552 7
1561 2510 1839 2568 βλεπούσαις

145 2567 246 2612 Mor
277 2570 359 2612 sed
390 2587 445 2627 γρ
470 2570 726 2628 βλεπούσης
748 2569 797 2613 in
821 2583 955 2626 marg
1075 2573 1102 2612 8
1135 2565 1286 2624 ἐκείνη
1315 2569 1353 2613 C'
1475 2572 1529 2612 10
1561 2567 1838 2627 βαρυτέραις

147 2627 311 2684 scripsi
373 2628 681 2687 βραχυτέραις
703 2628 813 2672 libri
838 2628 928 2671 edd
998 2626 1305 2685 βραδυτέραις
1329 2628 1432 2671 coni
1457 2627 1526 2671 Re
1670 2633 1719 2670 11
1755 2628 1837 2671 καὶ

147 2685 188 2729 εἰ
218 2686 320 2730 Mor
351 2688 433 2732 sed
464 2705 518 2745 γρ
552 2689 592 2732 εἰ
623 2688 702 2731 καὶ
734 2687 782 2730 in
814 2700 947 2744 marg
990 2691 995 2743 Ι
1038 2687 1210 2737 αὐτοὺς
1240 2687 1308 2730 Re
1395 2687 1565 2736 αὐτοὺς
1594 2685 1704 2729 libri
1735 2686 1837 2730 Mor

207 2750 259 2788 14
303 2746 457 2791 αὐτῶν
495 2747 564 2791 Re
657 2746 810 2790 αὐτῶν
849 2745 959 2789 libri
999 2745 1100 2789 Mor
1293 2750 1345 2789 15
1386 2744 1671 2803 καταβάντες
1708 2744 1775 2789 Re

145 2807 198 2846 17
225 2805 400 2860 σώματι
424 2806 485 2862 (1)
510 2804 615 2849 del?
637 2806 642 2863 Ι
666 2804 808 2849 πάλιν
833 2805 1006 2859 σώματι
1031 2803 1309 2848 cancellavit
1332 2803 1434 2848 Mor
1556 2807 1609 2847 18
1634 2799 1774 2847 τᾶλλα
1801 2804 1845 2848 0

203 2865 343 2907 τᾶλλα
375 2865 421 2908 Α
449 2868 455 2919 Ι
483 2862 726 2919 κεκινηκός
756 2863 979 2908 APIBV
1000 2862 1101 2906 Mor
1133 2863 1213 2906 sed
1246 2863 1293 2906 in
1326 2863 1414 2907 hoc
1446 2880 1501 2919 γρ
1534 2861 1776 2919 νενικηκός

16 2914 49 3094 fi
146 2925 202 2964 22
236 2921 455 2966 διάθεσιν
488 2922 591 2966 coni
623 2922 691 2967 Re
723 2924 772 2966 ab
803 2921 861 2965 cf.
887 2923 948 2965 ad
979 2937 1023 2978 p.
1042 2927 1202 2976 413‚2;
1236 2937 1279 2978 p.
1300 2926 1435 2974 390,‘2.
1469 2921 1713 2977 διαφεύγει
