1992 3094
902 814 1146 868 XLVHl.

578 935 811 997 ΠΡΟΣ
858 937 1041 996 ΤΗΝ
1086 935 1464 997 ΒΟΤΛΗΝ.

87 1095 290 1138 RH526
372 1084 416 1136 1.
459 1081 644 1146 Ὅσοις
681 1081 783 1152 μὲν
819 1084 956 1150 πρὸς
995 1084 1161 1146 ὅσους
1193 1081 1503 1152 ἐχρησάμην
1537 1079 1677 1152 ὑπὲρ
1709 1082 1868 1149 ὑμῶν

175 1173 322 1242 παρὰ
365 1173 544 1225 πάντα
590 1173 688 1225 τὸν
735 1174 963 1242 χρόνον,
1019 1169 1060 1225 ὦ
1108 1173 1310 1240 βουλή,
1364 1173 1553 1239 λόγοις
1607 1171 1674 1223 οὐ
1728 1172 1867 1240 πρὸς

174 1263 305 1324 τοὺς
351 1261 459 1314 ὑπὸ
510 1270 625 1324 τοῖς
674 1264 999 1330 βασιλεῦσιν
1045 1263 1268 1329 ἔχοντας
1318 1261 1414 1322 τὰς
1460 1259 1629 1330 ἀρχὰς
1672 1261 1866 1328 μόνον,

131 1370 150 1403 5
174 1349 312 1402 ἀλλὰ
351 1350 440 1402 καὶ
479 1351 616 1418 πρὸς
654 1350 838 1402 αὐτῶν
878 1349 1105 1403 ἐκείνων
1134 1349 1234 1401 τὸν
1274 1350 1518 1418 ἄριστον,
1559 1347 1687 1402 οὔθ’
1726 1348 1866 1417 ὑμᾶς

175 1436 289 1490 οὔτ’
329 1439 512 1491 ἄλλων
551 1437 870 1507 ἀνθρώπων
901 1436 1035 1491 οὐδὲ
1066 1437 1164 1491 ἕνα
1195 1434 1422 1506 ἀγνοεῖν
1455 1437 1704 1506 ἡγοῦμαι.
1773 1437 1865 1490 καὶ

175 1527 278 1595 γὰρ
319 1528 366 1579 εἰ
408 1527 648 1593 δύναμιν
679 1525 904 1596 ἔχοντάς
934 1547 1089 1590 τινας
1121 1520 1204 1589 οἷς
1234 1525 1709 1596 ἐπαρρησιαζόμην
1741 1523 1864 1578 &⁹215-

172 1631 335 1683 πουν,
369 1617 685 1686 δεινότερον
718 1617 862 1683 ὅμως
893 1614 1073 1669 ἐδόκει
1105 1635 1199 1684 μοι
1238 1623 1338 1668 τοῦ
1373 1619 1580 1667 παθεῖν
1611 1634 1664 1667 τι
1694 1615 1866 1667 κακὸν

174 1705 399 1756 εἰπόντα
457 1703 490 1756 ἃ
542 1713 820 1774 προσῆκεν
882 1705 913 1774 ἡ
967 1706 1101 1774 μετὰ
1154 1712 1249 1773 τῆς
1311 1711 1517 1771 σιωπῆς
1571 1702 1863 1771 ἀσφάλεια·

107 1813 150 1846 10
174 1790 285 1844 ἐπεὶ
337 1791 384 1844 δ’
432 1793 566 1859 ὑμῖν
611 1790 750 1862 ὑπὲρ
798 1794 957 1862 ὑμῶν
1007 1794 1191 1847 αὐτῶν
1242 1793 1604 1861 διαλεχθῆναι
1657 1793 1863 1862 καιρός,
1936 1840 1938 1842 ,

294 1983 332 2027 Ο
413 2005 469 2019 ---
504 1983 648 2027 codex
679 1983 927 2027 Chisianus

292 2043 375 2085 Mo
412 2064 467 2079 =
500 2042 792 2086 Monacensis
819 2047 901 2086 101

500 2101 793 2146 Monacensis
824 2117 892 2159 gr.
913 2106 1000 2146 483
1032 2101 1370 2158 (Augustanus)

499 2160 742 2204 Palatinus
774 2176 842 2218 gr.
869 2165 954 2204 282

500 2219 765 2263 Marcianus
798 2220 998 2276 append.
1023 2218 1124 2263 XCI
1148 2224 1173 2262 2

411 2300 466 2314 =
498 2278 778 2323 Barberinus
809 2279 851 2322 II
875 2283 930 2322 41

410 2359 465 2373 =
497 2337 763 2381 Marcianus
795 2353 863 2396 gr.
889 2342 975 2382 437

306 2396 379 2439 Pa
410 2418 466 2432 =
497 2396 707 2440 Patmius
731 2400 836 2454 471)

412 2241 467 2255 ΙΙ
411 2182 465 2196 Η
413 2123 468 2137 ΙΙ

291 2102 336 2144 A

291 2159 336 2201 P

289 2219 323 2260 Ι

289 2278 334 2320 Β

291 2336 352 2378 M

289 2397 302 2450 Α

289 2570 314 2608 5
339 2564 653 2609 Theodosium
678 2566 734 2629 of.
753 2581 817 2610 or.
834 2566 977 2610 XLIX
999 2581 1044 2622 p.
1064 2570 1149 2610 452
1168 2581 1234 2623 sq.
1357 2570 1382 2608 9
1417 2565 1473 2608 of.
1493 2565 1553 2608 ad
1577 2579 1621 2620 p.
1641 2567 1778 2620 405‚8

289 2739 310 2776 1
345 2739 375 2778 ’ῦ
407 2737 514 2779 ante
545 2735 661 2789 πρὸς
688 2735 750 2780 02
781 2736 863 2780 sed
894 2734 967 2789 ξα’
997 2736 1047 2779 in
1071 2749 1204 2793 marg
1226 2734 1309 2791 m²‚
1328 2736 1373 2779 A
1460 2751 1515 2791 κγ
1547 2735 1654 2789 posia
1685 2731 1856 2790 βουλήν
1931 2724 1934 2732 '

167 2791 216 2833 in
247 2806 381 2848 marg
412 2794 457 2836 B
586 2799 611 2836 2
645 2794 728 2850 μὲν
758 2793 884 2838 inser
914 2794 987 2839 Ρ3
1118 2799 1144 2838 5
1177 2794 1321 2838 αὐτὸν
1353 2794 1532 2838 ἐκεῖνον
1563 2792 1704 2836 ΙΒΜ
1722 2791 1856 2847 Bong
1926 2814 1929 2817 Δ
1959 2818 1963 2827 «

228 2855 253 2892 6
286 2851 424 2895 ἄλλον
458 2854 519 2896 Μ
537 2852 672 2910 Bong
698 2855 703 2909 Ι
740 2853 910 2897 οὐδένα
942 2855 989 2898 Ρ
1016 2853 1099 2897 sed
1130 2866 1185 2896 ex
1216 2851 1327 2896 οὐδὲ
1360 2851 1440 2896 ἕνα
1473 2866 1574 2895 corr
1603 2850 1686 2906 m2‚
1717 2851 1854 2894 IBM

166 2907 299 2966 Bong
325 2912 332 2966 1
361 2906 489 2966 οἶμαι
519 2911 555 2954 Ι
669 2915 694 2954 8
727 2912 782 2955 οὐ
815 2911 1077 2967 δεινότερον
1108 2913 1144 2954 Ι
