1992 3094
649 99 988 145 PRAEFATIO
1022 100 1257 146 CRITICA
1668 104 1791 149 XXV

34 296 37 298 ,
108 258 228 290 num
264 239 577 289 inserendum
615 240 683 287 sit
720 239 844 302 αὕτη
894 241 1136 302 quaesivi,
1183 245 1510 291 necessarium
1555 260 1653 292 non
1692 259 1794 292 esse

108 318 239 364 recte
277 313 636 362 Herwerdeuus
676 316 726 361 et
766 313 1084 362 Schenkelius
1124 315 1363 363 dixerunt.

217 406 264 452 p.
301 388 470 447 198‚9
513 385 731 451 φυλακαὶ
769 386 852 436 καὶ
883 388 1040 447 ὕπνος
1070 388 1352 453 νικώμενος.
1420 391 1793 439 Nominativum

108 462 266 521 ὕπνος
302 463 356 510 111
402 461 628 510 dativum
669 460 808 530 ὕπνῳ
854 465 1046 511 mutare
1092 463 1225 510 haud
1271 479 1392 525 opus
1440 479 1542 512 esse
1589 465 1792 513 videtur.

107 535 265 595 ὕπνος
302 534 572 599 νικώμενος
613 536 714 584 fere
752 536 883 584 idem
923 540 997 584 est
1036 539 1185 599 atque
1224 534 1481 602 ἀγρυπνία.
1560 537 1796 586 Similiter

31 631 34 643 ³
109 611 234 659 dixit
264 609 502 658 Libanius
532 612 569 658 t.
600 610 678 657 [Π
713 611 796 670 18,
809 612 838 658 6
873 608 950 658 σοὶ
990 608 1078 673 μὲν
1117 604 1209 659 οὗν
1248 609 1414 674 εστηκε
1452 611 1504 661 τὸ
1546 609 1676 674 ὄμμα
1716 610 1795 660 καὶ

49 731 52 734 .
109 682 162 734 τὸ
199 691 346 733 νικᾶν
384 683 470 733 τὸν
508 683 670 732 1ὕπνον
710 682 840 732 ἐστὶν
879 683 932 733 ἐν
971 685 1228 752 συνηθεία.

218 775 265 821 p.
302 760 422 818 199,
441 759 471 806 3
521 755 673 823 λέγων
719 765 870 807 ταῦτα
916 766 1075 822 συνῆν
1122 777 1168 807 τε
1207 756 1260 806 τὸ
1306 756 1454 807 πλέον
1492 766 1578 822 τῆς
1616 755 1797 822 ἡμέρας

24 861 28 866 Δ
109 830 191 881 καὶ
228 839 316 896 τῆς
353 830 531 890 νυκτὸς
570 830 662 880 οὐκ
702 829 867 898 ὀλίγον
899 830 1141 895 ἀνήλισκε.
1210 832 1306 881 Pro
1346 840 1504 896 συνῆν
1544 833 1673 894 quod
1705 849 1796 896 ego

18 908 31 919 ⁴
109 923 135 955 0
172 906 412 955 librorum
443 907 690 968 scriptura
721 906 814 954 σύν
853 908 1003 968 effeci,
1044 906 1360 955 Schenkelius
1392 906 1557 954 συνών
1589 906 1796 955 scribere

107 980 300 1029 maluit.
375 980 446 1028 At
482 982 540 1028 ut
579 980 765 1042 συνών,
807 983 849 1029 81
888 996 1084 1030 8011811111
1121 981 1432 1042 respicimus,
1476 981 1613 1028 nullo
1651 981 1796 1028 modo

18 1103 31 1114 „
109 1071 221 1103 cum
257 1052 410 1119 λέγων
449 1060 601 1102 ταῦτα
641 1057 874 1119 coniungi
914 1058 1101 1117 potest,
1150 1055 1224 1102 ita
1269 1061 1428 1118 συνῆν
1474 1072 1520 1102 τε
1559 1052 1612 1102 τὸ
1650 1051 1798 1102 πλέον

17 1125 34 1174 ,ζ’
110 1135 195 1192 τῆς
231 1124 415 1192 ἡμέρας
450 1144 479 1176 a
519 1130 745 1191 sequenti
783 1127 866 1177 καὶ
904 1136 990 1193 τῆς
1028 1128 1205 1187 νυκτὸς
1237 1127 1328 1177 οὐκ
1368 1125 1531 1193 ὀλίγον
1570 1125 1798 1190 ἀνήλισκε

113 1202 494 1339 flaglssimllg9st3
527 1272 626 1326 τότ’
655 1269 748 1325 οὗν
779 1282 926 1345 θυμῷ
953 1275 1230 1339 καλυφθεὶς
1260 1274 1342 1324 καὶ
1373 1275 1438 1324 τώ
1470 1294 1516 1323 τε
1554 1272 1797 1338 ὀφθαλμὼ

14 1358 34 1401 .ὶ·”
110 1349 315 1414 κινήσας
360 1349 452 1413 τήν
499 1369 546 1399 τε
584 1351 700 1416 ῥῖνα
737 1350 856 1416 χειρὶ
902 1349 1083 1410 πιέσας.
1159 1352 1330 1412 Neque
1368 1347 1642 1411 καλυφθεὶς
1677 1351 1735 1396 ut
1772 1365 1797 1395 0

109 1426 248 1487 poesi
293 1428 545 1487 sumptum
591 1426 787 1474 defendi
836 1442 979 1487 posse
1028 1442 1206 1487 neque,
1258 1426 1301 1472 si
1345 1425 1437 1471 hoc
1481 1423 1641 1471 minus
1687 1438 1798 1483 pro·

109 1499 272 1560 betur,
320 1515 430 1547 cum
476 1498 808 1562 ἕκκαλυφθεὶς
855 1500 1149 1547 mutandum
1199 1514 1301 1547 esse
1349 1497 1653 1545 Schenkelio'
1687 1512 1797 1543 con·

16 1627 31 1638 ‚¹
111 1573 227 1621 cedo
265 1600 327 1606 —
361 1589 479 1621 nam
509 1576 739 1621 neutrum
771 1576 935 1622 sensui
967 1575 1195 1622 convenit
1225 1599 1311 1632 —,
1344 1571 1426 1619 sed
1465 1567 1800 1632 καταληφθεὶς

11 1640 31 1720 Ξ
113 1647 244 1709 quod
282 1649 469 1696 conieci
507 1651 557 1696 et
594 1648 785 1710 placuit
821 1648 1165 1707 Herwerdeno,
1204 1645 1536 1708 recipiendum
1576 1644 1712 1691 duco.

15 1757 26 1770 .›
221 1738 268 1783 p.
296 1723 458 1782 200,1
493 1714 581 1784 ’ἧκε
614 1717 660 1770 δ’
689 1718 721 1785 ἡ
754 1718 939 1787 <δίκη>
970 1719 1102 1784 παρὰ
1132 1728 1229 1769 τῶν
1261 1724 1395 1768 θεῶν
1426 1718 1586 1766 πάλιν.
1656 1716 1798 1764 Croe-

8 1796 14 1811 '
110 1796 279 1844 nortus
318 1795 546 1844 adnotat:
599 1797 853 1857 „Focrster
889 1798 975 1844 hat
1018 1798 1110 1844 das
1154 1796 1350 1854 richtiye
1396 1792 1531 1855 δίκη
1567 1791 1798 1851 yle'icklich

108 1870 381 1930 yefunden;
421 1885 469 1918 es
506 1873 572 1919 ist
609 1871 725 1919 aber
764 1873 867 1919 eine
900 1870 1143 1931 yelindere
1181 1868 1472 1926 Besserunq,
1510 1880 1648 1912 amm
1684 1879 1797 1911 man

111 1945 228 1991 statt
269 1935 356 2006 ἧκε
403 1938 450 1992 δ’
493 1940 524 2007 ἡ
571 1943 706 2008 παρὰ
750 1960 867 1993 usu.
915 1940 946 2007 ἡ
995 1943 1107 2007 δίκη
1156 1939 1207 1991 δὲ
1254 1958 1303 1989 π.
1341 1941 1544 1990 schreibt
1590 1931 1699 2000 (ἧκε
1749 1930 1795 1984 δ’

10 1999 26 2026 η’
113 2011 145 2079 ’ἦ
196 2016 310 2080 δίκη
359 2011 493 2083 F.)“‚
541 2034 720 2080 parum
770 2019 1045 2082 diligenter.
1129 2017 1260 2064 Nam
1311 2016 1394 2076 qui
1443 2015 1562 2061 haec
1611 2012 1799 2073 legerit,

4 2115 29 2148 y
114 2088 244 2155 παρα
291 2108 321 2139 a
365 2108 443 2140 me
490 2093 708 2140 deletum
754 2093 961 2156 colligat
1005 2106 1198 2139 necesse
1245 2091 1340 2149 est,
1389 2087 1439 2135 id
1488 2085 1617 2148 quod
1664 2099 1799 2132 secus

27 2215 29 2219 f
115 2179 166 2212 80
202 2164 364 2214 habet.
444 2165 612 2215 Cuivis
652 2183 768 2215 vero
815 2166 1023 2214 liberum
1069 2165 1293 2226 relinquo
1332 2157 1590 2219 iudicium,
1635 2164 1798 2205 utrum

113 2238 309 2288 facilius
349 2241 416 2288 sit
453 2241 580 2288 nihil
617 2241 714 2289 nisi
755 2240 868 2303 δίκη
908 2243 1023 2302 post
1061 2235 1091 2302 ἡ
1134 2233 1178 2286 δ’
1219 2236 1452 2285 excidisse
1484 2236 1699 2283 statuere
1737 2246 1798 2278 011

2 2309 27 2379 ’1
116 2302 203 2374 ἧκε
242 2306 288 2360 δ’
324 2309 355 2376 ἡ
394 2318 588 2363 mutare
626 2316 679 2362 111
718 2311 749 2377 ἡ
791 2314 905 2377 δίκη
945 2310 1012 2362 δὲ.

26 2415 47 2448 5
226 2403 273 2448 p.
309 2388 430 2448 202,
451 2390 516 2436 13
565 2393 873 2454 κατηγόρουν
913 2384 963 2435 δὲ
1010 2394 1097 2450 τῆς
1145 2382 1264 2434 ὁδοῦ
1314 2382 1396 2431 καὶ
1442 2376 1802 2443 προδεδομένης

117 2456 257 2528 ὕθλῳ
289 2460 469 2522 φιλίας.
531 2462 717 2510 Vocem
755 2462 912 2529 ὕπνῳ,
951 2462 1089 2509 0111118
1127 2460 1236 2507 1000
1276 2457 1415 2525 ὕθλῳ
1446 2454 1653 2502 Libanio
1692 2466 1799 2515 gra-

33 2570 48 2600 „
115 2533 361 2582 tissimam
405 2538 626 2597 reposui,
673 2539 718 2584 81
763 2535 1124 2599 significatione
1170 2531 1414 2580 translata
1456 2523 1551 2595 (=
1590 2526 1799 2576 desidia)

118 2620 271 2668 aeque
317 2611 464 2670 atque
513 2610 715 2658 verbum
762 2608 1027 2657 καθεύδειν
1072 2624 1119 2669 p.
1155 2607 1239 2667 82,
1259 2607 1288 2652 3
1329 2602 1449 2667 πρὸς
1495 2599 1802 2649 καθεύδοντα

118 2679 270 2728 παῖδα
309 2684 596 2744 accipiatur,
636 2685 822 2732 servari
860 2698 1003 2745 posse
1041 2679 1369 2729 Herwerdeno
1409 2672 1631 2724 concedo.

227 2771 274 2816 p.
310 2757 478 2818 203,1
522 2755 603 2805 καὶ
642 2763 792 2805 ταῦτα
832 2753 883 2804 δὲ
923 2755 1070 2819 τύχης
1108 2753 1239 2818 ἔργα,
1278 2749 1443 2812 ἐπειδὴ
1483 2754 1569 2811 τῆς
1607 2743 1802 2806 ἀπήνης

119 2822 360 2893 ἐξέπεσεν,
410 2827 520 2894 περὶ
568 2830 654 2880 τὸν
703 2830 834 2879 πόδα
885 2828 1043 2892 ζημία.
1119 2825 1399 2874 Articulum
1450 2818 1479 2884 ἡ
1532 2822 1644 2869 ante
1694 2834 1801 2878 περι

121 2903 319 2950 auctore
357 2903 560 2952 Reiskio
598 2904 910 2953 inserendum
958 2917 1061 2950 esse
1100 2898 1426 2948 Herwerdeno
1473 2892 1802 2949 00110οὀ0,οι
