1992 3094
157 111 266 164 406
663 109 892 153 LIBANII
923 109 1150 154 ORATIO
1179 110 1345 154 XLVII

157 249 468 313 κόπτοντες,
510 245 806 307 ἐσθίοντες.
852 238 985 297 >εἶθ’
1017 240 1101 297 ὧν
1126 246 1228 313 μὲν
1259 242 1329 314 ἧν
1361 253 1548 314 ταῦτα,
1580 246 1848 306 κλάουσιν

158 336 418 404 ὁρῶντες,
466 336 517 387 οἱ
566 332 615 386 δ’
662 334 1032 402 εὐωχούμενοι
1079 338 1278 401 γελῶσι
1324 333 1414 386 καὶ
1462 333 1695 394 τοσοῦτ’4
1723 333 1848 387 ἀπέ-

159 438 317 492 χουσι
349 430 447 475 τοῦ
482 421 722 474 δεδιέναι
753 424 828 489 μή
858 441 941 483 τις
971 429 1142 474 ταῦτα
1173 422 1437 490 πύθηται,
1475 421 1601 475 ὥστ’
1633 421 1848 480 ἀπειλαὶ

158 514 550 581 προστίθενται
583 519 696 572 τοῖς
720 509 1126 578 πεπραγμένοις
1151 511 1240 562 καὶ
1275 511 1334 563 τὸ
1367 508 1503 580 μηδὲ
1532 520 1644 563 τῶν
1669 512 1850 565 ἄλλων

115 623 134 655 5
161 599 474 669 ἀφέξεσθαι.
575 598 621 650 5.
689 599 843 651 δεινά
900 612 988 651 σοι
1042 606 1213 652 ταῦτα
1270 602 1549 668 φαίνεται,
1604 602 1848 667 βασιλεῦ,

159 687 276 741 ἀλλ’
331 689 396 740 οὐ
459 689 524 740 τὰ
585 686 812 755 μέγιστα
875 686 1133 756 ἀκήκοας,
1196 693 1348 759 εἴπερ
1405 690 1579 756 αἰγῶν
1640 708 1698 740 τε
1759 686 1850 741 καὶ

158 778 451 846 προβάτων
489 779 676 843 μεῖζον
717 777 771 828 αἱ
812 775 1142 844 θυγατέρες,
1189 772 1267 829 ὧν
1315 774 1446 829 οὐδὲ
1495 777 1679 830 αὐτῶν
1727 776 1851 830 ἀπέ-

159 886 362 935 χονται.
438 867 495 918 τί
538 861 642 918 οὗν
682 867 760 917 ἔτι
802 865 887 917 δεῖ
936 864 1117 932 λέγειν
1155 867 1367 934 πληγὰς
1405 866 1497 918 καὶ
1535 866 1724 934 ὕβρεις
1763 866 1851 919 καὶ
1937 928 1944 930 ,

160 956 231 1017 ὡς
270 963 527 1022 γυναῖκες
566 963 830 1022 γυναῖκας
870 953 1092 1006 ἕλκουσι
1134 957 1433 1023 λαβόμεναι
1473 965 1583 1007 τῶν
1631 963 1851 1023 τριχῶν,

95 1067 136 1103 10
160 1045 248 1096 καὶ
305 1044 375 1106 ὡς
423 1042 631 1113 φρέατα
679 1043 921 1111 ἀχρηστα
975 1048 1272 1095 καθιστᾶσι
1329 1053 1443 1105 τοῖς
1497 1046 1683 1112 έχουσι
1738 1051 1853 1104 τοῖς

159 1131 254 1201 ὑφ’
290 1132 472 1184 αὑτῶν
505 1130 933 1198 ἐμβαλλομένοις
964 1132 1054 1184 καὶ
1087 1132 1159 1194 ὡς
1191 1141 1452 1200 ποταμῶν
1485 1131 1852 1200 ἀποστεροῦσι

159 1219 249 1274 καὶ
298 1222 389 1273 διὰ
443 1221 656 1273 τούτων
702 1218 864 1288 (καὶ)
911 1222 1124 1289 κήπων,
1179 1220 1474 1290 τρέφοντες
1522 1221 1854 1289 στρατιώτας

160 1311 212 1363 οἱ
250 1306 352 1378 μὲν
390 1311 631 1377 πλείους,
673 1310 724 1361 οἱ
766 1305 826 1361 δὲ
867 1307 1126 1371 ἐλάττους
1165 1307 1226 1361 ἐν
1263 1309 1453 1375 μέσαις
1491 1318 1610 1372 ταῖς
1648 1310 1854 1378 κώμαις

159 1397 511 1466 καθημένους
541 1399 606 1450 τὰ
638 1398 815 1450 πολλὰ
853 1396 943 1450 καὶ
976 1397 1355 1467 κοιμωμένους
1391 1397 1473 1451 ἐπ’
1506 1403 1640 1469 οἴνῳ
1674 1401 1858 1469 πολλῷ

96 1509 135 1542 15
161 1486 250 1539 καὶ
298 1485 548 1554 κρεάσιν,
596 1486 763 1552 ὅπως,
813 1492 866 1538 εἴ
907 1505 988 1549 τις
1035 1496 1147 1539 τῶν
1193 1486 1575 1556 ἀδικουμένων
1614 1487 1855 1554 ἀλγήσας

161 1575 444 1643 ἀμύνοιτο,
491 1576 671 1647 πληγὴ
711 1573 756 1628 δ’
799 1574 1045 1628 εἰσέλθοι
1085 1574 1175 1628 καὶ
1215 1574 1304 1629 ἐπὶ
1344 1577 1699 1646 στρατιώτην,
1740 1568 1854 1628 εἷτα
1906 1571 1915 1582 ’

73 1678 113 1720 R
136 1677 280 1721 11503
313 1663 460 1717 τοῦτ’
492 1666 726 1732 ὄλεθρος
759 1669 840 1732 εἴη
874 1662 975 1736 τῶξ
1004 1663 1301 1729 πατάξαντι
1334 1667 1662 1733 μηδαμόθεν
1694 1666 1855 1726 ὄντος

163 1754 309 1825 αὐτῷ
359 1754 591 1821 μηδενὸς
647 1755 840 1821 λόγους
878 1754 1025 1806 ’δεῖν
1084 1754 1186 1822 γὰρ
1251 1753 1421 1806 αὑτὸν
1474 1754 1740 1822 ὑποσχεῖν
1795 1751 1855 1805 ἐν

163 1842 341 1912 ἁπάσῃ
389 1841 532 1911 μέθῃ
582 1843 883 1911 στρατιώτῃ
932 1842 1109 1894 πάντα
1157 1842 1491 1911 ἀνεχόμενον
1538 1841 1627 1894 καὶ
1683 1841 1856 1911 μηδὲν

96 1953 139 1984 20
164 1929 408 1983 ἐνταῦθα
467 1923 608 1983 εἶναι
669 1932 799 1992 τοὺς
856 1932 1076 1996 νόμους.
1177 1930 1223 1982 6.
1294 1939 1456 1984 τοῦτο
1512 1929 1601 1983 καὶ
1657 1931 1856 2000 λῃστὰς

165 2020 442 2088 γεωργοὺς
474 2018 710 2086 ἐποίησε,
749 2016 897 2071 τοῦτ’
937 2018 1122 2071 αὐτῶν
1161 2020 1239 2081 εἰς
1270 2021 1363 2082 τὰς
1404 2028 1587 2089 χεῖρας
1626 2017 1856 2086 ἐνέθηκε

164 2108 396 2176 σίδηρον
450 2107 516 2159 οὐ
571 2107 669 2159 τὸν
715 2115 779 2176 τῇ
828 2115 896 2176 γῇ
954 2108 1146 2176 φίλον,
1201 2106 1318 2160 ἀλλ’
1366 2108 1424 2170 ὃς
1478 2108 1855 2160 ἀποκτίννυσι.

287 2302 308 2340 1
343 2295 583 2342 κλαίουσιν
617 2295 708 2340 Got
830 2302 854 2339 2
889 2296 935 2340 οἳ
959 2298 1053 2341 ΑΡ
1074 2297 1156 2341 sed
1187 2297 1236 2340 in
1267 2297 1380 2341 hoc*
1418 2298 1511 2341 add
1535 2297 1606 2340 m3
1667 2295 1719 2340 οῖ’
1735 2297 1811 2340 ΙΒ
1847 2295 1850 2353 l

165 2372 214 2411 γε
239 2358 400 2412 γελῶσι
421 2356 457 2400 C
560 2361 586 2398 4
611 2356 670 2411 μὴ
697 2354 748 2399 δὲ
773 2356 1003 2400 ΑΡΙΒΜ
1105 2361 1131 2400 8
1157 2355 1323 2413 λέγειν·
1354 2357 1555 2401 GAPIB
1615 2354 1779 2412 λέγειν,
1799 2356 1859 2399 Μ

224 2413 394 2471 λέγειν;
427 2414 517 2458 Got
575 2417 580 2471 Ι
638 2413 815 2470 πληγὰς
847 2417 908 2459 Μ
937 2415 1003 2458 Re
1103 2416 1274 2472 πληγαὶ
1305 2415 1474 2471 reliqui
1506 2415 1614 2459 libri
1648 2414 1739 2458 Got

166 2479 192 2516 9
225 2481 442 2529 γυναῖκες
472 2489 583 2516 num
616 2473 866 2517 delendum
891 2476 938 2517 eb
962 2473 1209 2531 λαβόμενοι
1242 2474 1567 2518 scribendum?
1597 2475 1602 2532 Ι
1630 2480 1857 2531 γυναῖκας

165 2546 240 2575 om
275 2532 365 2576 Got
487 2537 540 2576 10
574 2535 829 2575 καθιστῶσι
859 2533 969 2577 ΒΜ
1090 2539 1139 2576 11
1175 2532 1351 2577 ἑαυτῶν
1385 2534 1451 2576 Re
1575 2538 1627 2576 12
1661 2531 1854 2589 τούτων]

165 2598 258 2635 τῶν
289 2591 511 2635 τοιούτων
546 2594 606 2636 Μ
638 2594 643 2647 Ι
679 2592 758 2634 καὶ
789 2591 963 2635 inserui
996 2595 1183 2635 auctore
1217 2593 1283 2635 Re
1414 2597 1467 2635 16
1502 2607 1641 2647 „num
1673 2590 1855 2635 διέλθοι

166 2656 251 2694 aut
280 2649 506 2704 προέλθοι
538 2657 620 2694 aut
651 2648 704 2694 δέ
733 2667 803 2701 τις
835 2650 1023 2694 §manv
1056 2651 1122 2694 Re
1181 2654 1186 2707 Ι
1244 2650 1295 2695 δὲ
1328 2652 1393 2695 Re
1452 2653 1457 2707 Ι
1516 2649 1698 2706 εἰσέλθῃ
1731 2651 1766 2693 Ι

170 2713 223 2751 18
257 2709 400 2753 αὑτὸν
424 2710 469 2753 Α
495 2710 576 2752 sed.
595 2707 605 2723 ²
638 2723 662 2752 e
684 2707 695 2723 '
725 2722 839 2763 corr,
864 2711 909 2753 P
968 2710 1111 2754 αὐτὸν
1142 2710 1313 2766 reliqui
1343 2710 1453 2753 libri
1485 2709 1576 2753 Got
1603 2713 1608 2765 Ι
1637 2710 1854 2766 ὑποσχεῖν

167 2797 311 2841 αὐτὸν
344 2799 453 2842 ΒΜ
547 2843 549 2849 ,
576 2802 629 2840 19
663 2779 835 2854 γλώσσῃ
871 2798 937 2854 O}
965 2797 1119 2842 πάντα
1152 2798 1433 2856 ἀνεχόμενον
1466 2799 1512 2841 Ρ
1540 2798 1621 2841 sed
1654 2815 1684 2840 α
1715 2793 1855 2853 ἀνεχό

167 2855 216 2897 in
241 2869 314 2899 ras
339 2856 407 2898 m²
529 2860 584 2899 20
609 2855 775 2913 λῃστὰς
798 2857 872 2898 IB
1002 2862 1054 2899 21
1083 2858 1235 2900 αὐτῶν
1254 2884 1307 2889 -
1328 2863 1382 2900 22
1409 2854 1716 2900 ἀποκτίννυσι
1740 2855 1856 2899 cibat

168 2913 285 2956 Plan
309 2915 339 2957 1.
358 2914 386 2957 l.
511 2919 564 2958 21
592 2915 657 2964 εἰς
679 2914 762 2966 τὰς
786 2915 940 2959 αὐτῶν
963 2923 1120 2972 χεῖρας
1142 2915 1260 2959 Plan
1382 2921 1435 2958 22
1466 2912 1796 2959 ἀποκτείννυσι
1822 2912 1859 2957 G
