1992 3094
912 771 1088 849 XLIX
1099 771 1155 842 1).

306 893 476 942 Oratio
517 893 661 959 πρὸς
699 893 800 944 τὸν
839 893 1083 959 βασιλέα
1122 892 1265 961 ὑπὲρ
1304 902 1417 944 τῶν
1455 896 1688 960 βουλῶν
1732 897 1886 959 paulo

194 971 307 1016 ante
318 962 359 1034 2)
415 970 691 1017 orationem
746 969 1118 1018 antecedentem
1164 968 1286 1035 πρὸς
1331 968 1422 1033 τὴν
1476 963 1717 1037 βουλὴνῧ)
1773 986 1885 1019 con-
1956 1006 1959 1007 γ

193 1044 391 1104 scripta,
431 1059 530 1104 qua
560 1059 589 1090 a
621 1042 896 1091 Theodosio
927 1043 1110 1105 petivit
1146 1046 1204 1091 ut
1242 1044 1390 1092 curiis
1428 1061 1632 1092 numero
1673 1046 1886 1093 auctori-

192 1118 395 1178 tateque
427 1118 534 1180 lege
567 1117 928 1178 amplificandis
959 1117 1255 1178 subveniret,
1289 1114 1545 1180 ‘corporis'
1571 1119 1673 1166 fere
1703 1118 1884 1167 finibus

194 1191 563 1252 circumscripta
594 1192 791 1239 mansit.
861 1190 1051 1240 Parvus
1089 1192 1247 1255 igitur
1283 1208 1517 1241 numerus
1557 1192 1779 1240 codicum
1811 1195 1888 1240 est
1960 1207 1963 1226 1

193 1264 370 1326 quibus
426 1265 488 1312 ad
541 1267 764 1312 nostram
818 1267 1035 1313 aetatem
1087 1267 1327 1328 pervenit.
1429 1265 1556 1314 Sunt
1613 1268 1779 1322 autem
1831 1266 1886 1314 hi
1960 1298 1963 1299 ν

192 1340 708 1461 septiabhisianus
735 1412 868 1460 RVI
886 1414 954 1461 43
983 1406 1078 1479 (==
1097 1406 1157 1479 c)
1183 1427 1307 1461 saec.
1324 1413 1443 1461 XIV
1466 1414 1551 1462 f01.
1572 1415 1717 1462 326&
1756 1413 1886 1462 Vide

192 1489 226 1533 t.
259 1485 284 1532 I
322 1503 367 1548 p.
399 1486 546 1548 lOsq.
589 1489 637 1533 et
676 1502 827 1548 supra
866 1504 912 1549 p.
943 1488 1062 1535 164.
1141 1486 1357 1535 Contuli.

304 1561 349 1607 2.
399 1560 774 1609 Monacensis
814 1578 893 1625 gr.
927 1562 1032 1609 483
1083 1561 1203 1609 olim
1248 1562 1635 1625 Augustanus
1684 1555 1779 1629 (=
1811 1555 1884 1628 A)
1958 1599 1962 1627 5

191 1648 314 1680 saec.
339 1633 383 1679 X
422 1634 505 1681 fol.
535 1636 678 1682 22OV.
755 1634 882 1683 Vide
920 1637 956 1683 t.
981 1635 1006 1683 Ι
1037 1652 1085 1697 p.
1114 1636 1179 1683 15
1195 1651 1265 1697 sq.
1345 1634 1560 1683 Contuli.

302 1805 352 1860 ’1)
386 1803 654 1847 Orationem
685 1805 807 1848 hanc
839 1818 944 1848 cum
976 1804 1035 1847 ab
1061 1806 1360 1850 antecedenti
1393 1806 1609 1850 dirimere
1639 1805 1885 1862 noluerim,
1957 1844 1961 1866 ,

188 1864 242 1905 ut
271 1862 322 1906 in
353 1863 511 1906 codice
544 1864 588 1907 B
619 1863 813 1921 legitur,
855 1865 964 1908 ante
1005 1877 1107 1908 eam
1140 1864 1209 1921 (L)
1242 1878 1363 1921 quae
1400 1865 1451 1908 in
1483 1865 1722 1909 codicibus
1756 1865 1890 1910 CAP

190 1924 237 1965 et
268 1922 473 1966 editione
505 1922 759 1966 Reiskiana
789 1925 822 1967 t.
847 1923 890 1966 H
913 1939 957 1980 p.
973 1928 1207 1968 549—569
1239 1924 1312 1968 illi
1344 1924 1554 1968 succedit
1584 1924 1821 1969 collocavi.

308 1983 351 2038 2)
383 1981 721 2038 Argumentum
746 1982 970 2026 orationis
993 1981 1238 2039 utriusque
1261 1983 1358 2027 fere
1381 1984 1506 2027 idem
1539 1985 1623 2039 est,
1656 1984 1739 2029 sed
1760 1983 1884 2029 hanc

189 2040 392 2095 respexit
422 2040 506 2083 illa
536 2056 581 2097 p.
601 2045 737 2096 428‚2
757 2055 822 2097 sq.
849 2039 1006 2092 Ὅσοις
1036 2041 1119 2099 μὲν
1151 2042 1268 2098 πρὸς
1300 2040 1437 2094 ὅσους
1472 2042 1734 2101 ἐχρησάμην
1765 2042 1882 2099 ὑπὲρ
1951 2045 1953 2049 ’

189 2098 317 2154 ὑμῶν
355 2098 484 2154 παρὰ
517 2099 672 2144 πάντα
711 2100 792 2144 τὸν
831 2099 1023 2159 χρόνον,
1064 2095 1099 2144 ὦ
1139 2101 1303 2158 βουλή,
1341 2099 1495 2159 λόγοις
1533 2103 1588 2146 οὐ
1628 2102 1745 2157 πρὸς
1774 2102 1887 2153 τοὺς

189 2157 280 2201 ὑπὸ
311 2165 407 2208 τοῖς
438 2159 700 2216 βασιλεῦσιν
742 2159 932 2217 ἔχοντας
968 2159 1051 2210 τὰς
1089 2160 1235 2218 ἀρχὰς
1265 2160 1434 2218 μόνον,
1474 2162 1589 2204 ἀλλὰ
1627 2161 1707 2204 καὶ
1741 2161 1885 2217 πρὸς

190 2217 388 2260 αὐτῶν
428 2215 685 2262 ἐκείνων
722 2219 826 2262 τὸν
867 2218 1123 2274 ἄριστον
1148 2219 1329 2264 -ἐπεὶ
1364 2217 1410 2263 δ’
1446 2220 1556 2276 ὑμῖν
1597 2218 1714 2276 ὑπὲρ
1753 2220 1781 2263 ὑ
1817 2226 1884 2264 ῶν

192 2275 345 2318 αὐτῶν
370 2277 499 2319 &aas
529 2279 679 2332 θῆναι
702 2276 877 2333 καιρός,
911 2278 1019 2321 οὐδὲ
1050 2284 1187 2322 τοῦτο
1212 2277 1405 2334 παρήσω
1429 2285 1521 2322 τῶν
1546 2277 1734 2323 ἀτόπων
1759 2294 1780 2323 ε
1801 2295 1882 2324 ναι

193 2332 387 2389 νομίζων
420 2293 647 2391 ἑτέκρους
677 2335 776 2393 μὲν
809 2337 1009 2390 ἀξιοῦν
1041 2334 1098 2382 εὖ
1131 2344 1322 2382 ποιεῖν
1353 2337 1487 2395 ἡμῖν
1517 2337 1617 2394 τὴν
1650 2336 1883 2395 βουλήν,

191 2392 335 2448 αὐτὴν
368 2392 419 2437 δὲ
451 2394 510 2450 μὴ
542 2392 729 2439 πείθειν
759 2403 851 2439 τῶν
877 2396 1021 2451 αὐτῆς
1043 2399 1387 2452 προνοηθῆναι.
1442 2396 1716 2441 Diversitati
1739 2409 1882 2452 quam

192 2450 441 2495 Sieversius
471 2468 516 2508 p.
546 2458 630 2496 194
661 2455 796 2497 notat
825 2455 1006 2498 numeri
1046 2455 1348 2499 decurionum
1387 2454 1611 2510 ἑξήκοντα
1640 2471 1684 2512 p.
1711 2459 1812 2510 430,
1825 2460 1880 2500 14

190 2512 238 2553 et
269 2511 448 2555 δώδεκα
473 2527 517 2567 p.
536 2516 674 2565 457,2
699 2512 818 2556 nihil
849 2513 1151 2557 tribuendum
1182 2514 1379 2558 videtur.
1442 2514 1716 2571 Utrumque,
1740 2516 1884 2571 prout
1949 2518 1955 2549 ἶ

190 2570 561 2614 antecedenti
585 2585 776 2630 numero
800 2572 1049 2628 pristino
1074 2571 1326 2629 (ἑξακόσιοι
1354 2589 1398 2630 p.
1418 2577 1584 2629 430,13
1611 2573 1881 2629 of.429‚18;

189 2627 267 2670 t.1
293 2632 460 2682 249‚13
472 2643 537 2684 sq.
565 2628 1232 2687 ἑξακοσίων-ἑξήκοντα-ἕξς
1265 2633 1313 2675 et
1382 2629 1490 2676 ίλιοι
1527 2633 1608 2677 καὶ
1647 2630 1880 2677 διακόσιοι

188 2700 233 2741 p.
250 2689 405 2743 457‚2)
432 2688 676 2733 convenire
700 2690 959 2744 videbatur,
985 2689 1216 2734 adhibuit.
1273 2650 1376 2735 Sedx

190 2745 406 2845 (ὃῗιρεκα)
447 2746 496 2789 in
536 2747 744 2792 oratione
780 2749 840 2792 ad
872 2748 1202 2805 imperatorem
1235 2750 1410 2806 scripta
1441 2750 1637 2806 reperiri
1666 2749 1883 2794 observes

189 2816 244 2846 ve
264 2818 351 2919 ΜΞ)
386 2861 451 2906 cf.
478 2878 521 2919 p.
540 2868 626 2907 425
661 2866 707 2908 et
737 2880 782 2922 p.
809 2870 907 2909 207.

1386 2704 1629 2735 numerum
1652 2691 1880 2735 minorem
1952 2718 1954 2720 ν
