1992 3094
165 597 183 629 5

208 87 240 138 2
244 87 315 139 56
704 85 931 128 LIBANII
963 84 1188 129 ORATIO
1220 85 1455 129 XXXVIII

209 221 458 291 [ποιῶν],
512 230 809 290 παροινῶν.
887 222 974 273 καὶ
1023 220 1186 274 ὁπότε
1233 240 1314 283 τις
1369 220 1540 273 αὐτὸν
1594 220 1898 274 αἰτιάσαιτο

207 311 304 363 τὸν
342 311 568 363 πάππον
609 309 800 378 λέγων,
842 309 908 362 οὐ
949 310 1052 378 γὰρ
1093 310 1160 377 δὴ
1200 310 1300 362 τὸν
1338 308 1544 378 πατέρα
1583 329 1669 377 γε,
1710 309 1797 362 ἐπὶ
1835 310 1897 362 τὸ

207 406 281 471 τῷ
331 399 642 470 διδασκάλῳ
703 401 939 465 βοηθεῖν
993 397 1281 466 κατέφυγε.
1359 398 1448 450 καὶ
1505 406 1681 467 σχῆμα
1734 405 1901 451 τοῦτο

206 496 322 550 τοῖς
375 487 708 555 ἀδικήμασιν
761 483 830 554 ἦν
891 487 1092 539 τούτου
1149 485 1473 549 διδάξαντος
1531 485 1745 540 ἐκεῖνον
1798 488 1900 554 τὴν

207 577 380 644 καλὴν
419 577 624 644 ταύτην
663 574 969 642 ἀπολογίαν
999 575 1193 644 κέρδος
1227 575 1398 628 αὐτοῦ
1431 574 1769 644 ποιουμένου
1807 575 1901 637 τὰς

208 665 332 734 περὶ
371 667 501 726 τοὺς
541 663 702 726 νέους
740 663 990 733 ταραχάς.

321 754 367 805 8.
425 752 534 805 Καὶ
574 760 738 806 τοῦτο
785 760 1056 805 τοσοῦτον
1096 753 1163 805 ὃν
1207 748 1373 820 ἧττόν
1419 751 1534 805 ἐστι
1580 759 1679 805 τοῦ
1727 752 1900 821 ῥηθη-

210 841 461 908 σομένου.
541 843 676 904 δοὺς
716 843 818 911 γὰρ
860 842 1032 894 αὑτὸν
1071 850 1186 903 τοῖς
1224 851 1335 894 τῶν
1373 845 1557 894 καλῶν
1597 839 1849 911 ἐρασταῖς
1891 838 1895 910 Ι

119 943 325 987 311346
365 929 643 999 ὑπηρέτην
680 931 770 983 καὶ
818 940 933 993 τοῖς
979 927 1082 999 μὲν
1128 929 1245 997 ἔξω,
1292 939 1409 992 τοῖς
1456 929 1506 982 δ’
1538 935 1665 982 εἴσω
1714 930 1901 982 συνὼν

143 1042 184 1072 10

144 1483 184 1515 15

208 1020 297 1071 καὶ
344 1023 570 1081 πολλοῖς
617 1019 866 1081 διαύλοις
912 1021 978 1071 τὰ
1024 1017 1151 1087 παρ’
1184 1017 1453 1089 ἑκατέρων
1501 1019 1578 1081 εἰς
1623 1020 1752 1080 τοὺς
1792 1016 1901 1071 ἑτέ-

210 1107 572 1177 ρουςηφέρων
618 1109 837 1177 μερίτης
885 1110 1174 1175 γινόμενος
1219 1116 1332 1160 τῶν
1382 1106 1659 1176 ἐρωτικῶν
1706 1108 1902 1175 δώρων

208 1198 446 1258 πολλοὺς
486 1201 673 1258 οἴκους
713 1195 949 1258 ἀθλίους
988 1195 1208 1264 ἐποίησε
1248 1197 1450 1258 νύκτας
1489 1215 1546 1248 τε
1577 1194 1667 1248 καὶ
1699 1195 1902 1265 ἡμέρας

208 1293 302 1353 τῆς
340 1285 512 1337 αὑτοῦ
554 1287 741 1348 κακίας
774 1285 1105 1353 ἀναπλήσας,
1148 1284 1312 1338 ὁπότε
1343 1286 1415 1353 μὴ
1450 1285 1679 1337 δύναιτο
1711 1284 1901 1353 ἕτερον

210 1373 452 1441 ἀγαγεῖν,
491 1373 749 1444 παρέχων
785 1374 970 1442 αὑτόν,
1011 1376 1218 1443 πόρνος
1256 1374 1284 1427 ὁ
1327 1374 1492 1436 αὐτὸς
1530 1374 1620 1426 καὶ
1650 1392 1901 1442 προαγω-

210 1465 316 1529 γός.
395 1463 441 1514 9.
498 1463 588 1515 καὶ
628 1461 819 1531 μηδεὶς
858 1468 1002 1532 εἴπῃ·
1059 1461 1162 1515 καὶ
1216 1463 1294 1515 τί
1329 1470 1529 1515 ταῦτα
1582 1462 1739 1530 πρὸς
1788 1462 1901 1514 τὸν

208 1550 471 1620 πατέρα;
526 1553 574 1604 εἰ
614 1548 715 1620 μὲν
754 1552 857 1620 γὰρ
897 1552 1086 1620 ἠγνόει
1124 1553 1219 1614 τὰς
1266 1551 1521 1621 ἐργασίας
1559 1551 1782 1617 ταύτας,
1832 1547 1899 1618 ἧν

209 1636 309 1707 μὲν
341 1639 418 1692 ἂν
458 1638 579 1692 οὐδ’
611 1640 754 1693 οὕτω
789 1641 1100 1708 συγγνώμη.
1154 1640 1345 1708 μηδεὶς
1378 1640 1482 1709 γὰρ
1521 1640 1696 1709 πατὴρ
1737 1639 1899 1706 ἀγνο-

210 1730 332 1780 είτω
372 1729 471 1781 τὸν
510 1729 680 1781 αὑτοῦ
732 1725 870 1797 μηδὲ
909 1737 1021 1781 τῶν
1060 1727 1365 1781 ἐλαττόνων
1405 1730 1730 1796 φροντίζων,
1777 1720 1900 1780 οἷον

209 1818 437 1869 οἰκετῶν
475 1818 566 1869 καὶ
607 1818 897 1886 χρημάτων
935 1815 1025 1869 καὶ
1066 1818 1251 1869 ἳππων
1283 1815 1373 1869 καὶ
1407 1818 1571 1884 ὄνων,
1611 1826 1723 1870 τῶν
1755 1815 1897 1869 οὕτω
1974 1835 1980 1843 ·

144 1927 163 1957 2
210 1906 461 1972 μεγάλων
494 1905 840 1973 ὀλιγωρείτω.
903 1907 959 1958 τί
993 1907 1097 1975 γὰρ
1130 1903 1294 1974 πατρὶ
1325 1906 1522 1967 παιδὸς
1552 1906 1898 1974 τιμιώτερον;

211 1993 356 2061 ὅμως
403 1993 452 2045 δ’
485 1989 589 2046 οὗν
637 1995 861 2047 δοκείτω
909 2014 961 2046 τι
1011 1993 1194 2061 λέγειν
1241 1992 1417 2061 λέγων
1471 1995 1716 2060 ἄγνοιαν.
1792 2001 1900 2046 νῦν

212 2080 260 2134 δ’
292 2079 423 2134 οὐδὲ
463 2080 609 2134 τοῦτ’
643 2085 794 2135 ἔστιν
833 2083 977 2155 αὐτῷ
1018 2083 1282 2144 πολλάκις
1322 2082 1575 2150 ἀκηκοότι
1623 2082 1711 2134 καὶ
1753 2082 1903 2149 παρὰ

210 2174 432 2222 πολλῶν
486 2170 821 2239 ἀνθρώπων·
886 2170 1195 2239 Σιλβανέ,
1258 2179 1458 2223 κακοῦ
1520 2171 1751 2232 παιδὸς
1813 2170 1898 2222 ὢν

212 2388 232 2429 t
270 2328 614 2431 1124023111
641 2335 798 2384 31‚18.
831 2331 893 2374 IV
921 2335 1018 2399 554,
1042 2336 1091 2374 19
1111 2331 1163 2373 R.
1256 2330 1385 2374 Dem.
1412 2346 1455 2386 p.
1483 2334 1624 2384 889‚7
1753 2335 1803 2373 12
1838 2328 1894 2373 cf.

333 2540 353 2576 1
400 2543 547 2579 ποιῶν
586 2539 638 2579 ut
678 2551 701 2579 e
741 2537 953 2592 sequenti
992 2544 1230 2591 παροινῶν
1276 2538 1543 2592 corruptum
1584 2535 1836 2579 cancellavi

211 2601 383 2637 πτοιῶν
417 2594 521 2637 coni
554 2595 619 2638 Re
646 2595 782 2638 Anim
833 2597 839 2653 1
887 2594 957 2646 τίς
988 2598 1020 2638 Ι
1194 2601 1219 2638 2
1266 2596 1317 2639 τὸ
1351 2597 1397 2639 Ρ
1425 2595 1506 2638 sed
1540 2595 1563 2638 ὸ
1597 2595 1645 2637 in
1669 2608 1742 2637 ras
1767 2594 1838 2636 m³

213 2658 238 2696 5
273 2653 415 2696 αὑτοῦ
448 2653 515 2697 Re
658 2659 683 2697 8
717 2654 860 2698 αὐτὸν
896 2657 938 2698 V
1076 2659 1099 2697 9
1131 2671 1228 2705 τοις
1251 2656 1312 2711 (1)
1345 2655 1390 2697 P
1419 2655 1498 2698 sed
1524 2657 1542 2666 '⁴
1577 2654 1670 2697 add
1694 2653 1776 2706 m3,
1809 2653 1843 2695 I

215 2717 264 2754 ll
300 2709 430 2768 μέχρι
463 2714 534 2756 Ρα
567 2713 648 2755 sed
680 2710 864 2769 μερίτης
895 2714 943 2757 in
968 2723 1099 2770 marg
1134 2714 1138 2771 1
1175 2711 1421 2770 γενόμενος
1456 2714 1523 2757 CI
1542 2712 1607 2756 Re
1732 2716 1784 2754 13
1817 2715 1895 2765 τῆς

213 2784 287 2812 om
312 2771 444 2827 Bong
494 2774 498 2827 Ι
550 2772 693 2814 αὐτοῦ
730 2772 843 2816 CIV
1013 2778 1067 2816 14
1099 2772 1228 2828 ἄγειν
1259 2773 1293 2815 Ι
1310 2772 1443 2828 Bong
1492 2775 1496 2826 1
1548 2770 1571 2814 ὁ
1606 2786 1680 2814 om
1704 2771 1836 2827 Bong

215 2834 269 2871 15
301 2828 425 2873 εἴποι
458 2832 487 2872 Ι
510 2830 640 2886 Bong
778 2834 831 2873 18
864 2829 923 2887 μὴ
956 2830 1006 2875 δὲ
1039 2832 1258 2874 APIBV
1323 2872 1327 2875 ,
1391 2835 1445 2873 20
1477 2830 1613 2874 παιδὶ
1644 2828 1819 2883 πατρὸς
1849 2829 1922 2872 ΒΔ

273 2892 325 2930 21
359 2885 404 2931 τί
428 2890 460 2931 Ι
