<?xml version="1.0" encoding="UTF-8"?>
<!DOCTYPE html PUBLIC "-//W3C//DTD XHTML 1.0 Transitional//EN"
    "http://www.w3.org/TR/xhtml1/DTD/xhtml1-transitional.dtd">
<html xmlns="http://www.w3.org/1999/xhtml" xml:lang="en" lang="en">
 <head>
  <title>
</title>
<meta http-equiv="Content-Type" content="text/html;charset=utf-8" />
  <meta name='ocr-system' content='tesseract 3.04.00' />
  <meta name='ocr-capabilities' content='ocr_page ocr_carea ocr_par ocr_line ocrx_word'/>
</head>
<body>
  <div class='ocr_page' id='page_1' title='image "./operarecensuitri03libauoft_0450.png"; bbox 0 0 1992 3094; ppageno 0'>
   <div class='ocr_carea' id='block_1_1' title="bbox 144 109 1318 168">
    <p class='ocr_par' dir='ltr' id='par_1_1' title="bbox 144 109 1318 168">
     <span class='ocr_line' id='line_1_1' title="bbox 144 109 1318 168; baseline -0.012 0"><span class='ocrx_word' id='word_1_1' title='bbox 144 115 252 168; x_wconf 86' lang='lat'><em>380</em></span> <span class='ocrx_word' id='word_1_2' title='bbox 658 111 887 156; x_wconf 79' lang='lat' dir='ltr'>LrssANn</span> <span class='ocrx_word' id='word_1_3' title='bbox 918 109 1140 156; x_wconf 80' lang='lat' dir='ltr'><strong>ORATIO</strong></span> <span class='ocrx_word' id='word_1_4' title='bbox 1172 110 1318 154; x_wconf 81' lang='lat' dir='ltr'><strong>XLV1</strong></span> 
     </span>
    </p>
   </div>
   <div class='ocr_carea' id='block_1_2' title="bbox 98 244 1834 673">
    <p class='ocr_par' dir='ltr' id='par_1_2' title="bbox 142 244 1834 316">
     <span class='ocr_line' id='line_1_2' title="bbox 142 244 1834 316; baseline -0.002 -12"><span class='ocrx_word' id='word_1_5' title='bbox 142 271 264 304; x_wconf 91' lang='grc' dir='ltr'><em>τιον</em></span> <span class='ocrx_word' id='word_1_6' title='bbox 302 246 524 303; x_wconf 84' lang='grc' dir='ltr'><em>τουτονὶ</em></span> <span class='ocrx_word' id='word_1_7' title='bbox 561 248 697 315; x_wconf 90' lang='grc' dir='ltr'><em>πρὸς</em></span> <span class='ocrx_word' id='word_1_8' title='bbox 735 248 866 309; x_wconf 85' lang='grc' dir='ltr'><em>τοὺς</em></span> <span class='ocrx_word' id='word_1_9' title='bbox 904 244 1243 316; x_wconf 79' lang='grc' dir='ltr'><em>ἀρχομένους</em></span> <span class='ocrx_word' id='word_1_10' title='bbox 1280 247 1505 316; x_wconf 79' lang='grc' dir='ltr'><em>ἥμερον,</em></span> <span class='ocrx_word' id='word_1_11' title='bbox 1547 246 1834 314; x_wconf 87' lang='grc' dir='ltr'><em>βέλτιστόν</em></span> 
     </span>
    </p>

    <p class='ocr_par' dir='ltr' id='par_1_3' title="bbox 142 328 1834 407">
     <span class='ocr_line' id='line_1_3' title="bbox 142 328 1834 407; baseline -0.001 -15"><span class='ocrx_word' id='word_1_12' title='bbox 142 358 198 392; x_wconf 89' lang='grc' dir='ltr'><em>τε</em></span> <span class='ocrx_word' id='word_1_13' title='bbox 236 339 487 407; x_wconf 79' lang='grc' dir='ltr'><em>ἡγούμην</em></span> <span class='ocrx_word' id='word_1_14' title='bbox 525 335 614 390; x_wconf 83' lang='grc' dir='ltr'><em>καὶ</em></span> <span class='ocrx_word' id='word_1_15' title='bbox 656 335 896 389; x_wconf 83' lang='grc' dir='ltr'><em>ἐπαίνων</em></span> <span class='ocrx_word' id='word_1_16' title='bbox 932 334 1107 398; x_wconf 78' lang='grc' dir='ltr'><em>ἄξιον·</em></span> <span class='ocrx_word' id='word_1_17' title='bbox 1148 333 1263 388; x_wconf 82' lang='grc' dir='ltr'><em>ἐπεὶ</em></span> <span class='ocrx_word' id='word_1_18' title='bbox 1304 331 1365 388; x_wconf 75' lang='grc' dir='ltr'><em>δὲ</em></span> <span class='ocrx_word' id='word_1_19' title='bbox 1405 328 1558 389; x_wconf 88' lang='grc' dir='ltr'><em>εἶδον</em></span> <span class='ocrx_word' id='word_1_20' title='bbox 1597 338 1834 405; x_wconf 87' lang='grc' dir='ltr'><em>χαλεπόν</em></span> 
     </span>
    </p>

    <p class='ocr_par' dir='ltr' id='par_1_4' title="bbox 143 422 1833 494">
     <span class='ocr_line' id='line_1_4' title="bbox 143 422 1833 494; baseline -0.001 -14"><span class='ocrx_word' id='word_1_21' title='bbox 143 446 200 480; x_wconf 92' lang='grc' dir='ltr'><em>τε</em></span> <span class='ocrx_word' id='word_1_22' title='bbox 246 428 336 479; x_wconf 89' lang='grc' dir='ltr'><em>καὶ</em></span> <span class='ocrx_word' id='word_1_23' title='bbox 385 426 659 494; x_wconf 81' lang='grc' dir='ltr'><em>ἀνήμερον</em></span> <span class='ocrx_word' id='word_1_24' title='bbox 697 425 788 477; x_wconf 85' lang='grc' dir='ltr'><em>καὶ</em></span> <span class='ocrx_word' id='word_1_25' title='bbox 834 433 947 477; x_wconf 87' lang='grc' dir='ltr'><em>τῶν</em></span> <span class='ocrx_word' id='word_1_26' title='bbox 985 422 1072 476; x_wconf 76' lang='grc' dir='ltr'><em>ἐπὶ</em></span> <span class='ocrx_word' id='word_1_27' title='bbox 1120 424 1338 486; x_wconf 82' lang='grc' dir='ltr'><em>τούτοις</em></span> <span class='ocrx_word' id='word_1_28' title='bbox 1376 423 1514 493; x_wconf 87' lang='grc' dir='ltr'><em>μέγα</em></span> <span class='ocrx_word' id='word_1_29' title='bbox 1554 425 1833 494; x_wconf 84' lang='grc' dir='ltr'><em>φρονούν-</em></span> 
     </span>
    </p>

    <p class='ocr_par' dir='ltr' id='par_1_5' title="bbox 98 510 1834 673">
     <span class='ocr_line' id='line_1_5' title="bbox 143 510 1834 582; baseline -0.001 -14"><span class='ocrx_word' id='word_1_30' title='bbox 143 536 253 568; x_wconf 91' lang='grc' dir='ltr'><em>των</em></span> <span class='ocrx_word' id='word_1_31' title='bbox 293 511 461 568; x_wconf 74' lang='grc' dir='ltr'><em>οὐδὲν</em></span> <span class='ocrx_word' id='word_1_32' title='bbox 500 512 860 582; x_wconf 85' lang='grc' dir='ltr'><em>διαφέροντα,</em></span> <span class='ocrx_word' id='word_1_33' title='bbox 899 516 1078 575; x_wconf 86' lang='grc' dir='ltr'><em>καλῶς</em></span> <span class='ocrx_word' id='word_1_34' title='bbox 1123 510 1270 582; x_wconf 79' lang='grc' dir='ltr'><em>ἔχειν</em></span> <span class='ocrx_word' id='word_1_35' title='bbox 1315 512 1605 581; x_wconf 76' lang='grc' dir='ltr'><em>ἡγησάμην</em></span> <span class='ocrx_word' id='word_1_36' title='bbox 1649 514 1747 566; x_wconf 91' lang='grc' dir='ltr'><em>τὸν</em></span> <span class='ocrx_word' id='word_1_37' title='bbox 1786 515 1834 567; x_wconf 86' lang='grc' dir='ltr'><em>εἰ</em></span> 
     </span>
     <span class='ocr_line' id='line_1_6' title="bbox 98 599 1510 673; baseline -0.004 -15"><span class='ocrx_word' id='word_1_38' title='bbox 98 627 117 659; x_wconf 84' lang='lat'>5</span> <span class='ocrx_word' id='word_1_39' title='bbox 145 613 397 673; x_wconf 84' lang='grc' dir='ltr'><em>φανεῖται</em></span> <span class='ocrx_word' id='word_1_40' title='bbox 437 603 836 671; x_wconf 86' lang='grc' dir='ltr'><em>φιλάνθρωπος</em></span> <span class='ocrx_word' id='word_1_41' title='bbox 875 599 1225 670; x_wconf 79' lang='grc' dir='ltr'><em>ἐρυθριῶντα</em></span> <span class='ocrx_word' id='word_1_42' title='bbox 1265 601 1510 669; x_wconf 85' lang='grc' dir='ltr'><em>φεύγειν.</em></span> 
     </span>
    </p>
   </div>
   <div class='ocr_carea' id='block_1_3' title="bbox 254 686 1935 760">
    <p class='ocr_par' dir='ltr' id='par_1_6' title="bbox 254 686 1935 760">
     <span class='ocr_line' id='line_1_7' title="bbox 254 686 1935 760; baseline 0 -16"><span class='ocrx_word' id='word_1_43' title='bbox 254 692 301 744; x_wconf 85' lang='lat'><em>3.</em></span> <span class='ocrx_word' id='word_1_44' title='bbox 342 690 607 744; x_wconf 80' lang='grc' dir='ltr'><em>Ἄκουσον</em></span> <span class='ocrx_word' id='word_1_45' title='bbox 648 689 726 758; x_wconf 90' lang='grc' dir='ltr'><em>δέ,</em></span> <span class='ocrx_word' id='word_1_46' title='bbox 766 686 808 743; x_wconf 83' lang='grc' dir='ltr'><em>ὦ</em></span> <span class='ocrx_word' id='word_1_47' title='bbox 848 691 1093 758; x_wconf 86' lang='grc' dir='ltr'><em>βασιλεῦ,</em></span> <span class='ocrx_word' id='word_1_48' title='bbox 1131 699 1246 752; x_wconf 89' lang='grc' dir='ltr'><em>πῶς</em></span> <span class='ocrx_word' id='word_1_49' title='bbox 1277 690 1424 743; x_wconf 80' lang='grc' dir='ltr'><em>ἅπαν</em></span> <span class='ocrx_word' id='word_1_50' title='bbox 1456 697 1620 743; x_wconf 86' lang='grc' dir='ltr'><em>τοῦτο</em></span> <span class='ocrx_word' id='word_1_51' title='bbox 1660 692 1846 760; x_wconf 66' lang='grc' dir='ltr'><em>ἔσχεν.»</em></span> <span class='ocrx_word' id='word_1_52' title='bbox 1932 695 1935 697; x_wconf 65' lang='grc'><strong><em>’</em></strong></span> 
     </span>
    </p>
   </div>
   <div class='ocr_carea' id='block_1_4' title="bbox 77 774 1837 1736">
    <p class='ocr_par' dir='ltr' id='par_1_7' title="bbox 77 774 1837 1736">
     <span class='ocr_line' id='line_1_8' title="bbox 206 774 1833 848; baseline -0.001 -15"><span class='ocrx_word' id='word_1_53' title='bbox 206 774 381 833; x_wconf 70' lang='grc' dir='ltr'><em>ἶἩκον</em></span> <span class='ocrx_word' id='word_1_54' title='bbox 430 778 490 833; x_wconf 84' lang='grc' dir='ltr'><em>ἐκ</em></span> <span class='ocrx_word' id='word_1_55' title='bbox 541 781 796 841; x_wconf 86' lang='grc' dir='ltr'><em>Κιλικίας</em></span> <span class='ocrx_word' id='word_1_56' title='bbox 848 779 1167 848; x_wconf 78' lang='grc' dir='ltr'><em>φθάσαντες</em></span> <span class='ocrx_word' id='word_1_57' title='bbox 1212 786 1415 831; x_wconf 89' lang='grc' dir='ltr'><em>τοῦτον</em></span> <span class='ocrx_word' id='word_1_58' title='bbox 1462 779 1516 831; x_wconf 78' lang='grc' dir='ltr'><em>οἱ</em></span> <span class='ocrx_word' id='word_1_59' title='bbox 1563 779 1833 832; x_wconf 77' lang='grc' dir='ltr'><em>σύνδικοι.</em></span> 
     </span>
     <span class='ocr_line' id='line_1_9' title="bbox 142 863 1834 939; baseline -0.001 -16"><span class='ocrx_word' id='word_1_60' title='bbox 142 868 470 939; x_wconf 80' lang='grc' dir='ltr'><em>προσελθὼν</em></span> <span class='ocrx_word' id='word_1_61' title='bbox 509 863 613 920; x_wconf 83' lang='grc' dir='ltr'><em>οὖν</em></span> <span class='ocrx_word' id='word_1_62' title='bbox 652 867 840 930; x_wconf 89' lang='grc' dir='ltr'><em>αὐτοῖς</em></span> <span class='ocrx_word' id='word_1_63' title='bbox 877 868 1113 937; x_wconf 86' lang='grc' dir='ltr'><em>ἠρόμην,</em></span> <span class='ocrx_word' id='word_1_64' title='bbox 1162 869 1213 919; x_wconf 87' lang='grc' dir='ltr'><em>εἰ</em></span> <span class='ocrx_word' id='word_1_65' title='bbox 1255 865 1520 936; x_wconf 81' lang='grc' dir='ltr'><em>μέμνηται</em></span> <span class='ocrx_word' id='word_1_66' title='bbox 1559 877 1671 921; x_wconf 90' lang='grc' dir='ltr'><em>τῶν</em></span> <span class='ocrx_word' id='word_1_67' title='bbox 1707 868 1834 937; x_wconf 80' lang='grc' dir='ltr'><em>περὶ</em></span> 
     </span>
     <span class='ocr_line' id='line_1_10' title="bbox 153 951 1837 1028; baseline -0.001 -17"><span class='ocrx_word' id='word_1_68' title='bbox 153 957 448 1020; x_wconf 82' lang='grc' dir='ltr'><em>Ὀδυσσέως</em></span> <span class='ocrx_word' id='word_1_69' title='bbox 496 955 798 1027; x_wconf 84' lang='grc' dir='ltr'><em>εἰρημένων</em></span> <span class='ocrx_word' id='word_1_70' title='bbox 830 954 1040 1028; x_wconf 76' lang='grc' dir='ltr'><em>Ὁμήρῳ</em></span> <span class='ocrx_word' id='word_1_71' title='bbox 1080 954 1172 1008; x_wconf 82' lang='grc' dir='ltr'><em>καὶ</em></span> <span class='ocrx_word' id='word_1_72' title='bbox 1219 956 1368 1019; x_wconf 82' lang='grc' dir='ltr'><em>ὅστις</em></span> <span class='ocrx_word' id='word_1_73' title='bbox 1411 951 1483 1024; x_wconf 82' lang='grc' dir='ltr'><em>ἡν</em></span> <span class='ocrx_word' id='word_1_74' title='bbox 1528 957 1666 1026; x_wconf 91' lang='grc' dir='ltr'><em>πρὸς</em></span> <span class='ocrx_word' id='word_1_75' title='bbox 1703 958 1837 1019; x_wconf 88' lang='grc' dir='ltr'><em>τοὺς</em></span> 
     </span>
     <span class='ocr_line' id='line_1_11' title="bbox 77 1043 1836 1114; baseline -0.002 -13"><span class='ocrx_word' id='word_1_76' title='bbox 77 1069 119 1101; x_wconf 93' lang='lat'><em>10</em></span> <span class='ocrx_word' id='word_1_77' title='bbox 154 1046 509 1114; x_wconf 82' lang='grc' dir='ltr'><em>Ἰθακησίους.</em></span> <span class='ocrx_word' id='word_1_78' title='bbox 585 1044 689 1098; x_wconf 85' lang='grc' dir='ltr'><em>καὶ</em></span> <span class='ocrx_word' id='word_1_79' title='bbox 737 1046 886 1098; x_wconf 84' lang='grc' dir='ltr'><em>λίαν</em></span> <span class='ocrx_word' id='word_1_80' title='bbox 933 1047 1147 1114; x_wconf 82' lang='grc' dir='ltr'><em>ἔφασαν</em></span> <span class='ocrx_word' id='word_1_81' title='bbox 1188 1043 1280 1098; x_wconf 89' lang='grc' dir='ltr'><em>καὶ</em></span> <span class='ocrx_word' id='word_1_82' title='bbox 1328 1045 1456 1097; x_wconf 83' lang='grc' dir='ltr'><em>οὔτε</em></span> <span class='ocrx_word' id='word_1_83' title='bbox 1503 1046 1623 1098; x_wconf 83' lang='grc' dir='ltr'><em>δεῖν</em></span> <span class='ocrx_word' id='word_1_84' title='bbox 1661 1043 1836 1114; x_wconf 91' lang='grc' dir='ltr'><em>ἡδέως</em></span> 
     </span>
     <span class='ocr_line' id='line_1_12' title="bbox 143 1130 1836 1203; baseline -0.001 -15"><span class='ocrx_word' id='word_1_85' title='bbox 143 1136 268 1188; x_wconf 77' lang='grc' dir='ltr'><em>οὔτε</em></span> <span class='ocrx_word' id='word_1_86' title='bbox 313 1137 584 1203; x_wconf 81' lang='grc' dir='ltr'><em>πλήττειν.</em></span> <span class='ocrx_word' id='word_1_87' title='bbox 661 1134 847 1202; x_wconf 76' lang='grc' dir='ltr'><em>ἥσθην</em></span> <span class='ocrx_word' id='word_1_88' title='bbox 894 1132 999 1202; x_wconf 84' lang='grc' dir='ltr'><em>ἐγὼ</em></span> <span class='ocrx_word' id='word_1_89' title='bbox 1046 1141 1217 1186; x_wconf 89' lang='grc' dir='ltr'><em>ταῦτα</em></span> <span class='ocrx_word' id='word_1_90' title='bbox 1263 1133 1504 1196; x_wconf 80' lang='grc' dir='ltr'><em>ἀκούσας</em></span> <span class='ocrx_word' id='word_1_91' title='bbox 1553 1133 1645 1186; x_wconf 86' lang='grc' dir='ltr'><em>καὶ</em></span> <span class='ocrx_word' id='word_1_92' title='bbox 1691 1130 1836 1187; x_wconf 82' lang='grc' dir='ltr'><em>εἶναι</em></span> 
     </span>
     <span class='ocr_line' id='line_1_13' title="bbox 141 1221 1836 1291; baseline -0.001 -14"><span class='ocrx_word' id='word_1_93' title='bbox 141 1232 397 1277; x_wconf 87' lang='grc' dir='ltr'><em>τοιοῦτον</em></span> <span class='ocrx_word' id='word_1_94' title='bbox 443 1223 614 1276; x_wconf 87' lang='grc' dir='ltr'><em>αὐτὸν</em></span> <span class='ocrx_word' id='word_1_95' title='bbox 662 1223 754 1275; x_wconf 81' lang='grc' dir='ltr'><em>διὰ</em></span> <span class='ocrx_word' id='word_1_96' title='bbox 798 1221 991 1285; x_wconf 83' lang='grc' dir='ltr'><em>τέλους</em></span> <span class='ocrx_word' id='word_1_97' title='bbox 1037 1222 1302 1291; x_wconf 79' lang='grc' dir='ltr'><em>εὐξάμην,</em></span> <span class='ocrx_word' id='word_1_98' title='bbox 1350 1221 1596 1275; x_wconf 80' lang='grc' dir='ltr'><em>ἀδύνατα</em></span> <span class='ocrx_word' id='word_1_99' title='bbox 1645 1225 1836 1291; x_wconf 81' lang='grc' dir='ltr'><em>ζητῶν,</em></span> 
     </span>
     <span class='ocr_line' id='line_1_14' title="bbox 143 1308 1833 1381; baseline -0.001 -16"><span class='ocrx_word' id='word_1_100' title='bbox 143 1313 214 1375; x_wconf 82' lang='grc' dir='ltr'><em>ὡς</em></span> <span class='ocrx_word' id='word_1_101' title='bbox 251 1313 384 1381; x_wconf 80' lang='grc' dir='ltr'><em>μετὰ</em></span> <span class='ocrx_word' id='word_1_102' title='bbox 421 1319 593 1365; x_wconf 89' lang='grc' dir='ltr'><em>ταῦτα</em></span> <span class='ocrx_word' id='word_1_103' title='bbox 632 1313 824 1379; x_wconf 83' lang='grc' dir='ltr'><em>ἔγνων.</em></span> <span class='ocrx_word' id='word_1_104' title='bbox 902 1311 1077 1374; x_wconf 81' lang='grc' dir='ltr'><em>εὐθὺς</em></span> <span class='ocrx_word' id='word_1_105' title='bbox 1107 1308 1209 1380; x_wconf 74' lang='grc' dir='ltr'><em>μὲν</em></span> <span class='ocrx_word' id='word_1_106' title='bbox 1247 1311 1354 1381; x_wconf 79' lang='grc' dir='ltr'><em>γὰρ</em></span> <span class='ocrx_word' id='word_1_107' title='bbox 1395 1310 1493 1364; x_wconf 79' lang='grc' dir='ltr'><em>ἕνα</em></span> <span class='ocrx_word' id='word_1_108' title='bbox 1530 1320 1642 1364; x_wconf 89' lang='grc' dir='ltr'><em>τῶν</em></span> <span class='ocrx_word' id='word_1_109' title='bbox 1679 1314 1833 1363; x_wconf 85' lang='grc' dir='ltr'><em>πόλι-</em></span> 
     </span>
     <span class='ocr_line' id='line_1_15' title="bbox 141 1398 1834 1470; baseline -0.001 -16"><span class='ocrx_word' id='word_1_110' title='bbox 141 1401 453 1467; x_wconf 90' lang='grc' dir='ltr'><em>τευομένων</em></span> <span class='ocrx_word' id='word_1_111' title='bbox 479 1408 573 1468; x_wconf 84' lang='grc' dir='ltr'><em>τῆς</em></span> <span class='ocrx_word' id='word_1_112' title='bbox 597 1399 858 1470; x_wconf 85' lang='grc' dir='ltr'><em>ἡμετέρας</em></span> <span class='ocrx_word' id='word_1_113' title='bbox 883 1401 1060 1462; x_wconf 87' lang='grc' dir='ltr'><em>οἰκίας</em></span> <span class='ocrx_word' id='word_1_114' title='bbox 1090 1401 1297 1453; x_wconf 89' lang='grc' dir='ltr'><em>λύοντα</em></span> <span class='ocrx_word' id='word_1_115' title='bbox 1326 1400 1421 1462; x_wconf 79' lang='grc' dir='ltr'><em>τὰς</em></span> <span class='ocrx_word' id='word_1_116' title='bbox 1449 1398 1834 1469; x_wconf 84' lang='grc' dir='ltr'><em>ἐπενεχθείσας</em></span> 
     </span>
     <span class='ocr_line' id='line_1_16' title="bbox 77 1487 1832 1558; baseline -0.002 -15"><span class='ocrx_word' id='word_1_117' title='bbox 77 1511 118 1544; x_wconf 86' lang='lat'><em>15</em></span> <span class='ocrx_word' id='word_1_118' title='bbox 144 1491 317 1552; x_wconf 82' lang='grc' dir='ltr'><em>αἰτίας</em></span> <span class='ocrx_word' id='word_1_119' title='bbox 365 1491 648 1558; x_wconf 86' lang='grc' dir='ltr'><em>δεσμώτην</em></span> <span class='ocrx_word' id='word_1_120' title='bbox 694 1488 953 1558; x_wconf 76' lang='grc' dir='ltr'><em>ἐποίησεν</em></span> <span class='ocrx_word' id='word_1_121' title='bbox 1007 1488 1292 1558; x_wconf 83' lang='grc' dir='ltr'><em>ἐγγυητῶν</em></span> <span class='ocrx_word' id='word_1_122' title='bbox 1345 1488 1446 1541; x_wconf 86' lang='grc' dir='ltr'><em>οὐκ</em></span> <span class='ocrx_word' id='word_1_123' title='bbox 1497 1487 1832 1558; x_wconf 81' lang='grc' dir='ltr'><em>ἀποροῦντα,</em></span> 
     </span>
     <span class='ocr_line' id='line_1_17' title="bbox 144 1574 1832 1647; baseline -0.001 -16"><span class='ocrx_word' id='word_1_124' title='bbox 144 1582 199 1632; x_wconf 81' lang='grc' dir='ltr'><em>οἳ</em></span> <span class='ocrx_word' id='word_1_125' title='bbox 243 1578 376 1631; x_wconf 82' lang='grc' dir='ltr'><em>ὅταν</em></span> <span class='ocrx_word' id='word_1_126' title='bbox 423 1575 549 1646; x_wconf 82' lang='grc' dir='ltr'><em>ὦσι,</em></span> <span class='ocrx_word' id='word_1_127' title='bbox 605 1578 802 1646; x_wconf 87' lang='grc' dir='ltr'><em>δεσμὸς</em></span> <span class='ocrx_word' id='word_1_128' title='bbox 856 1577 959 1630; x_wconf 86' lang='grc' dir='ltr'><em>οὐκ</em></span> <span class='ocrx_word' id='word_1_129' title='bbox 1005 1574 1158 1630; x_wconf 82' lang='grc' dir='ltr'><em>ἔστιν</em></span> <span class='ocrx_word' id='word_1_130' title='bbox 1204 1576 1290 1630; x_wconf 85' lang='grc' dir='ltr'><em>ε’πὶ</em></span> <span class='ocrx_word' id='word_1_131' title='bbox 1344 1584 1564 1647; x_wconf 81' lang='grc' dir='ltr'><em>μικραῖς</em></span> <span class='ocrx_word' id='word_1_132' title='bbox 1618 1577 1832 1644; x_wconf 81' lang='grc' dir='ltr'><em>αἰτίαις,</em></span> 
     </span>
     <span class='ocr_line' id='line_1_18' title="bbox 143 1660 1833 1736; baseline -0.002 -16"><span class='ocrx_word' id='word_1_133' title='bbox 143 1660 254 1720; x_wconf 85' lang='grc' dir='ltr'><em>οἷαι</em></span> <span class='ocrx_word' id='word_1_134' title='bbox 292 1662 433 1735; x_wconf 77' lang='grc' dir='ltr'><em>ἦσαν</em></span> <span class='ocrx_word' id='word_1_135' title='bbox 472 1667 533 1720; x_wconf 80' lang='grc' dir='ltr'><em>αἱ</em></span> <span class='ocrx_word' id='word_1_136' title='bbox 567 1669 702 1720; x_wconf 90' lang='grc' dir='ltr'><em>τότε.</em></span> <span class='ocrx_word' id='word_1_137' title='bbox 773 1665 1040 1736; x_wconf 88' lang='grc' dir='ltr'><em>δεομένου</em></span> <span class='ocrx_word' id='word_1_138' title='bbox 1074 1665 1139 1719; x_wconf 92' lang='grc' dir='ltr'><em>δέ</em></span> <span class='ocrx_word' id='word_1_139' title='bbox 1173 1686 1281 1735; x_wconf 90' lang='grc' dir='ltr'><em>μου</em></span> <span class='ocrx_word' id='word_1_140' title='bbox 1317 1669 1480 1718; x_wconf 87' lang='grc' dir='ltr'><em>λῦσαι</em></span> <span class='ocrx_word' id='word_1_141' title='bbox 1519 1666 1676 1734; x_wconf 89' lang='grc' dir='ltr'><em>μόλις</em></span> <span class='ocrx_word' id='word_1_142' title='bbox 1713 1663 1833 1734; x_wconf 89' lang='grc' dir='ltr'><em>μέν,</em></span> 
     </span>
    </p>
   </div>
   <div class='ocr_carea' id='block_1_5' title="bbox 142 1736 1992 1828">
    <p class='ocr_par' dir='ltr' id='par_1_8' title="bbox 142 1736 1992 1828">
     <span class='ocr_line' id='line_1_19' title="bbox 142 1736 1992 1828; baseline 0.001 -20"><span class='ocrx_word' id='word_1_143' title='bbox 142 1753 248 1826; x_wconf 79' lang='grc' dir='ltr'><em>ἔφη</em></span> <span class='ocrx_word' id='word_1_144' title='bbox 297 1752 357 1808; x_wconf 75' lang='grc' dir='ltr'><em>δὲ</em></span> <span class='ocrx_word' id='word_1_145' title='bbox 404 1756 610 1809; x_wconf 89' lang='grc' dir='ltr'><em>λύσειν.</em></span> <span class='ocrx_word' id='word_1_146' title='bbox 687 1755 857 1808; x_wconf 85' lang='grc' dir='ltr'><em>εἰπὼν</em></span> <span class='ocrx_word' id='word_1_147' title='bbox 896 1752 957 1808; x_wconf 76' lang='grc' dir='ltr'><em>δὲ</em></span> <span class='ocrx_word' id='word_1_148' title='bbox 1003 1759 1087 1808; x_wconf 82' lang='grc' dir='ltr'><em>εἴα</em></span> <span class='ocrx_word' id='word_1_149' title='bbox 1134 1753 1422 1822; x_wconf 87' lang='grc' dir='ltr'><em>δεδέσθαι,</em></span> <span class='ocrx_word' id='word_1_150' title='bbox 1469 1752 1610 1807; x_wconf 81' lang='grc' dir='ltr'><em>ὥσθ’</em></span> <span class='ocrx_word' id='word_1_151' title='bbox 1648 1752 1834 1823; x_wconf 84' lang='grc' dir='ltr'><em>ἑτέρας</em></span> <span class='ocrx_word' id='word_1_152' title='bbox 1916 1823 1925 1828; x_wconf 31' lang='lat'><strong>⁴</strong></span> <span class='ocrx_word' id='word_1_153' title='bbox 1976 1736 1992 1789; x_wconf 19' lang='grc' dir='ltr'><em>’ἦ</em></span> 
     </span>
    </p>
   </div>
   <div class='ocr_carea' id='block_1_6' title="bbox 77 1841 1834 2002">
    <p class='ocr_par' dir='ltr' id='par_1_9' title="bbox 77 1841 1834 2002">
     <span class='ocr_line' id='line_1_20' title="bbox 143 1841 1834 1916; baseline -0.001 -19"><span class='ocrx_word' id='word_1_154' title='bbox 143 1843 333 1916; x_wconf 78' lang='grc' dir='ltr'><em>ἐκείνῳ</em></span> <span class='ocrx_word' id='word_1_155' title='bbox 388 1844 579 1912; x_wconf 83' lang='grc' dir='ltr'><em>δεῆσαι</em></span> <span class='ocrx_word' id='word_1_156' title='bbox 633 1845 909 1912; x_wconf 88' lang='grc' dir='ltr'><em>βοηθείας.</em></span> <span class='ocrx_word' id='word_1_157' title='bbox 1000 1845 1049 1896; x_wconf 90' lang='grc'><em>4.</em></span> <span class='ocrx_word' id='word_1_158' title='bbox 1111 1841 1296 1897; x_wconf 77' lang='grc' dir='ltr'><em>ἔπειτα</em></span> <span class='ocrx_word' id='word_1_159' title='bbox 1350 1843 1554 1913; x_wconf 78' lang='grc' dir='ltr'><em>ῥήτορα</em></span> <span class='ocrx_word' id='word_1_160' title='bbox 1606 1851 1719 1896; x_wconf 87' lang='grc' dir='ltr'><em>τῶν</em></span> <span class='ocrx_word' id='word_1_161' title='bbox 1772 1842 1834 1895; x_wconf 81' lang='grc' dir='ltr'><em>ἐν</em></span> 
     </span>
     <span class='ocr_line' id='line_1_21' title="bbox 77 1928 1827 2002; baseline -0.002 -16"><span class='ocrx_word' id='word_1_162' title='bbox 77 1954 119 1986; x_wconf 83' lang='lat'><em>20</em></span> <span class='ocrx_word' id='word_1_163' title='bbox 144 1931 271 2002; x_wconf 80' lang='grc' dir='ltr'><em>δόξῃ</em></span> <span class='ocrx_word' id='word_1_164' title='bbox 304 1940 402 1985; x_wconf 86' lang='grc' dir='ltr'><em>τοῦ</em></span> <span class='ocrx_word' id='word_1_165' title='bbox 445 1934 730 1986; x_wconf 89' lang='grc' dir='ltr'><em>συνδικεῖν</em></span> <span class='ocrx_word' id='word_1_166' title='bbox 770 1932 1084 2002; x_wconf 82' lang='grc' dir='ltr'><em>ἄφελκύσας</em></span> <span class='ocrx_word' id='word_1_167' title='bbox 1115 1934 1320 1999; x_wconf 80' lang='grc' dir='ltr'><em>ἔπεμψε</em></span> <span class='ocrx_word' id='word_1_168' title='bbox 1349 1930 1475 2001; x_wconf 87' lang='grc' dir='ltr'><em>περὶ</em></span> <span class='ocrx_word' id='word_1_169' title='bbox 1505 1930 1674 2001; x_wconf 89' lang='grc' dir='ltr'><em>μέτρα</em></span> <span class='ocrx_word' id='word_1_170' title='bbox 1705 1928 1827 2002; x_wconf 70' lang='grc' dir='ltr'><em>γῆς]</em></span> 
     </span>
    </p>
   </div>
   <div class='ocr_carea' id='block_1_7' title="bbox 54 2017 1973 2092">
    <p class='ocr_par' dir='ltr' id='par_1_10' title="bbox 54 2017 1973 2092">
     <span class='ocr_line' id='line_1_22' title="bbox 54 2017 1973 2092; baseline -0.003 -16"><span class='ocrx_word' id='word_1_171' title='bbox 54 2033 152 2076; x_wconf 87' lang='lat' dir='ltr'><em>RII</em></span> <span class='ocrx_word' id='word_1_172' title='bbox 173 2037 259 2076; x_wconf 83' lang='lat'><em>465</em></span> <span class='ocrx_word' id='word_1_173' title='bbox 293 2019 679 2090; x_wconf 81' lang='grc' dir='ltr'><em>οἰμωξόμενον,</em></span> <span class='ocrx_word' id='word_1_174' title='bbox 719 2021 803 2074; x_wconf 81' lang='grc' dir='ltr'><em>ὅτι</em></span> <span class='ocrx_word' id='word_1_175' title='bbox 841 2017 974 2074; x_wconf 73' lang='grc' dir='ltr'><em>ποτε</em></span> <span class='ocrx_word' id='word_1_176' title='bbox 1010 2021 1324 2091; x_wconf 79' lang='grc' dir='ltr'><em>ρητορεύων</em></span> <span class='ocrx_word' id='word_1_177' title='bbox 1362 2017 1500 2088; x_wconf 76' lang='grc' dir='ltr'><em>ὑπὲρ</em></span> <span class='ocrx_word' id='word_1_178' title='bbox 1539 2029 1652 2073; x_wconf 88' lang='grc' dir='ltr'><em>τῶν</em></span> <span class='ocrx_word' id='word_1_179' title='bbox 1689 2019 1839 2092; x_wconf 78' lang='grc' dir='ltr'><em>αὐτῷ</em></span> <span class='ocrx_word' id='word_1_180' title='bbox 1927 2035 1929 2038; x_wconf 82' lang='grc'><strong>’</strong></span> <span class='ocrx_word' id='word_1_181' title='bbox 1967 2030 1973 2085; x_wconf 74' lang='lat' dir='ltr'>j</span> 
     </span>
    </p>
   </div>
   <div class='ocr_carea' id='block_1_8' title="bbox 143 2104 1831 2179">
    <p class='ocr_par' dir='ltr' id='par_1_11' title="bbox 143 2104 1831 2179">
     <span class='ocr_line' id='line_1_23' title="bbox 143 2104 1831 2179; baseline -0.002 -17"><span class='ocrx_word' id='word_1_182' title='bbox 143 2110 350 2177; x_wconf 91' lang='grc' dir='ltr'><em>μισθὸν</em></span> <span class='ocrx_word' id='word_1_183' title='bbox 397 2110 717 2162; x_wconf 89' lang='grc' dir='ltr'><em>δεδωκότων</em></span> <span class='ocrx_word' id='word_1_184' title='bbox 763 2110 931 2163; x_wconf 82' lang='grc' dir='ltr'><em>οὐδὲν</em></span> <span class='ocrx_word' id='word_1_185' title='bbox 976 2107 1277 2179; x_wconf 88' lang='grc' dir='ltr'><em>παρέλιπεν</em></span> <span class='ocrx_word' id='word_1_186' title='bbox 1322 2104 1402 2164; x_wconf 79' lang='grc' dir='ltr'><em>ὧν</em></span> <span class='ocrx_word' id='word_1_187' title='bbox 1448 2107 1656 2175; x_wconf 82' lang='grc' dir='ltr'><em>ἐνόμιζε</em></span> <span class='ocrx_word' id='word_1_188' title='bbox 1697 2122 1831 2176; x_wconf 89' lang='grc' dir='ltr'><em>συμ-</em></span> 
     </span>
    </p>
   </div>
   <div class='ocr_carea' id='block_1_9' title="bbox 143 2221 498 2228">
    <p class='ocr_par' dir='ltr' id='par_1_12' title="bbox 143 2221 498 2228">
     <span class='ocr_line' id='line_1_24' title="bbox 143 2221 498 2228; baseline 0 0"><span class='ocrx_word' id='word_1_189' title='bbox 143 2221 498 2228; x_wconf 95' lang='lat' dir='ltr'><em> </em></span> 
     </span>
    </p>
   </div>
   <div class='ocr_carea' id='block_1_10' title="bbox 264 2283 1445 2343">
    <p class='ocr_par' dir='ltr' id='par_1_13' title="bbox 264 2283 1445 2343">
     <span class='ocr_line' id='line_1_25' title="bbox 264 2283 1445 2343; baseline -0.001 -16"><span class='ocrx_word' id='word_1_190' title='bbox 264 2289 289 2327; x_wconf 90' lang='grc'>3</span> <span class='ocrx_word' id='word_1_191' title='bbox 323 2283 379 2328; x_wconf 85' lang='lat' dir='ltr'><em>cf.</em></span> <span class='ocrx_word' id='word_1_192' title='bbox 405 2285 438 2327; x_wconf 73' lang='lat' dir='ltr'><em>t.</em></span> <span class='ocrx_word' id='word_1_193' title='bbox 463 2283 484 2327; x_wconf 96' lang='lat' dir='ltr'>I</span> <span class='ocrx_word' id='word_1_194' title='bbox 510 2288 609 2339; x_wconf 84' lang='lat'>197,</span> <span class='ocrx_word' id='word_1_195' title='bbox 627 2288 683 2328; x_wconf 84' lang='lat'><em>24</em></span> <span class='ocrx_word' id='word_1_196' title='bbox 701 2298 766 2340; x_wconf 84' lang='lat' dir='ltr'><em>sq.</em></span> <span class='ocrx_word' id='word_1_197' title='bbox 890 2289 915 2328; x_wconf 89' lang='grc'>9</span> <span class='ocrx_word' id='word_1_198' title='bbox 949 2283 1034 2328; x_wconf 84' lang='lat' dir='ltr'><em>Od.</em></span> <span class='ocrx_word' id='word_1_199' title='bbox 1059 2285 1088 2343; x_wconf 91' lang='grc' dir='ltr'>β</span> <span class='ocrx_word' id='word_1_200' title='bbox 1119 2288 1218 2328; x_wconf 84' lang='lat'><strong>233.</strong></span> <span class='ocrx_word' id='word_1_201' title='bbox 1251 2299 1272 2328; x_wconf 87' lang='grc' dir='ltr'><em>ε</em></span> <span class='ocrx_word' id='word_1_202' title='bbox 1305 2288 1358 2328; x_wconf 93' lang='grc'><em>11</em></span> <span class='ocrx_word' id='word_1_203' title='bbox 1378 2298 1445 2340; x_wconf 87' lang='lat' dir='ltr'><em>sq.</em></span> 
     </span>
    </p>
   </div>
   <div class='ocr_carea' id='block_1_11' title="bbox 145 2383 500 2391">
    <p class='ocr_par' dir='ltr' id='par_1_14' title="bbox 145 2383 500 2391">
     <span class='ocr_line' id='line_1_26' title="bbox 145 2383 500 2391; baseline 0 0"><span class='ocrx_word' id='word_1_204' title='bbox 145 2383 500 2391; x_wconf 95' lang='lat' dir='ltr'><em> </em></span> 
     </span>
    </p>
   </div>
   <div class='ocr_carea' id='block_1_12' title="bbox 144 2443 1833 2973">
    <p class='ocr_par' dir='ltr' id='par_1_15' title="bbox 144 2443 1833 2973">
     <span class='ocr_line' id='line_1_27' title="bbox 263 2443 1779 2503; baseline -0.001 -14"><span class='ocrx_word' id='word_1_205' title='bbox 263 2450 288 2489; x_wconf 91' lang='lat'>5</span> <span class='ocrx_word' id='word_1_206' title='bbox 314 2453 534 2502; x_wconf 85' lang='grc' dir='ltr'><em>φανεῖται</em></span> <span class='ocrx_word' id='word_1_207' title='bbox 557 2459 632 2489; x_wconf 91' lang='lat' dir='ltr'><em>om</em></span> <span class='ocrx_word' id='word_1_208' title='bbox 655 2446 724 2490; x_wconf 82' lang='lat' dir='ltr'><em>Re</em></span> <span class='ocrx_word' id='word_1_209' title='bbox 830 2450 856 2489; x_wconf 92' lang='grc'>8</span> <span class='ocrx_word' id='word_1_210' title='bbox 880 2444 1135 2503; x_wconf 82' lang='grc' dir='ltr'><em>μέμνηνται</em></span> <span class='ocrx_word' id='word_1_211' title='bbox 1157 2446 1204 2489; x_wconf 92' lang='grc' dir='ltr'><strong><em>Β</em></strong></span> <span class='ocrx_word' id='word_1_212' title='bbox 1316 2450 1341 2489; x_wconf 88' lang='grc'><strong>9</strong></span> <span class='ocrx_word' id='word_1_213' title='bbox 1367 2443 1622 2501; x_wconf 85' lang='grc' dir='ltr'><em>εἰρημένων</em></span> <span class='ocrx_word' id='word_1_214' title='bbox 1645 2458 1721 2488; x_wconf 90' lang='lat' dir='ltr'><em>om</em></span> <span class='ocrx_word' id='word_1_215' title='bbox 1743 2445 1779 2487; x_wconf 92' lang='lat' dir='ltr'><strong><em>I</em></strong></span> 
     </span>
     <span class='ocr_line' id='line_1_28' title="bbox 148 2502 1829 2562; baseline 0 -15"><span class='ocrx_word' id='word_1_216' title='bbox 148 2509 201 2547; x_wconf 92' lang='lat'><em>10</em></span> <span class='ocrx_word' id='word_1_217' title='bbox 241 2503 442 2561; x_wconf 73' lang='grc' dir='ltr'><em>ἤιὶεσθαι</em></span> <span class='ocrx_word' id='word_1_218' title='bbox 480 2505 582 2548; x_wconf 84' lang='grc' dir='ltr'><em>Μοι·</em></span> <span class='ocrx_word' id='word_1_219' title='bbox 621 2505 701 2548; x_wconf 83' lang='lat' dir='ltr'><em>sed</em></span> <span class='ocrx_word' id='word_1_220' title='bbox 741 2522 795 2562; x_wconf 75' lang='grc' dir='ltr'><em>γρ</em></span> <span class='ocrx_word' id='word_1_221' title='bbox 828 2504 975 2561; x_wconf 83' lang='grc' dir='ltr'><em>ἡδέως</em></span> <span class='ocrx_word' id='word_1_222' title='bbox 1004 2505 1054 2548; x_wconf 91' lang='lat' dir='ltr'><em>in</em></span> <span class='ocrx_word' id='word_1_223' title='bbox 1084 2518 1220 2562; x_wconf 82' lang='lat' dir='ltr'>marg</span> <span class='ocrx_word' id='word_1_224' title='bbox 1351 2509 1405 2548; x_wconf 83' lang='lat'><em>12</em></span> <span class='ocrx_word' id='word_1_225' title='bbox 1439 2502 1678 2553; x_wconf 82' lang='grc' dir='ltr'><em>διατέλους</em></span> <span class='ocrx_word' id='word_1_226' title='bbox 1707 2502 1829 2562; x_wconf 63' lang='lat' dir='ltr'><em>AV!</em></span> 
     </span>
     <span class='ocr_line' id='line_1_29' title="bbox 144 2561 1779 2621; baseline -0.001 -15"><span class='ocrx_word' id='word_1_227' title='bbox 144 2563 353 2620; x_wconf 81' lang='grc' dir='ltr'><em>ηὐξάμην</em></span> <span class='ocrx_word' id='word_1_228' title='bbox 386 2563 452 2608; x_wconf 84' lang='lat' dir='ltr'><em>Re</em></span> <span class='ocrx_word' id='word_1_229' title='bbox 634 2568 687 2607; x_wconf 85' lang='lat'><em>13</em></span> <span class='ocrx_word' id='word_1_230' title='bbox 721 2571 980 2621; x_wconf 83' lang='grc' dir='ltr'><em>μεταταῦτα</em></span> <span class='ocrx_word' id='word_1_231' title='bbox 1011 2565 1086 2607; x_wconf 91' lang='lat' dir='ltr'><em>IB</em></span> <span class='ocrx_word' id='word_1_232' title='bbox 1129 2566 1135 2620; x_wconf 84' lang='grc' dir='ltr'>Ι</span> <span class='ocrx_word' id='word_1_233' title='bbox 1176 2561 1306 2607; x_wconf 85' lang='grc' dir='ltr'><em>ταῦτ’</em></span> <span class='ocrx_word' id='word_1_234' title='bbox 1344 2563 1412 2606; x_wconf 84' lang='lat' dir='ltr'><em>Re</em></span> <span class='ocrx_word' id='word_1_235' title='bbox 1461 2563 1467 2621; x_wconf 88' lang='grc' dir='ltr'>Ι</span> <span class='ocrx_word' id='word_1_236' title='bbox 1517 2562 1605 2619; x_wconf 82' lang='grc' dir='ltr'><em>γὰρ</em></span> <span class='ocrx_word' id='word_1_237' title='bbox 1638 2576 1713 2606; x_wconf 92' lang='lat' dir='ltr'><em>om</em></span> <span class='ocrx_word' id='word_1_238' title='bbox 1743 2563 1779 2605; x_wconf 93' lang='lat' dir='ltr'><strong><em>I</em></strong></span> 
     </span>
     <span class='ocr_line' id='line_1_30' title="bbox 149 2619 1832 2679; baseline -0.001 -14"><span class='ocrx_word' id='word_1_239' title='bbox 149 2627 202 2664; x_wconf 85' lang='lat'><em>14</em></span> <span class='ocrx_word' id='word_1_240' title='bbox 235 2619 574 2679; x_wconf 82' lang='grc' dir='ltr'><em>ἐπανεχθείσας</em></span> <span class='ocrx_word' id='word_1_241' title='bbox 603 2622 706 2666; x_wconf 82' lang='lat' dir='ltr'>Mor</span> <span class='ocrx_word' id='word_1_242' title='bbox 861 2628 914 2667; x_wconf 87' lang='lat'><em>15</em></span> <span class='ocrx_word' id='word_1_243' title='bbox 947 2620 1101 2674; x_wconf 85' lang='grc' dir='ltr'><em>αἰτίας</em></span> <span class='ocrx_word' id='word_1_244' title='bbox 1124 2623 1167 2666; x_wconf 90' lang='lat' dir='ltr'><strong><em>V</em></strong></span> <span class='ocrx_word' id='word_1_245' title='bbox 1185 2623 1255 2666; x_wconf 83' lang='lat' dir='ltr'><em>Re</em></span> <span class='ocrx_word' id='word_1_246' title='bbox 1338 2620 1489 2672; x_wconf 85' lang='grc' dir='ltr'><em>οἰκίας</em></span> <span class='ocrx_word' id='word_1_247' title='bbox 1518 2621 1688 2677; x_wconf 82' lang='lat' dir='ltr'><strong>reliqui</strong></span> <span class='ocrx_word' id='word_1_248' title='bbox 1719 2620 1832 2664; x_wconf 86' lang='lat' dir='ltr'>libri</span> 
     </span>
     <span class='ocr_line' id='line_1_31' title="bbox 147 2679 1833 2738; baseline 0.001 -15"><span class='ocrx_word' id='word_1_249' title='bbox 147 2681 228 2724; x_wconf 84' lang='lat' dir='ltr'><em>sed</em></span> <span class='ocrx_word' id='word_1_250' title='bbox 258 2681 307 2724; x_wconf 91' lang='lat' dir='ltr'><em>in</em></span> <span class='ocrx_word' id='word_1_251' title='bbox 339 2679 492 2732; x_wconf 84' lang='grc' dir='ltr'><em>αἰτίας</em></span> <span class='ocrx_word' id='word_1_252' title='bbox 524 2696 625 2725; x_wconf 84' lang='lat' dir='ltr'>corr</span> <span class='ocrx_word' id='word_1_253' title='bbox 658 2681 735 2736; x_wconf 77' lang='lat'><em>02,</em></span> <span class='ocrx_word' id='word_1_254' title='bbox 766 2682 868 2725; x_wconf 90' lang='lat' dir='ltr'>Mor</span> <span class='ocrx_word' id='word_1_255' title='bbox 929 2681 985 2726; x_wconf 86' lang='lat' dir='ltr'><em>cf.</em></span> <span class='ocrx_word' id='word_1_256' title='bbox 1011 2697 1055 2738; x_wconf 86' lang='lat' dir='ltr'><em>p.</em></span> <span class='ocrx_word' id='word_1_257' title='bbox 1082 2685 1225 2735; x_wconf 82' lang='lat'>386‚6</span> <span class='ocrx_word' id='word_1_258' title='bbox 1349 2685 1403 2724; x_wconf 83' lang='lat'><em>16</em></span> <span class='ocrx_word' id='word_1_259' title='bbox 1435 2687 1635 2737; x_wconf 84' lang='grc' dir='ltr'><em>μακραῖς</em></span> <span class='ocrx_word' id='word_1_260' title='bbox 1663 2680 1833 2724; x_wconf 86' lang='grc' dir='ltr'><strong><em>ΑΡΙΒ</em></strong></span> 
     </span>
     <span class='ocr_line' id='line_1_32' title="bbox 207 2738 1771 2797; baseline -0.001 -14"><span class='ocrx_word' id='word_1_261' title='bbox 207 2744 259 2783; x_wconf 83' lang='grc'><em>17</em></span> <span class='ocrx_word' id='word_1_262' title='bbox 291 2740 425 2784; x_wconf 86' lang='grc' dir='ltr'><em>λύσαι</em></span> <span class='ocrx_word' id='word_1_263' title='bbox 448 2741 482 2783; x_wconf 90' lang='grc' dir='ltr'><em>Ι</em></span> <span class='ocrx_word' id='word_1_264' title='bbox 598 2745 651 2784; x_wconf 82' lang='grc'><em>19</em></span> <span class='ocrx_word' id='word_1_265' title='bbox 684 2742 848 2795; x_wconf 86' lang='grc' dir='ltr'><em>δεῆσαι</em></span> <span class='ocrx_word' id='word_1_266' title='bbox 872 2740 1038 2797; x_wconf 86' lang='lat' dir='ltr'>scripsi</span> <span class='ocrx_word' id='word_1_267' title='bbox 1062 2741 1251 2784; x_wconf 75' lang='lat' dir='ltr'>auctore</span> <span class='ocrx_word' id='word_1_268' title='bbox 1275 2740 1343 2784; x_wconf 79' lang='lat' dir='ltr'><em>Re</em></span> <span class='ocrx_word' id='word_1_269' title='bbox 1403 2738 1584 2795; x_wconf 82' lang='grc' dir='ltr'><em>δεήσειν</em></span> <span class='ocrx_word' id='word_1_270' title='bbox 1612 2739 1652 2783; x_wconf 89' lang='lat' dir='ltr'><strong><em>V</em></strong></span> <span class='ocrx_word' id='word_1_271' title='bbox 1669 2738 1771 2782; x_wconf 87' lang='lat' dir='ltr'>Mor</span> 
     </span>
     <span class='ocr_line' id='line_1_33' title="bbox 145 2796 1830 2858; baseline -0.001 -18"><span class='ocrx_word' id='word_1_272' title='bbox 145 2797 299 2852; x_wconf 80' lang='grc' dir='ltr'><em>δεήσει</em></span> <span class='ocrx_word' id='word_1_273' title='bbox 322 2799 490 2855; x_wconf 82' lang='lat' dir='ltr'>reliqui</span> <span class='ocrx_word' id='word_1_274' title='bbox 513 2798 623 2842; x_wconf 92' lang='lat' dir='ltr'>libri</span> <span class='ocrx_word' id='word_1_275' title='bbox 653 2799 722 2843; x_wconf 80' lang='lat' dir='ltr'><em>Re</em></span> <span class='ocrx_word' id='word_1_276' title='bbox 749 2800 755 2858; x_wconf 81' lang='grc' dir='ltr'>Ι</span> <span class='ocrx_word' id='word_1_277' title='bbox 781 2807 873 2843; x_wconf 85' lang='grc' dir='ltr'><em>τῶν</em></span> <span class='ocrx_word' id='word_1_278' title='bbox 898 2801 943 2843; x_wconf 83' lang='grc' dir='ltr'><strong><em>Α</em></strong></span> <span class='ocrx_word' id='word_1_279' title='bbox 968 2799 1051 2843; x_wconf 84' lang='lat' dir='ltr'><em>sed</em></span> <span class='ocrx_word' id='word_1_280' title='bbox 1080 2799 1130 2842; x_wconf 91' lang='lat' dir='ltr'><em>in</em></span> <span class='ocrx_word' id='word_1_281' title='bbox 1159 2799 1242 2843; x_wconf 86' lang='grc' dir='ltr'><em>τὸν</em></span> <span class='ocrx_word' id='word_1_282' title='bbox 1275 2812 1389 2851; x_wconf 82' lang='lat' dir='ltr'>corr,</span> <span class='ocrx_word' id='word_1_283' title='bbox 1419 2798 1488 2842; x_wconf 84' lang='lat' dir='ltr'><em>Re</em></span> <span class='ocrx_word' id='word_1_284' title='bbox 1547 2797 1630 2842; x_wconf 85' lang='grc' dir='ltr'><em>τὸν</em></span> <span class='ocrx_word' id='word_1_285' title='bbox 1659 2796 1830 2853; x_wconf 82' lang='lat' dir='ltr'>reliqui</span> 
     </span>
     <span class='ocr_line' id='line_1_34' title="bbox 145 2855 1803 2912; baseline 0.001 -14"><span class='ocrx_word' id='word_1_286' title='bbox 145 2855 254 2899; x_wconf 89' lang='lat' dir='ltr'>libri</span> <span class='ocrx_word' id='word_1_287' title='bbox 286 2858 367 2900; x_wconf 84' lang='lat' dir='ltr'><em>sed</em></span> <span class='ocrx_word' id='word_1_288' title='bbox 396 2874 448 2901; x_wconf 89' lang='grc' dir='ltr'><em>το</em></span> <span class='ocrx_word' id='word_1_289' title='bbox 481 2858 530 2900; x_wconf 90' lang='lat' dir='ltr'><em>in</em></span> <span class='ocrx_word' id='word_1_290' title='bbox 554 2870 628 2901; x_wconf 79' lang='lat' dir='ltr'>ras</span> <span class='ocrx_word' id='word_1_291' title='bbox 652 2857 738 2912; x_wconf 84' lang='lat' dir='ltr'><em>P²‚</em></span> <span class='ocrx_word' id='word_1_292' title='bbox 770 2858 872 2901; x_wconf 91' lang='lat' dir='ltr'>Mor</span> <span class='ocrx_word' id='word_1_293' title='bbox 993 2862 1046 2901; x_wconf 80' lang='lat'><em>22</em></span> <span class='ocrx_word' id='word_1_294' title='bbox 1081 2858 1220 2902; x_wconf 78' lang='grc' dir='ltr'><em>οὐδὲν</em></span> <span class='ocrx_word' id='word_1_295' title='bbox 1245 2856 1516 2902; x_wconf 83' lang='grc' dir='ltr'><em>δεδωκότων</em></span> <span class='ocrx_word' id='word_1_296' title='bbox 1538 2857 1662 2900; x_wconf 69' lang='lat' dir='ltr'>inter</span> <span class='ocrx_word' id='word_1_297' title='bbox 1685 2857 1803 2901; x_wconf 87' lang='grc' dir='ltr'><em>δεδω</em></span> 
     </span>
     <span class='ocr_line' id='line_1_35' title="bbox 146 2913 1002 2973; baseline 0.004 -15"><span class='ocrx_word' id='word_1_298' title='bbox 146 2913 293 2959; x_wconf 84' lang='grc' dir='ltr'><em>κότων</em></span> <span class='ocrx_word' id='word_1_299' title='bbox 326 2919 372 2959; x_wconf 78' lang='lat' dir='ltr'><em>et</em></span> <span class='ocrx_word' id='word_1_300' title='bbox 403 2916 542 2961; x_wconf 80' lang='grc' dir='ltr'><em>οὐδὲν</em></span> <span class='ocrx_word' id='word_1_301' title='bbox 572 2916 682 2960; x_wconf 88' lang='lat' dir='ltr'>libri</span> <span class='ocrx_word' id='word_1_302' title='bbox 715 2918 907 2973; x_wconf 74' lang='lat' dir='ltr'>excepto</span> <span class='ocrx_word' id='word_1_303' title='bbox 933 2917 1002 2961; x_wconf 90' lang='lat' dir='ltr'><em>Va</em></span> 
     </span>
    </p>
   </div>
   <div class='ocr_carea' id='block_1_13' title="bbox 1863 0 1992 3094">
    <p class='ocr_par' dir='ltr' id='par_1_16' title="bbox 1863 0 1992 3094">
     <span class='ocr_line' id='line_1_36' title="bbox 1863 0 1992 3094; baseline 0 0"><span class='ocrx_word' id='word_1_304' title='bbox 1863 0 1992 3094; x_wconf 95' lang='lat' dir='ltr'><em> </em></span> 
     </span>
    </p>
   </div>
  </div>
 </body>
</html>
