1992 3094
209 125 314 177 180
685 123 743 166 LI
751 123 912 167 BANII
944 122 1166 167 ORATIO
1199 123 1390 167 XXXIII

202 261 394 327 ,μάσας
449 260 509 312 τὸ
545 258 604 311 δὲ
638 254 704 326 ἦν
737 258 1004 327 ἀποφράς,
1045 260 1220 327 βλάβη
1260 256 1362 328 μὲν
1401 268 1516 322 τοῖς
1548 260 1614 313 οὐ
1653 260 1897 329 λέγουσι,
1980 221 1992 329 1

210 350 385 418 βλάβη
427 345 487 400 δὲ
527 356 643 410 τοῖς
679 355 774 415 τῆς
806 346 1032 401 ἐκείνων
1064 347 1346 414 δεομένοις
1380 357 1581 418 φωνῆς.
1659 349 1743 401 29.
1784 354 1900 402 καί-
1983 354 1992 417 j

202 459 293 490 ’τοι
333 436 645 506 θυγατέρας
693 437 878 505 ἄρχων
917 437 983 489 οὐ
1025 447 1239 506 πρῶτος
1279 438 1406 507 τῇδε
1446 436 1725 506 ἐξέδωκεν,
1777 437 1894 491 ἀλλ’

204 525 297 579 ’ἐπὶ
349 529 575 587 πολλοῖς
616 523 844 593 ἑτέροις,
901 526 958 577 οἱ
1001 524 1066 577 δέ
1108 545 1252 588 τινες
1297 526 1387 578 καὶ
1435 526 1592 578 αὐτοὶ
1639 535 1901 594 γυναῖκας
1974 514 1983 566 ἶ

160 638 184 670 ‘5
210 616 496 684 ἠγάγοντο.
561 612 678 666 ἀλλ’
710 613 853 682 ὅμως
894 613 1221 683 οὐδετέρους
1269 615 1320 667 οἱ
1361 615 1525 682 γάμοι
1572 623 1684 667 τῶν
1732 616 1902 668 δικῶν
1975 599 1979 603 .

209 704 510 772 ἀπήγαγον,
559 702 696 755 ἀλλὰ
735 704 801 754 τὰ
838 699 940 769 μὲν
980 704 1058 765 εἰς
1103 705 1232 765 τοὺς
1273 703 1482 771 γάμους
1527 702 1770 773 φέροντα
1809 705 1902 757 διὰ

209 802 319 846 τῶν
359 795 542 862 φίλων
582 791 770 853 αὐτοῖς
808 789 1116 860 ἐπράττετο,
1156 792 1255 844 τὸν
1287 792 1525 861 ἄρχοντα
1565 789 1626 844 δὲ
1665 788 1735 860 ἦν
1766 791 1903 862 ὁρᾶν

210 881 271 934 ἐν
316 891 430 943 τοῖς
479 879 693 933 ἑαυτοῦ.
772 878 860 932 ὁδὶ
910 876 969 932 δὲ
1017 883 1363 949 παρειστήκει
1414 882 1516 947 μὲν
1561 890 1677 943 τοῖς
1725 880 1753 933 ὃ
1801 882 1903 949 τὴν

210 971 437 1038 νύμφην
476 968 681 1031 δέξεται
722 969 1046 1038 ῥάπτουσιν,
1094 967 1156 1022 ἐν
1195 969 1255 1022 δὲ
1294 978 1410 1031 τοῖς
1458 969 1597 1037 πρὸς
1634 972 1766 1032 τοὺς
1804 990 1902 1038 μα-

148 1083 189 1113 10
214 1061 433 1128 γείρους
466 1059 650 1125 λόγοις
681 1056 971 1125 διέτριβεν.
1035 1050 1118 1120 οἷς
1158 1056 1207 1109 δ’
1238 1054 1380 1125 ἦσαν
1419 1059 1474 1110 αἱ
1507 1059 1672 1126 δίκαι,
1707 1059 1902 1111 πολλοὶ

212 1145 271 1200 δὲ
311 1146 372 1200 ἐν
411 1147 598 1208 αὐτοῖς
635 1145 878 1214 πένητες,
920 1145 1120 1215 ἐχθροί
1153 1166 1210 1198 τε
1245 1142 1387 1214 ἦσαν
1425 1155 1541 1209 τοῖς
1579 1147 1774 1215 γάμοις
1812 1145 1902 1200 καὶ

210 1245 524 1304 κατηρῶντο
563 1245 678 1298 τοῖς
718 1234 1204 1304 ἐστεφανωμένοις.

322 1325 407 1378 30.
471 1321 587 1377 Εἶτ’
629 1324 732 1376 ἀπὸ
794 1323 1022 1392 ταυτησὶ
1076 1333 1171 1393 τῆς
1226 1324 1418 1394 ἀργιάς
1479 1333 1573 1393 τῆς
1633 1329 1839 1392 πολλῆς
1892 1323 1898 1394 Ι

123 1427 229 1470 RII
246 1430 331 1469 258
371 1415 544 1476 πολὺς
591 1410 660 1481 ἦν
709 1412 769 1465 έν
814 1416 1059 1480 πληγαῖς.
1135 1421 1300 1466 τοῦτο
1350 1415 1452 1481 γὰρ
1493 1414 1525 1482 ἡ
1565 1414 1728 1466 τοῦδε
1767 1413 1901 1482 ἀρχὴ

148 1524 188 1557 15
214 1503 570 1571 συκοφάντην
623 1501 797 1570 ἡδέως
853 1503 1010 1570 ι’δεῖν,
1073 1500 1161 1553 ἀπ’
1206 1503 1381 1564 αἰτίας
1438 1501 1526 1555 ἐπὶ
1581 1503 1682 1570 τὴν
1744 1503 1904 1570 δίκην

210 1593 459 1662 δραμεῖν,
513 1599 628 1653 τοῖς
668 1591 760 1643 διὰ
799 1594 1024 1658 πληγῶν
1069 1600 1258 1653 κακοῖς
1303 1597 1636 1661 προσθεῖναι
1685 1591 1901 1657 δεσμόν.

208 1680 240 1733 ὁ
282 1681 478 1746 δεσμὸς
519 1674 680 1741 οὗτος
719 1677 927 1747 ἑτέραν,
967 1676 1008 1731 ὦ
1049 1681 1297 1748 βασιλεῦ,
1350 1682 1512 1748 δίκην
1552 1682 1661 1748 ἔχει
1700 1681 1801 1748 τὴν
1841 1678 1902 1732 ἐν

212 1772 470 1838 χρήμασι·
512 1770 598 1820 δεῖ
628 1768 731 1835 γὰρ
772 1767 1180 1835 ὑπερβαίνοντα
1218 1770 1316 1821 τὸν
1357 1769 1532 1821 οὐδὸν
1570 1769 1669 1820 τὸν
1707 1769 1903 1836 κύριον

213 1866 308 1925 τῆς
346 1858 527 1927 θύρας
564 1862 908 1926 θεραπεῦσαι
949 1858 1181 1928 χρυσίω,
1228 1860 1460 1926 χρυσίου
1503 1854 1562 1909 δὲ
1603 1857 1705 1909 οὐκ
1745 1859 1904 1919 ὄντος

144 1968 190 2000 20
214 1947 311 1999 τὸν
356 1942 458 2014 μὲν
498 1946 582 1998 δεῖ
627 1951 912 2013 καθῆσθαι
968 1947 1200 2013 γυμνόν,
1252 1939 1394 1998 εἶναι
1443 1943 1502 1998 δὲ
1549 1947 1650 2013 τὴν
1698 1944 1903 2013 ἐσθῆτα

214 2042 312 2087 τοῦ
367 2035 636 2102 φύλακος,
692 2032 895 2102 μητέρα
945 2030 1004 2085 δὲ
1057 2042 1250 2103 γραῦν,
1306 2039 1456 2104 εἴπερ
1509 2040 1591 2102 εἰη
1633 2040 1706 2106 τῷ
1754 2035 1903 2086 δεδε-

215 2122 384 2193 μένῳ,
427 2122 790 2190 πλανωμένην
830 2122 1072 2190 ἀγείρειν
1112 2122 1247 2174 ὅσον
1286 2121 1355 2174 ἀν
1393 2130 1767 2191 προσαιτοῦσα
1809 2123 1902 2174 δύ-

214 2232 386 2278 νηται.
465 2211 549 2262 31.
607 2212 659 2263 οἱ
707 2211 809 2279 μὲν
855 2207 958 2263 οὖν
1012 2211 1168 2263 ἄλλοι
1222 2212 1355 2277 μετὰ
1400 2212 1494 2273 τὰς
1539 2212 1750 2279 πληγὰς
1789 2219 1902 2272 τοῖς
1991 2227 1992 2242 ¹

216 2301 437 2361 οἰκείοις
476 2299 711 2368 ἀφεῖσαν
750 2300 847 2352 τὸν
885 2306 1049 2351 τοῦτο
1089 2302 1410 2352 πεπονθότα
1457 2301 1545 2352 καὶ
1589 2302 1795 2369 ἰατροῖς
1835 2300 1900 2367 δὴ

150 2410 192 2443 25
218 2386 307 2439 καὶ
351 2393 551 2454 ἰατρῶν
585 2388 910 2456 φαρμάκοις,
952 2387 980 2440 ὁ
1014 2384 1075 2439 δὲ
1112 2387 1309 2454 πέμπει
1342 2390 1471 2450 τοὺς
1503 2387 1738 2450 ἀθλίους
1770 2387 1900 2439 ἀπο-

219 2475 524 2544 λουμένους
563 2484 676 2537 τοῖς
716 2474 776 2527 ἐν
815 2482 888 2547 τῷ
925 2477 1276 2546 δεσμωτηρίῳ
1316 2485 1516 2538 κακοῖς.
1585 2477 1674 2529 καὶ
1715 2477 1761 2528 εἰ
1800 2472 1901 2544 μὲν

335 2596 390 2634 24
425 2591 480 2635 cf.
507 2607 552 2647 p.
579 2595 736 2645 68,11.
774 2595 842 2643 75,
865 2596 916 2634 16

338 2700 362 2737 3
395 2696 522 2752 τῇδε]
550 2693 625 2738 ὁδὶ
642 2699 661 2736 ‘?
696 2694 899 2737 Sintenis
925 2694 1028 2737 coll.
1046 2694 1075 2738 l.
1096 2699 1121 2736 8
1242 2698 1269 2736 4
1301 2702 1518 2751 γυναῖκεσ
1535 2696 1568 2737 Ι
1587 2694 1667 2737 sed
1693 2707 1741 2738 εσ
1766 2693 1839 2736 del

219 2759 245 2798 8
278 2752 552 2809 παρεστήκει
577 2753 678 2796 Mor
799 2758 823 2795 9
855 2768 966 2795 num
996 2751 1299 2811 <δωμάτιον>
1333 2750 1621 2808 ῥ’άπτουσινῖ
1744 2757 1798 2795 10
1830 2748 1898 2802 οἷς

218 2813 287 2856 Re
348 2812 393 2856 οἳ
420 2813 608 2857 OAIVa
669 2810 838 2855 oZ'BV
893 2811 938 2855 οἱ
962 2814 1008 2856 Ρ
1036 2813 1116 2855 sed
1144 2812 1192 2854 in
1217 2810 1270 2856 οἵ
1287 2825 1387 2855 corr
1403 2812 1486 2866 m2,
1511 2812 1612 2855 Mor
1733 2816 1787 2854 14
1817 2815 1896 2854 τοῦ

219 2871 271 2916 δὲ
302 2871 370 2915 Re
402 2871 526 2926 quod
556 2870 838 2926 improbavit
869 2870 1134 2915 Monnerius
1256 2875 1311 2913 20
1343 2887 1424 2914 τον
1457 2874 1490 2914 Ι
1517 2873 1522 2926 Ι
1551 2874 1625 2915 δεῖ
1653 2872 1898 2926 καθῆσθαι

219 2931 264 2974 Β
297 2931 378 2974 sed.
410 2938 453 2974 εῑ
474 2947 533 2973 κα
565 2930 612 2972 in
635 2943 711 2972 ras
736 2929 804 2971 m²
927 2935 980 2972 22
1014 2930 1143 2985 ἄγειν
1178 2929 1216 2973 C
