1992 3094
192 90 300 141 222
710 88 937 132 LIBANII
969 88 1194 132 ORATIO
1227 89 1397 133 XXXV

192 246 307 278 νων
367 223 503 292 μεθ’
536 225 632 287 οὓς
695 225 883 277 εἰώθει
946 223 1144 293 λέγειν,
1207 224 1577 293 ἀνεστηκέναι.
1661 225 1745 277 24.
1801 227 1881 278 ἔτι

189 317 385 367 τοίνυν
424 315 477 366 οἱ
517 321 625 365 νῦν
663 314 1026 382 πρεσβύτεροι
1066 308 1136 380 ἦν
1177 314 1266 366 ὅτε
1313 310 1454 381 ἦσαν
1501 311 1703 383 ἑτέρων
1749 315 1884 366 νεώ-’

188 423 338 471 τεροι
383 403 473 455 καὶ
526 404 745 455 πλείονί
796 421 858 468 γε
904 400 1132 454 ἐκείνων
1184 401 1217 470 ἢ
1270 402 1404 455 ὅσον
1432 402 1614 470 ’ὑμεῖς
1667 403 1880 455 τούτων

187 493 458 560 νεώτεροι.
536 493 732 556 ἔρεσθε
788 486 892 543 οὗν
946 490 1189 559 αὐτούς,
1229 491 1275 542 εἰ
1326 492 1387 543 τὸ
1439 490 1597 558 ὑμῶν
1652 489 1879 543 ἐποίουν

143 600 162 632 5
187 581 276 632 καὶ
317 581 443 633 οὔτε
483 577 677 647 ἔλεγον
716 580 842 631 οὔτε
883 578 1178 646 ἀντέλεγον
1218 580 1344 631 οὔτε
1383 580 1726 647 προεπήδων.
1787 578 1878 632 καὶ

186 669 319 737 τάχα
367 668 622 736 εὑρήσετε
669 668 847 720 πάντα
893 675 1064 720 ταῦτα
1111 669 1472 736 πεποιηκότας
1525 668 1616 720 καὶ
1662 669 1880 731 τούτοις

185 757 486 823 βλαβέντας
531 754 645 825 μὲν
673 755 856 824 οὐδέν,
902 758 1275 827 κερδάναντας
1322 754 1383 809 δὲ
1429 757 1495 808 τὰ
1540 756 1791 826 μέγιστα,
1848 756 1876 810 ὃ

185 844 274 898 καὶ
313 849 443 908 τοὺς
483 847 748 908 εἰωθότας
784 854 1006 915 κρατεῖν
1037 846 1431 913 τεθορύβηκεν.
1495 841 1621 898 οἶδα
1653 842 1712 898 δὲ
1745 846 1878 899 οὐδὲ

183 943 300 997 τοῖς
338 935 484 1002 τρισὶ
523 935 741 996 τούτοις
774 938 831 987 οἳ
865 935 931 987 τὰ
969 944 1081 987 τῶν
1118 935 1286 987 πάλαι
1327 934 1609 1003 νεωτέρων
1647 942 1878 1001 μιμοῦνὁ

118 1045 160 1076 10
184 1043 271 1075 ται
327 1031 434 1076 νῦν
487 1023 625 1091 πρὸς
677 1023 880 1085 αὐτοὺς
939 1024 1329 1092 γεγηρακότας,
1391 1024 1662 1091 αἰσχύνην
1721 1021 1868 1075 τοῦτ’

183 1111 411 1179 ἐνεγκὸν
455 1113 546 1164 καὶ
586 1114 780 1181 ψόγον,
835 1112 974 1166 ἀλλὰ
1021 1111 1190 1175 δόξαν
1236 1131 1293 1164 τε
1339 1109 1430 1164 καὶ
1478 1110 1739 1173 ἐπαίνους
1785 1113 1892 1165 καῖ’

182 1202 242 1253 τὸ
281 1209 376 1268 τῆς
415 1200 643 1254 ἐκείνων
683 1202 970 1270 δυνάμεως
1009 1195 1150 1254 εἶναι
1189 1203 1260 1269 μὴ
1300 1203 1503 1271 πόρρω.

293 1289 378 1342 25.
420 1289 728 1342 Παύσασθ’
752 1286 857 1343 οὖν
889 1292 966 1352 εἰς
998 1291 1136 1342 αἰδῶ
1169 1309 1226 1342 τε
1258 1288 1348 1342 καὶ
1383 1288 1679 1342 ἐπιείκειαν
1709 1296 1889 1342 τοῦτο.

182 1378 551 1447 ἀναφέροντες
590 1379 619 1432 ὃ
659 1386 733 1451 τῷ
766 1381 837 1447 μὴ
887 1380 1169 1431 δύνασθαι
1211 1378 1399 1446 «λέγειν
1438 1381 1708 1446 γίγνεται,
1758 1378 1874 1431 ἐπεὶ

114 1488 154 1520 15
179 1468 442 1529 πολλάκις
480 1486 542 1535 γε
582 1467 783 1537 ἀνδρός
814 1487 965 1530 τινος
997 1467 1231 1529 ἀπόντος
1263 1467 1503 1535 ἀνάγκης
1532 1467 1674 1535 ὑμᾶς
1711 1479 1872 1519 κατα-

181 1557 455 1624 λαβούσης
525 1555 707 1624 λέγειν
774 1555 1039 1625 ἠξιώσατε
1109 1560 1299 1609 καλεῖν
1361 1555 1576 1609 ἐκεῖνον
1638 1556 1711 1618 ὡς
1770 1556 1887 1608 οὐκ.

179 1646 395 1713 ἔχοντες
442 1645 470 1697 ὅ
511 1659 561 1697 τι
602 1644 671 1697 ἂν
709 1647 802 1698 καὶ
842 1645 1066 1713 λέγοιτε.
1143 1647 1198 1697 τί
1243 1641 1370 1709 οὖν;
1422 1644 1490 1697 ἀν
1542 1644 1750 1707 ἐκεῖνος
1789 1664 1871 1696 τε-

179 1736 412 1803 λευτήσῃ
446 1734 544 1786 τὸν
575 1736 718 1802 βίον,
757 1736 813 1786 τί
843 1734 1093 1804 δράσετε;
1133 1735 1424 1802 πρεσβείας
1457 1734 1529 1795 ὡς
1560 1733 1659 1785 τὸν
1685 1734 1885 1798 Πλού-,

178 1842 324 1874 τωνα
370 1824 637 1891 δεήσεσθε
687 1822 895 1889 πέμψαι
943 1824 1108 1891 δεῦρο
1155 1823 1252 1875 τὸν
1293 1823 1469 1891 ἄνδρα
1517 1820 1868 1890 δεησομένης,

111 1931 153 1962 20
179 1910 322 1972 ὅπως
360 1910 613 1978 γένοιντο
654 1909 778 1981 περὶ
819 1920 929 1963 τῶν
961 1911 1298 1979 πραγμάτων
1329 1913 1499 1978 λόγοι.
1563 1910 1629 1963 οὐ
1662 1911 1765 1979 γὰρ
1801 1911 1867 1978 δὴ

177 2005 250 2070 τῷ
307 1997 508 2051 ’κείνου
571 2019 633 2066 γε
687 2002 913 2070 θανάτῳ
978 2003 1280 2068 γενήσεσθε
1343 1999 1581 2068 ῥήτορες.
1659 1999 1868 2051 οὐκοῦν

177 2090 376 2150 ζῶντος
415 2088 643 2155 ἄμεινον
690 2089 939 2151 ἅψασθαι
986 2097 1086 2141 τοῦ
1128 2087 1308 2156 λέγειν
1357 2086 1730 2155 κτησομένους
1770 2087 1865 2138 δύ-

176 2195 342 2240 ναμιν
388 2176 420 2244 ἢ
467 2182 772 2238 τεθνεῶτος
818 2176 1129 2246 ἐπιχειρεῖν,
1178 2173 1273 2228 εἶτ’
1315 2176 1661 2243 ἀποροῦντας
1708 2175 1865 2244 ἀσχη-

175 2272 382 2329 μονεῖν.
459 2265 505 2315 εἰ
560 2266 628 2332 δὴ
682 2266 743 2317 τὸ
803 2262 904 2333 μὲν
959 2266 1239 2318 δύνασθαι
1302 2264 1484 2332 λέγειν
1545 2263 1862 2331 ἀναγκαῖον,

108 2371 149 2404 25
174 2359 335 2403 τοῦτο
377 2349 436 2403 δὲ
477 2353 649 2405 δεῖται
689 2356 937 2422 βιβλίων,
977 2356 1215 2422 βιβλίοις
1255 2352 1543 2420 ὁμιλητέον
1583 2353 1729 2418 ὑμῖν.

293 2546 317 2582 3
358 2541 437 2583 καὶ
470 2568 524 2572 -
559 2546 585 2583 4
617 2543 830 2597 νεώτεροι
871 2558 944 2586 om
970 2545 1002 2586 I
1054 2547 1060 2598 Ι
1117 2539 1298 2587 πλείονί
1331 2558 1380 2598 γε
1412 2542 1478 2584 Re
1569 2544 1728 2585 πλεῖον
1769 2540 1860 2612 εἴγε

176 2600 392 2643 OMoAP
449 2598 607 2644 πλεῖον
632 2617 681 2657 γε
707 2602 752 2643 Β
814 2600 982 2645 πλείων
1016 2618 1065 2658 γε
1093 2604 1153 2646 M
1209 2604 1367 2645 πλεῖον
1395 2600 1446 2644 οῖ’
1464 2617 1514 2656 γε
1539 2601 1581 2642 V
1698 2605 1723 2642 5
1757 2596 1854 2643 οὔτ’

175 2661 234 2713 (2)
269 2659 335 2701 Re
518 2664 539 2701 7
573 2659 820 2716 ταμέγιστα
853 2662 886 2703 Ι
1062 2666 1115 2704 11
1150 2661 1350 2717 ἐνεγκὼν
1385 2661 1469 2704 Mo
1548 2659 1750 2733 ἐνεγκεῖν
1774 2660 1802 2701 1

176 2721 227 2760 13
261 2714 505 2761 παύσασθ’
534 2719 579 2761 Ρ
609 2719 689 2761 sed
722 2718 861 2762 σασθ’
898 2719 948 2763 in
971 2734 1046 2763 ras
1070 2720 1140 2762 m³
1308 2723 1362 2762 14
1394 2719 1445 2763 τὸ
1479 2720 1538 2774 ΙΙ
1567 2716 1743 2774 γίνεται
1776 2718 1875 2760 11107

234 2780 286 2818 17
322 2773 390 2819 ὅτι
421 2778 557 2820 ΙΜΒ
699 2782 751 2820 19
786 2778 1133 2851 δεηθησομένης
1164 2780 1199 2822 Ι
1343 2784 1393 2821 21
1431 2775 1589 2821 κείνου
1622 2777 1709 2820 ΙΜ
1732 2776 1800 2819 Re

170 2839 236 2935 l22b
262 2834 473 2890 ἅψεσθαι
508 2837 580 2878 IB
609 2837 613 2891 Ι
642 2835 952 2891 κτησομένους
984 2837 1148 2893 scripsi
1183 2839 1370 2880 auctore
1402 2836 1469 2880 Re
1547 2833 1860 2891 κτησαμένους

190 2908 204 2935 1
240 2893 279 2935 ri
311 2894 378 2936 Re
