1992 3094
207 127 395 172 XXXVI
742 124 1082 169 PRAEFATIO
1117 123 1353 169 GRITICA

318 284 366 329 p.
393 267 593 327 484,17
628 262 710 313 καὶ
748 264 881 313 πάνυ
920 271 1062 313 τοῦτο
1100 264 1281 329 δρῶσιν
1311 262 1391 313 ἐπὶ
1429 268 1531 323 τοῖς
1561 268 1748 323 κοινοῖς
1778 262 1897 330 ἀγα-

204 345 337 399 θοῖς.
425 339 531 404 τρία
581 336 672 404 γὰρ
724 337 879 402 αὑτὴν
927 338 1154 387 διελοῦσα
1199 336 1309 401 τέλη
1348 337 1439 402 τὴν
1491 335 1580 402 μὲν
1629 334 1897 403 ἡγεμονίαν

199 409 324 463 καθ’
362 412 562 462 ἕκαστον
600 416 703 471 τοῖς
740 410 955 478 ἀρίστοις
986 409 1284 460 ἀνατέθεικε.
1356 411 1648 460 Oroenertus
1681 411 1751 471 εἰς
1782 416 1896 461 ante

204 489 312 554 τρία
342 489 492 536 inseri
522 487 673 547 iubet,
715 490 767 534 at
807 503 902 547 quo
942 486 1047 533 iure
1087 486 1309 543 dixerit,
1313 487 1475 542 ,Dema
1506 487 1594 533 mit
1623 486 1898 546 Beispielen

204 566 294 611 wie
339 562 527 610 διεῖλον
573 557 664 626 ἐγὼ
712 559 803 608 δύο
851 559 1050 625 μερίδας
1089 561 1227 608 Dem.
1262 562 1434 616 48,12
1473 563 1517 608 et
1557 559 1765 625 διαιρεῖν
1803 559 1896 610 δύο

201 636 379 701 μοίρας
423 636 544 683 Her.
576 635 614 681 I
642 636 708 681 94.
762 634 869 693 lasst
912 635 1013 682 sich
1059 634 1136 682 die
1192 625 1557 694 Uberlieferunq
1603 634 1722 682 doch
1765 635 1898 683 nicht

204 711 412 769 halten‘ss
458 725 536 756 me
582 724 682 756 non
728 707 1012 771 intellegere
1055 707 1301 756 confiteor.
1378 708 1528 756 Ratio
1568 709 1897 771 grammatica

205 785 479 832 accusativi
508 797 709 844 prorsus
742 782 913 829 eadem
952 785 1039 830 est.
1108 781 1189 828 An
1221 781 1340 844 quid
1373 781 1666 830 Oroenertus
1698 782 1757 829 de
1788 783 1895 831 loco

205 858 426 906 Platonis
459 855 643 904 Critiae
674 873 722 917 p.
750 856 907 903 113B
939 854 1281 918 κατενείμαντο
1321 862 1416 920 γῆν
1447 863 1612 903 πᾶσαν
1650 854 1777 904 ἔνθα
1808 853 1897 919 μὲν

207 931 399 994 μείζους
439 929 611 994 λήξεις,
655 928 782 978 ἔνθα
820 925 872 977 δὲ
911 927 994 977 καὶ
1032 927 1258 988 ἐλάττους
1297 928 1461 977 dicet?
1538 930 1604 977 Et
1643 930 1776 991 apud
1814 929 1895 978 Li-

204 1006 406 1053 banium
444 1004 524 1051 hic
562 1019 678 1052 usus
719 1005 793 1051 est
832 1003 1164 1051 creberrimus.

317 1095 363 1140 p.
392 1076 557 1137 489,4
592 1079 799 1142 Περσῶν
834 1075 1073 1126 ἐπιόντων
1113 1075 1206 1125 οὐκ
1244 1074 1459 1140 ἠξίωσαν
1499 1076 1763 1142 φεύγοντες
1803 1090 1897 1125 σω-

207 1156 388 1216 θῆναι,
436 1145 540 1199 ἀλλ’
575 1149 772 1214 ἔμειναν
815 1149 1034 1215 ἐχόμενοι
1079 1157 1166 1213 τῆς
1211 1149 1445 1214 πατρίδος
1483 1147 1824 1216 ἀκριβέστερον
1863 1147 1896 1216 ἢ

207 1224 592 1288 Λακεδαιμόνιοι
645 1232 743 1273 τῶν
796 1222 1033 1273 ἀσπίδων.
1126 1224 1427 1286 Repellenda
1486 1227 1561 1273 est
1613 1227 1895 1273 coniectura

208 1300 459 1348 Groenerti
488 1296 848 1364 ἀρραγέστερον.
903 1299 1034 1346 Nam
1065 1301 1218 1363 τεῖχος
1250 1313 1366 1346 sane
1399 1298 1637 1347 Libanius
1661 1316 1708 1360 p.
1729 1299 1893 1359 507,8

204 1375 330 1422 dixit
360 1370 580 1438 ἀρραγές,
613 1373 697 1420 sed
727 1389 870 1421 nemo
904 1388 1124 1434 unquam
1163 1372 1289 1419 di-xit
1326 1370 1515 1436 ἔχονται
1546 1379 1632 1436 τῆς
1663 1372 1896 1437 πατρίδος

205 1444 566 1512 ἀρραγέστερον.
636 1446 706 1494 Α15
737 1444 1076 1512 ἀκριβέστερον
1109 1448 1294 1508 optime
1326 1448 1441 1494 usui
1471 1445 1747 1495 Libaniano
1780 1462 1894 1495 con-

205 1523 353 1569 venit.
423 1521 611 1568 Paucos
644 1521 919 1568 adscribam
951 1521 1106 1569 locos:
1144 1537 1193 1582 p.
1220 1521 1383 1583 84,16
1423 1518 1550 1568 οῧτω
1583 1519 1644 1583 δή
1686 1538 1729 1568 τι
1769 1518 1900 1588 αὐτῷ

205 1594 530 1660 προσεκείμην
576 1591 812 1659 ἀκριβῶς;
868 1597 903 1642 15.
936 1594 988 1642 H
1022 1596 1141 1655 111,
1161 1596 1193 1641 4
1245 1592 1504 1655 φυλάττων
1554 1591 1896 1664 ἀκριβέστερον

206 1666 385 1731 ἀνδρὸς
417 1666 731 1732 Σπαρτιάτου
763 1667 922 1726 τάξινς
966 1670 1127 1729 317,1
1164 1665 1291 1716 οὕτω
1328 1663 1379 1714 δὲ
1418 1665 1759 1758 ἀκριβέστερον
1797 1675 1895 1716 τῶν

205 1740 535 1805 σμικροτάτων
589 1740 829 1789 δικαστῶν
885 1739 1003 1790 ὥετο
1060 1706 1163 1790 δεῖν
1212 1744 1312 1799 τοῖς
1369 1738 1611 1804 κειμένοις
1665 1740 1743 1790 ἐπὶ
1797 1749 1895 1790 τῶν

204 1815 408 1881 κρίσεων
447 1812 683 1878 ἐμμένειν.

316 1907 362 1951 p.
390 1890 552 1949 490,1
588 1887 942 1952 προσπεσόντες
974 1885 1026 1937 δὲ
1062 1887 1115 1936 ἐν
1154 1891 1257 1946 ταῖς
1290 1883 1509 1953 [φόρων]
1543 1889 1762 1954 πορείαις
1793 1893 1895 1944 τοῖς

205 1960 386 2027 ἀγροῖς.
447 1961 632 2010 Vocem
671 1960 858 2027 φόρων,
898 1964 941 2010 51
980 1978 1177 2011 sensum
1207 1963 1512 2023 respicimus,
1553 1963 1614 2010 ab
1652 1964 1746 2011 hoc
1783 1963 1892 2011 loco

203 2037 350 2097 plane
379 2036 604 2096 alienam,
638 2052 762 2097 quae
793 2038 846 2083 in
877 2040 1018 2098 parte
1043 2036 1283 2084 librorum
1306 2036 1457 2096 deest,
1488 2038 1538 2083 in
1565 2039 1706 2098 parte
1731 2037 1894 2085 deleta

205 2112 293 2169 est,
337 2109 606 2157 cancellavi
651 2112 708 2157 ut
749 2111 927 2157 vitium
970 2110 1031 2158 ob
1075 2125 1245 2158 vocem
1292 2110 1629 2157 succedentem
1674 2111 1820 2159 facile
1863 2126 1892 2158 a

204 2183 407 2230 librario
448 2184 760 2230 commissum
799 2199 886 2230 nec
919 2186 1201 2232 correctum.
1274 2181 1566 2231 Groenertus
1597 2200 1736 2232 vero:
1775 2185 1893 2240 „Da

206 2257 334 2303 diese
365 2256 498 2316 Zuye
526 2257 703 2304 schnell
733 2259 836 2304 und
865 2258 1120 2305 stz‘irmisch
1156 2258 1440 2317 ausyefuhrt
1470 2259 1672 2315 werden,
1711 2273 1764 2306 so
1796 2261 1892 2306 ent-

204 2330 385 2389 spn‘cht
425 2344 473 2378 es
519 2330 625 2377 dem
666 2329 829 2386 Sinne,
876 2346 1014 2378 werm
1055 2346 1172 2378 ‘man
1214 2328 1268 2378 ἐν
1309 2333 1414 2388 ταῖς
1462 2338 1629 2396 φορῶς
1674 2331 1891 2397 πορείαις

205 2404 452 2451 schreibt.“
526 2403 615 2451 Est
656 2419 740 2450 cur
778 2404 932 2451 oculis
971 2404 1190 2464 diffidas,
1237 2406 1290 2451 at
1331 2405 1456 2451 nihil
1495 2405 1548 2452 in
1587 2405 1690 2454 eius
1729 2405 1890 2453 verbis

204 2478 407 2524 mutavi.

318 2567 361 2610 p.
406 2551 611 2611 500,13
668 2548 780 2598 ὅποι
830 2548 920 2615 γὰρ
972 2548 1034 2598 ἂν
1084 2548 1246 2599 ἐλθὼν
1295 2550 1483 2614 βουλὴν
1533 2550 1679 2619 εὕρῃς
1730 2550 1891 2616 λόγοις

210 2620 518 2686 ὡπλισμένην
565 2620 645 2670 καὶ
691 2623 898 2688 ῥήτορας
948 2622 1179 2686 ἀσφαλῶς
1224 2622 1571 2689 ἀγορεύοντας,
1625 2623 1657 2689 ἢ
1703 2624 1890 2684 πάντας

210 2703 306 2743 τῶν
342 2693 542 2744 ἐνθένδε
574 2696 816 2760 μουσείων
846 2695 1066 2760 ἀθλητὰς
1098 2694 1129 2761 ἢ
1161 2697 1275 2755 τούς
1313 2715 1364 2762 γε
1402 2698 1599 2756 πλείους
1631 2695 1663 2762 ἢ
1695 2698 1888 2757 πάντως

207 2786 259 2833 γε
307 2768 398 2817 οὐκ
445 2767 668 2827 ἐλάττους
714 2768 945 2833 εὑρήσεις.
1021 2771 1106 2818 Β15
1157 2772 1209 2817 111
1256 2785 1448 2819 5011511111
1502 2774 1648 2833 atque
1695 2772 1890 2820 dicendi

206 2844 447 2889 rationem
493 2842 819 2890 Libanianam
866 2845 1088 2905 peccavit
1135 2844 1431 2906 Schmidius,
1488 2861 1598 2892 cum
1652 2844 1748 2913 ὅπη
1795 2843 1886 2910 γὰρ

207 2933 298 2962 ουν
352 2913 513 2963 ἐλθὼι
567 2915 754 2979 βουλην
816 2916 977 2982 εὕροις
1034 2918 1342 2965 scribendum
1395 2920 1666 2980 proposuit.
1757 2920 1886 2966 Nam
