1992 3094
206 106 315 158 304
737 95 966 147 LIBAN'H
997 103 1222 148 ORATIO
1254 104 1355 147 XLI

205 240 614 309 ἐπαινούμενος,
685 239 904 293 ἀκούων
935 241 1038 309 γὰρ
1073 233 1214 292 εἶναι
1245 247 1410 292 τοῦτο
1443 241 1678 294 παλαιὸν
1710 239 1896 311 ἐμιμή-

205 346 354 398 σατο,
394 330 555 397 ἡνίκα
587 325 717 398 ἦρχε
748 325 850 395 μὲν
882 328 909 381 ὁ
944 329 1145 397 ἄρχων,
1181 330 1377 398 ἤρχετο
1418 325 1479 381 δὲ
1512 328 1540 381 ὁ
1575 328 1895 398 ἀρχόμενος,
1979 319 1986 340 ³

209 419 364 486 ἡνίκα
414 419 479 470 τὰ
528 419 665 470 καλὰ
714 414 817 483 μὲν
870 419 1059 486 ἤνθει,
1114 418 1178 469 τὰ
1233 418 1448 487 πονηρὰ
1500 414 1560 470 δὲ
1610 418 1894 486 ἠλαύνετο.

203 514 503 575 τοιγαροῦν
528 505 679 559 ε’στιν
704 506 850 578 αὐτῷ
876 505 1033 569 κλέος
1058 507 1287 575 ἄριστον
1319 506 1509 575 ἄρχειν
1542 499 1683 559 εἶναι
1716 515 1894 561 τοῦτο.

159 619 177 650 5
204 595 291 648 καὶ
334 597 422 649 ὅτε
459 604 681 665 πρῶτον
719 603 988 664 προσῆγε,
1035 595 1250 648 τούτων
1294 595 1442 658 τινὲς
1489 594 1748 664 ἀπήντων
1787 596 1895 663 ἅμα

201 683 310 755 ᾠδῇ
356 684 480 752 περὶ
528 684 698 736 αὐτοῦ
747 703 799 736 τι
847 684 1098 754 λεγούσῃ.
1175 680 1239 752 ἧς
1283 685 1384 752 τὴν
1431 683 1604 754 ἀρχὴν
1651 685 1895 748 εἰπόντες

201 772 678 840 ἑπεστομίσθησαν
732 770 899 825 οὐδὲν
954 775 1206 835 εἰπόντος
1269 773 1442 826 αὐτοῦ
1505 774 1728 826 δεῖσθαι
1783 793 1894 827 τοι-

202 862 370 914 ούτου
412 863 726 930 φληνάφου.

315 950 396 1003 19.
467 954 648 1003 Ταῦτα
696 947 755 1003 σὲ
804 949 934 1014 ἀξιῶ
984 953 1207 1019 ζηλοῦν,
1258 951 1478 1014 τούτοις
1523 949 1758 1004 ἕπεσθαι
1802 951 1893 1004 καὶ

139 1064 176 1095 ιο
199 1040 434 1105 μάλιστα
464 1038 582 1108 μέν,
616 1041 663 1092 εἰ
696 1033 818 1092 οἷόν
848 1058 923 1106 τε,
954 1044 1197 1108 καθῆραι
1226 1042 1326 1109 τὴν
1349 1041 1515 1093 πόλιν
1539 1047 1638 1093 τοῦ
1663 1040 1893 1109 μύσους,

201 1129 248 1180 εἰ
282 1125 341 1180 δὲ
373 1131 461 1197 μή,
502 1131 794 1196 γυμνῶσαί
820 1147 881 1196 γε
913 1136 1010 1197 τῆς
1039 1129 1324 1198 παρούσης
1355 1129 1657 1198 δυνάμεως.
1726 1137 1891 1182 τοῦτο

201 1214 248 1268 δ’
281 1215 349 1269 ἂν
388 1221 657 1286 ποιήσαις,
698 1219 746 1270 εἰ
786 1217 1005 1285 δείξαις,
1047 1218 1119 1280 ὡς
1151 1218 1385 1288 αἰσχύνῃ
1424 1227 1544 1281 ταῖς
1581 1219 1729 1289 παρὰ
1765 1220 1894 1272 τού-

198 1325 309 1357 των
348 1305 654 1374 εὐφημίαις.

318 1472 342 1510 5
375 1468 597 1525 προσῆγε]
631 1465 871 1524 ἐπλησίαζε
897 1469 941 1512 V

319 1620 343 1659 2
385 1614 630 1673 ἐρχόμενος
664 1617 699 1659 Ι
731 1616 812 1659 sed
852 1631 872 1660 ε
911 1616 962 1659 in
1001 1633 1030 1659 α
1072 1630 1172 1660 corr
1210 1616 1300 1670 m3,
1341 1616 1474 1673 Bong
1513 1616 1596 1660 sed
1635 1614 1892 1674 ἀρχόμενος
1963 1588 1966 1641 2

199 1674 304 1717 coni
448 1679 473 1718 3
505 1674 624 1718 καλὰ
655 1675 737 1730 μὲν
769 1676 956 1731 reposui
989 1689 1014 1719 e
1040 1676 1083 1719 V
1168 1675 1287 1719 καλοὶ
1316 1691 1365 1719 τε
1395 1675 1567 1732 reliqui
1597 1675 1707 1718 libri
1739 1676 1831 1719 edd
1915 1705 1919 1708 -

199 1738 225 1775 4
257 1740 392 1777 τοῦτο
425 1734 493 1777 Re
583 1734 729 1793 τούτῳ
760 1734 871 1777 libri
902 1735 1036 1792 Bong
1221 1739 1246 1778 9
1280 1749 1328 1779 σε
1360 1734 1486 1777 inser
1516 1736 1599 1779 ΑΙ
1603 1735 1620 1759 ⁸
1652 1748 1727 1779 om
1758 1735 1892 1793 Bong
1966 1753 1971 1757 ·

261 1797 314 1835 10
346 1792 559 1849 καθάραι
585 1794 629 1837 V
654 1794 736 1836 sed
769 1792 780 1807 '
811 1794 861 1836 in
897 1795 921 1807 ⁸
960 1808 1061 1838 0011·
1090 1793 1161 1837 m²
1188 1796 1193 1850 Ι
1222 1791 1384 1851 μίσους
1414 1794 1547 1851 Bong
1678 1799 1731 1838 13
1764 1793 1891 1844 τέλος

197 1859 279 1895 τοῦ
311 1852 427 1906 πρὸς
456 1851 737 1909 τιμοκράτην
769 1852 908 1910 λόγου
941 1853 1102 1897 subscr
1133 1855 1192 1909 A,
1223 1853 1341 1909 πρὸς
1369 1853 1652 1910 τιμοκράτην
1685 1854 1763 1896 ΡΙ
