1992 3094
16 0 89 83 r

609 124 951 170 PRAEFATIO
984 125 1219 170 CRITICA
1529 129 1651 173 XXX
1658 130 1757 173 XIX

81 266 269 329 πόλεις,
320 261 546 323 ἐκλυθεὶς
599 270 687 312 τοῦ
742 264 923 328 δεσμοῦ
976 266 1285 330 καταβαίνων
1332 259 1402 353 ἧν
1455 266 1508 316 ἐν
1561 274 1617 335 τῇ
1672 275 1757 317 τοῦ

81 336 316 407 βασιλέως
359 341 548 406 κεφαλῇ
595 335 678 386 καὶ
723 337 918 404 ἥρμοσε.
997 339 1271 404 Singularis
1321 329 1358 407 ᾧ
1397 343 1497 389 iam
1542 342 1758 390 librariis

83 416 134 464 et
178 414 442 463 correctori
487 412 667 460 codicis
714 411 933 460 Palatini
979 413 1235 461 offensioni
1279 415 1375 462 fuit
1421 418 1469 462 et
1506 417 1558 462 in
1597 417 1757 477 plura-

81 489 178 539 lem
217 481 292 546 οἷς
329 488 550 534 mutatus
597 489 690 546 931,
738 502 884 548 quem
930 489 1080 535 etiam
1125 487 1350 536 Reiskius
1396 488 1593 548 maluit,
1639 489 1759 536 Her-

82 561 336 611 werdenus
373 560 642 624 flagitavit,
684 562 737 607 at
776 560 1043 609 servandus
1083 563 1183 622 931,
1229 563 1460 623 quoniam
1490 562 1608 610 talis
1648 577 1758 610 con-

83 635 291 685 structio
329 631 451 682 κατὰ
489 633 688 682 σύνεσιν
726 633 935 682 Libanio
975 635 1072 682 fuit
1110 636 1406 699 gratissima,
1445 638 1503 683 ut
1540 637 1759 698 exempla

85 709 426 759 demonstrant
462 725 510 770 p.
545 708 668 769 268,
703 709 768 755 12
811 707 1006 757 Σόλωνι
1045 705 1134 771 μὲν
1165 710 1378 773 Κροῖσος
1415 707 1528 767 τοὺς
1567 712 1759 772 θησαυ-

84 781 203 850 ροὺς
247 788 344 831 τῶν
390 780 651 848 χρημάτων
696 780 966 845 ἐδείκνυεν,
1013 779 1078 840 ὡς
1124 779 1185 830 ἂν
1232 779 1378 830 οὐδὲν
1415 782 1556 830 τοῦδε
1594 799 1760 845 κεκτη-

85 854 230 922 μένος
274 855 581 922 τιμιώτερον;
628 858 663 903 t.
695 856 774 903 ΙΠ
814 857 934 916 204,
971 859 996 903 1
1049 854 1178 915 ὅστις
1223 853 1378 904 ἐθέλει
1425 862 1626 919 ποιῆσαι
1675 855 1759 920 ῥή-

84 948 251 997 τορας,
308 927 550 996 παρεχέτω
612 933 714 988 τοῖς
770 936 912 978 τοῦτο
975 927 1330 992 δυνησομένοις
1383 927 1556 978 ἑαυτὸν
1608 929 1760 993 παρά-

86 1004 270 1070 δειγμα.

195 1096 242 1141 p.
278 1079 399 1139 253,
427 1080 454 1126 7
488 1078 550 1127 ιὲν
589 1075 677 1142 μὲν
716 1073 747 1140 ἡ
781 1077 934 1141 σοφία
964 1075 1046 1125 καὶ
1076 1076 1129 1126 τὸ
1160 1075 1219 1125 τὰ
1250 1075 1555 1140 βουλεύματα
1585 1074 1763 1125 εἰδέναι

85 1159 255 1219 χειρῶν
301 1149 418 1201 όντα
464 1151 784 1217 δυνατώτερα.
860 1151 931 1199 Ut
974 1151 1153 1200 Asmus
1200 1151 1478 1210 adnotavit,
1527 1150 1762 1199 Libanius

87 1243 242 1290 aeque
273 1229 421 1288 atque
452 1229 487 1274 t.
511 1227 590 1274 HI
616 1228 737 1287 309,
767 1226 894 1274 10R
924 1226 1085 1274 locum
1116 1225 1368 1286 Euripidis
1402 1225 1458 1271 fr.
1486 1225 1606 1285 220,
1632 1225 1661 1271 3
1688 1216 1763 1271 N²

88 1299 248 1364 σοφὸν
285 1298 376 1366 γὰρ
407 1300 469 1349 ὲν
507 1299 758 1365 βούλευμα
796 1298 880 1358 τὰς
917 1297 1097 1357 πολλὰς
1136 1296 1275 1363 χέρας
1312 1302 1426 1365 νικᾷ
1463 1299 1688 1359 respexit

197 1392 244 1437 p.
279 1376 400 1436 256,
424 1377 457 1422 4
490 1372 572 1423 καὶ
604 1366 668 1438 ἧν
699 1393 771 1432 τις
803 1372 982 1437 μισθὸς
1012 1370 1090 1421 ἐπὶ
1121 1378 1177 1439 τῇ
1211 1375 1398 1438 κεφαλῇ
1430 1368 1512 1418 καὶ
1547 1367 1578 1433 ἡ
1610 1368 1763 1433 πολλὴ

89 1446 281 1512 σπουδὴ
320 1446 542 1512 κεφαλὴν
581 1452 752 1511 τεμεῖν,
832 1447 885 1495 Si
925 1447 1042 1509 quid
1080 1446 1386 1506 mutandum,
1425 1441 1455 1507 ἡ
1492 1444 1764 1503 delendum,

54 1532 187 1571 ‘non
233 1539 342 1571 cum
395 1522 548 1571 Asmo
602 1524 654 1569 in
709 1514 773 1586 ἦν
826 1521 1116 1569 mutandum
1171 1523 1310 1568 esset.
1394 1519 1463 1566 At
1519 1514 1550 1581 ἡ
1611 1516 1763 1580 πολλὴ

90 1594 282 1660 σπουδὴ
323 1590 410 1662 (39.
450 1588 538 1663 ἦν)
579 1599 654 1644 931
693 1612 771 1659 „es
809 1611 913 1644 war
951 1595 1036 1643 der
1069 1596 1237 1655 ρνόβίε
1275 1591 1461 1652 Eifer‘fl

198 1687 245 1733 p.
280 1671 497 1731 263,10
538 1670 765 1719 δείσαντα
803 1667 912 1735 περὶ
951 1675 1007 1736 τῇ
1049 1673 1186 1735 ψυχῇ
1226 1664 1307 1714 καὶ
1354 1662 1634 1729 μνησθέντα
1673 1677 1764 1712 σω-

89 1743 258 1808 τηρίας
308 1743 466 1810 ὥσπερ
513 1743 755 1808 ἐμίσησεν.
830 1744 1021 1791 Iniuria
1067 1741 1246 1789 Asmus
1293 1756 1461 1788 vocem
1508 1736 1664 1802 ὥσπερ
1715 1739 1765 1785 111

91 1820 416 1880 suspicionem
456 1821 656 1867 vocavit
694 1819 773 1867 vel
812 1820 924 1880 post
962 1832 1069 1865 eam
1102 1815 1328 1862 lacunam
1362 1815 1549 1861 statuit.
1606 1811 1766 1875 Signi-

91 1890 222 1952 ficat,
259 1894 316 1940 ut
354 1892 538 1952 crebr0,
577 1892 940 1983 quodammodo,
972 1904 1144 1950 paene

201 1982 249 2028 p.
283 1967 497 2029 264,13
538 1964 620 2014 καὶ
658 1970 759 2024 τοῖς
792 1960 1079 2028 Ἀθηναίοις
1119 1963 1281 2025 μεῖζον
1311 1959 1380 2019 εἰς
1413 1959 1578 2021 δόξαν,
1617 1952 1768 2021 οἶμαι,

0 2025 1 2047 ¹
93 2037 146 2088 τὸ
185 2033 297 2103 μεθ’
335 2033 631 2106 Ηρακλέους
678 2038 759 2087 καὶ
800 2037 969 2096 Πανὸς
1007 2037 1185 2102 πρᾶξαι
1223 2033 1279 2083 τὰ
1318 2033 1548 2098 λεγόμενα
1588 2033 1767 2094 Μαρα-

93 2115 225 2162 θῶνι
265 2110 298 2178 ἢ
347 2113 394 2163 εἰ
436 2121 535 2163 τῶν
578 2118 714 2163 θεῶν
767 2110 912 2178 χωρὶς
960 2117 1108 2158 ταῦτα
1155 2107 1462 2171 έδεὸύνηντο.
1547 2106 1662 2153 Post
1712 2102 1768 2151 τὰ

95 2185 325 2252 λεγόμενα
363 2190 657 2253 Μαραθῶνι
694 2187 970 2235 infinitivus
1012 2186 1291 2247 πεπρᾶχθαι
1330 2197 1425 2229 11011
1467 2196 1575 2228 cum
1619 2179 1768 2226 Asmo

37 2264 41 2267 ⁷
97 2261 428 2326 inserendum,
468 2263 554 2311 sed
593 2279 651 2310 ex
692 2260 999 2309 antecedenti
1037 2256 1215 2321 πρᾶξαι
1253 2259 1414 2303 11191119
1452 2252 1767 2316 repetendum

16 2336 31 2358 ³
97 2336 182 2384 est.
256 2335 517 2385 Eiusmodi
562 2336 641 2384 vel
688 2337 839 2383 etiam
886 2334 1137 2397 graviores
1187 2330 1381 2392 ellipses
1427 2327 1664 2375 Libanius
1719 2326 1766 2371 in

36 2479 38 2482 y
97 2406 286 2457 deliciis
323 2409 511 2458 habuit.

204 2498 252 2543 p.
287 2484 501 2544 264,18
541 2487 643 2542 τοῖς
682 2480 770 2546 μὲν
808 2479 866 2529 τὰ
905 2483 1078 2543 σημεῖα
1118 2475 1376 2542 φέρουσιν,
1423 2473 1556 2531 ὅπως
1599 2471 1771 2520 εἰδεῖεν

97 2559 259 2620 τηρεῖν
296 2554 387 2620 τὴν
424 2556 577 2621 τάξιν,
618 2557 763 2620 δίκην
801 2552 1012 2616 ἐπέθηκε
1053 2553 1167 2611 ζῶσι
1196 2550 1249 2599 τὸ
1282 2549 1347 2613 μὴ
1381 2546 1461 2596 καὶ
1492 2544 1769 2594 ἀποκτεῖναι

27 2631 45 2685 s.
98 2633 156 2696 τῇ
201 2628 316 2698 νίκῃ
363 2629 495 2689 δούς.
575 2631 783 2679 Sensum
839 2627 1035 2691 quidem
1086 2625 1314 2672 Reiskius
1368 2621 1615 2684 perspexit
1669 2632 1770 2665 esse

98 2700 248 2764 hunc,
292 2706 350 2751 ut
393 2706 448 2752 in
486 2706 613 2753 vivis
653 2719 735 2752 eos
775 2716 1026 2764 superesse
1066 2700 1268 2757 sineret,
1318 2696 1490 2744 mortis
1529 2692 1769 2754 supplicio

40 2775 45 2779 ⁴
98 2773 232 2823 haud
279 2778 536 2839 multaret,
588 2780 642 2826 at
686 2794 804 2824 num
851 2775 913 2822 ad
960 2789 1071 2820 eum
1117 2768 1484 2833 exprimendum
1530 2765 1634 2813 sola
1680 2779 1768 2810 vox

20 2867 45 2898 1,·
102 2847 216 2907 ζῶσι
246 2850 476 2912 sufficiat,
515 2853 666 2900 etiam
696 2865 825 2898 nunc
858 2848 1043 2896 dubito.
1100 2844 1241 2892 Certe
1273 2844 1409 2891 locus
1440 2858 1485 2903 p.
1514 2840 1632 2895 262,
1652 2839 1681 2883 4
1701 2852 1768 2897 sq

20 2916 22 2923 '
39 2919 49 2945 1

21 2983 57 3094 Ξ

26 2942 49 2991 ³:
101 2937 246 2984 quem
275 2923 531 2973 Polakius·
548 2925 723 2973 attulit
757 2923 820 2971 ad
858 2923 983 2969 hanc
1015 2935 1117 2967 rem
1149 2916 1451 2980 probandam
1485 2912 1606 2960 nihil
1638 2911 1769 2957 sac-it.

189 3011 384 3046 Lmums
408 3014 466 3047 e.d
489 3015 724 3047 Foster.
771 3013 843 3045 111.
1480 2994 1507 3036 d
