1992 3094
527 133 755 178 LIBANII
788 133 1012 178 ORATIO
1043 134 1162 178 PRO
1195 134 1452 180 TEMPLIS
1767 139 1838 190 95

153 274 262 340 βῶς
301 271 389 323 καὶ
428 271 500 338 μὴ
540 272 915 338 θορυβεῖσθαι
955 278 1070 332 ταῖς
1110 270 1215 324 ἀπὸ
1255 280 1366 323 τῶν
1400 271 1654 340 πολέμων
1694 272 1838 326 ἐλπί-

154 375 261 427 σιν,
301 357 417 412 ἀλλ’
451 354 511 411 εὖ
552 357 759 411 εἰδέναι
798 358 1030 426 πάντας,
1077 359 1159 411 ὅτι
1199 358 1304 412 κᾶν
1343 358 1466 430 ἐπίῃ
1506 381 1609 427 τις,
1654 363 1839 430 λαβών

153 468 204 501 τι
254 448 424 501 κακὸν
476 450 688 516 μᾶλλον
735 446 766 515 ἢ
814 448 1061 515 λυπήσας
1107 449 1348 512 ἄπεισινς
1405 450 1538 502 ὅταν
1585 445 1688 503 οὖν
1736 458 1836 503 σοῦ

153 539 281 600 τοὺς
318 534 527 599 ἔξωθεν
565 538 862 602 πολεμίους
902 535 1256 605 ἄνείργοντος
1288 546 1399 589 τῶν
1429 537 1537 590 ὑπό
1571 550 1659 591 σοι
1691 558 1838 601 τινες

152 625 245 679 ἐπί
278 645 431 688 τινας
468 634 580 678 τῶν
617 624 726 677 ὑπό
768 639 857 678 σοι
898 624 1175 694 φέρωνται
1213 634 1325 678 τῶν
1364 636 1568 679 κοινῶν
1609 626 1838 695 ἀγαθῶν
1883 651 1904 681 5

153 714 252 767 οὐκ
300 713 493 776 ἐῶντες
538 712 800 782 μετέχειν,
855 722 970 776 πῶς
1016 714 1083 766 οὐ
1131 715 1231 782 τὴν
1279 715 1383 782 σὴν
1429 716 1702 783 πρόνοιαν
1747 717 1835 768 καὶ

151 804 452 871 φροντίδας
496 803 587 855 καὶ
633 803 844 864 πόνους
886 801 1195 869 ἀδικοῦσιν,
1243 799 1285 855 ὦ
1326 806 1577 870 βασιλεῦ;
1623 814 1737 867 πῶς
1776 802 1836 857 δὲ

152 892 252 944 οὐκ
293 891 352 944 ἐν
391 884 475 954 οἷς
511 891 815 960 πράττουσι
856 892 946 944 καὶ
986 900 1050 962 τῇ
1092 900 1159 962 σνῇ
1199 893 1388 962 γνώμῃ
1427 897 1750 959 πολεμοῦσι;

264 980 345 1032 15.
397 982 944 1050 Παραβαίνοντας
991 981 1108 1049 γάρ
1150 996 1285 1050 φησι
1324 982 1439 1034 τὸν
1478 982 1595 1034 οὐκ
1636 981 1836 1035 ἐῶντα

150 1070 343 1122 θύειν
381 1071 590 1138 νόμον
629 1070 731 1124 καὶ
778 1070 1070 1132 θύοντας
1117 1068 1627 1139 ἐτιμωρούμεθα.
1703 1072 1835 1132 ψεύ-
1862 1093 1903 1124 ιο

151 1159 366 1226 δονται,
413 1166 583 1211 ταῦτα
623 1158 755 1211 ὅταν
796 1157 1047 1226 λέγωσιν,
1101 1155 1141 1211 ὦ
1181 1161 1425 1226 βασιλεῦ.
1503 1160 1685 1222 οὐδεὶς
1732 1160 1834 1229 γὰρ

150 1247 292 1300 οὕτω
333 1249 549 1316 θρασὺς
587 1248 801 1300 τούτων
840 1249 908 1316 δὴ
947 1258 1058 1300 τῶν
1096 1255 1191 1316 τῆς
1223 1247 1426 1317 ἀγορᾶς
1464 1247 1723 1317 ἀπείρων,
1762 1249 1836 1311 ὡς

150 1336 340 1399 ἀξιοῦν
381 1333 523 1390 εἶναι
568 1337 904 1407 κυριώτερος
943 1339 1137 1405 νόμου,
1184 1338 1358 1406 νόμον
1405 1337 1466 1390 δὲ
1513 1338 1646 1390 ὅταν
1684 1342 1834 1403 εἴπω,

149 1427 245 1477 τὸν
284 1427 571 1478 τεθεικότα
616 1425 770 1493 λέγω.
845 1426 1118 1488 πιστεύεις
1158 1421 1278 1494 οὖν,
1334 1426 1407 1488 ὡς
1454 1427 1505 1479 οἱ
1551 1426 1690 1494 μηδὲ
1735 1427 1835 1494 τὴν
1862 1448 1901 1479 14

148 1521 247 1566 τοῦ
284 1514 591 1584 πράκτορος
648 1515 653 1581 Ι
711 1515 961 1584 χλαμύδα
1007 1513 1271 1584 φέροντες
1317 1510 1471 1567 οὗτοι
1517 1517 1671 1582 βασι-
1719 1526 1923 1570 RH173

149 1605 295 1665 λείας
334 1602 404 1655 ἂν
441 1605 848 1672 κατεφρόνουν;
888 1604 1043 1656 ταυτὶ
1084 1601 1145 1656 δὲ
1183 1605 1250 1655 τὰ
1287 1605 1434 1673 παρὰ
1472 1604 1684 1656 τούτων
1722 1601 1833 1656 ἑλέ-

148 1711 272 1759 γετο
326 1688 429 1760 μὲν
475 1693 562 1745 καὶ
609 1693 757 1763 παρὰ
799 1695 1095 1765 Φλαβιανῷ
1134 1692 1421 1760 πολλάκις,
1477 1691 1717 1761 ἠλέγχθη
1773 1689 1834 1744 δὲ

149 1779 512 1834 οὐδεπώποτε.
590 1781 721 1834 οὐδὲ
771 1781 776 1849 Ι
828 1782 933 1852 γὰρ
973 1789 1096 1835 νῦν.
1177 1782 1260 1833 16.
1301 1782 1425 1834 ἰδοὺ
1466 1782 1569 1849 γὰρ
1611 1781 1678 1848 δὴ
1718 1792 1921 1837 R11174

148 1874 530 1938 προκαλοῦμαι
583 1872 714 1933 τοὺς
768 1871 1072 1938 κηδεμόνας
1125 1871 1288 1923 τοῦδε
1342 1877 1440 1922 τοῦ
1497 1871 1690 1938 νόμου·
1752 1873 1834 1931 τίς

149 1953 263 2010 εἶδέ
291 1978 442 2021 τινας
472 1959 685 2012 τούτων
716 1968 828 2011 τῶν
860 1958 1181 2012 ἀναστάτων
1211 1957 1309 2027 ὑφ’
1332 1958 1489 2025 ὑμῶν
1519 1957 1833 2026 γενομένων
1858 1980 1901 2012 20

149 2049 448 2110 τεθυκότας
495 2046 585 2100 ἐπὶ
632 2057 743 2101 τῶν
789 2051 1007 2116 βωμῶν,
1063 2048 1135 2110 ὡς
1182 2046 1210 2099 ὁ
1251 2049 1418 2116 νόμος
1463 2047 1565 2099 οὐκ
1611 2045 1702 2117 ἐᾷς
1752 2048 1833 2108 τίς

147 2134 295 2203 νέος,
334 2137 414 2198 τίς
452 2137 784 2205 πρεσβύτης,
825 2138 906 2199 τίς
946 2136 1102 2205 ἀνήρ,
1142 2138 1222 2198 τίς
1262 2138 1428 2203 γυνή,
1467 2137 1548 2197 τίς
1585 2145 1696 2188 τῶν
1733 2136 1831 2188 τὸν

268 2285 319 2324 17
355 2280 412 2325 ef.
436 2284 469 2326 fi.
488 2281 529 2325 H
554 2285 654 2336 398,
675 2287 695 2324 1

267 2419 292 2457 2
324 2414 502 2466 πάντας
534 2429 609 2459 om
635 2417 678 2459 B
708 2420 711 2468 Ι
740 2412 809 2466 τίς
835 2416 878 2459 V
992 2420 1016 2457 3
1051 2422 1133 2458 σοῦ
1158 2416 1204 2459 Ρ
1233 2414 1313 2458 sed
1338 2418 1355 2426 ⁴
1383 2414 1477 2457 add
1501 2414 1569 2457 m⁸
1688 2419 1714 2457 4
1746 2429 1830 2456 πο-

148 2470 329 2528 λεμίους
360 2473 525 2530 scripsi
600 2473 827 2531 πολέμους
858 2473 966 2517 libri
992 2474 1082 2516 edd
1111 2476 1116 2530 Ι
1142 2480 1233 2517 τῶν
1265 2471 1356 2516 Got
1388 2474 1469 2516 sed
1500 2480 1597 2524 πῶς
1627 2473 1673 2515 in
1700 2486 1832 2529 marg

207 2534 234 2574 8
274 2532 555 2587 πράττουσιν
586 2535 631 2578 Α
657 2532 747 2577 Got
796 2537 801 2589 Ι
854 2533 926 2576 σοὶ
966 2533 1073 2576 ante
1113 2533 1194 2576 καὶ
1225 2532 1350 2575 inser
1381 2531 1525 2576 Cobet
1555 2530 1769 2575 Coll.12‹;

151 2594 205 2633 14
235 2590 317 2634 τὸν
348 2591 593 2636 τεθεικότα
626 2591 730 2644 Got,
771 2592 852 2635 sed.
882 2591 965 2635 τὸν
997 2592 1062 2642 εἰς
1091 2590 1324 2636 τεθυκότα
1369 2591 1416 2634 in
1448 2604 1582 2646 marg
1630 2591 1636 2647 Ι
1685 2590 1746 2646 μὴ
1778 2588 1830 2634 δὲ

149 2649 330 2694 PIBM
339 2651 382 2695 V
509 2654 562 2695 15
594 2651 831 2710 χλαμύδας
863 2650 955 2694 Got
987 2651 1066 2694 sed
1098 2668 1152 2708 γρ
1177 2650 1388 2709 χλαμύδα
1420 2649 1468 2693 in
1493 2663 1625 2706 marg
1656 2651 1704 2692 et
1734 2651 1827 2693 not.

149 2721 194 2763 p.
219 2711 275 2751 50
427 2715 481 2754 16
511 2709 569 2753 τὰ
601 2709 878 2754 cancellavit:
910 2708 1054 2754 Cobet
1077 2709 1106 2752 l.
1126 2709 1154 2752 1.
1318 2714 1368 2752 17
1403 2711 1647 2765 φλαυιανῷ
1679 2706 1770 2751 Got

152 2769 205 2809 18
237 2767 346 2813 οὐδὲ
369 2769 551 2813 πώποτε
567 2770 795 2813 ΑΡΙΒΜ
819 2768 910 2812 Got
1033 2773 1084 2812 19
1116 2771 1466 2823 προσκαλοῦμαι
1492 2768 1534 2811 V
1647 2771 1703 2810 20
1735 2762 1829 2810 εἶδε

150 2825 313 2881 scripsi
345 2841 450 2871 cum
475 2828 536 2871 M
594 2824 693 2871 οἶδε
724 2827 893 2882 reliqui
924 2827 1033 2871 libri
1066 2827 1156 2870 edd
1184 2830 1189 2883 Ι
1217 2826 1517 2870 ἀναστάντων
1545 2826 1583 2870 C
1609 2826 1690 2869 sed
1716 2842 1741 2868 ν
1766 2827 1828 2881 (2)

150 2895 250 2926 eras
275 2887 287 2957 Ι
310 2883 394 2941 ὑφ’
423 2888 470 2930 Ρ
498 2887 579 2930 sed
599 2884 610 2900 ³
642 2900 696 2930 ex
718 2884 730 2900 '
760 2901 861 2930 corr
885 2889 932 2930 et
956 2903 984 2929 v
1008 2886 1055 2928 in
1081 2900 1155 2929 ras
1172 2887 1253 2939 mf’,
1287 2887 1321 2929 I
1339 2885 1419 2928 sed
1445 2885 1471 2928 ὑ
1505 2898 1559 2927 ex
1585 2885 1606 2928 ἐ
1637 2897 1738 2927 corr
1760 2884 1831 2926 m³

210 2942 267 2998 ἐφ
319 2945 464 2990 OAM
473 2946 514 2990 V
