1992 3094
191 113 317 156 XXII
728 107 1069 152 PRAEFATIO
1103 106 1342 152 CRITICA

194 251 403 299 inimicis
435 250 692 298 moechum
724 248 1080 310 deprehensum
1120 263 1149 294 a
1187 248 1368 294 marito
1410 247 1629 294 mulieris
1668 245 1895 294 membro·

194 328 443 388 privatum
490 340 615 384 esse,
660 326 713 370 at
758 320 842 370 τὸν
890 328 975 384 τῆς
1015 327 1186 384 μοιχῆς
1229 317 1387 385 ἄνδρα
1432 321 1512 368 vel
1559 320 1719 368 simile
1768 319 1884 381 quid

192 402 305 462 post
345 392 413 446 ὧν
453 395 505 446 ἕν
543 415 588 445 τι
627 394 708 444 καὶ
747 395 799 444 τὸ
840 395 1074 442 excidisse
1109 395 1353 443 coniciens
1393 411 1493 442 non
1532 410 1675 442 omne
1714 393 1888 442 tulisse

193 475 430 536 punctum
476 471 686 519 videtur.
780 469 1063 530 Simplicius
1112 465 1196 516 τὸν
1244 465 1402 532 ἄνδρα
1448 470 1564 530 post
1617 465 1674 515 τὰ
1728 466 1889 515 πάντα

194 548 378 594 inseres
418 546 496 593 vel
536 561 560 593 e
599 542 657 592 τὰ
695 543 854 591 πάντα
893 542 1087 590 efficies,

305 637 350 681 p.
389 621 555 679 154‚3
606 615 809 682 δηχθεὶς
857 613 908 664 δὲ
959 614 1106 673 αὐτὸς
1151 613 1242 678 τὴν
1293 613 1465 679 ψυχὴν
1515 609 1628 663 οἶδα
1678 611 1759 662 καὶ
1810 611 1890 662 ἐπὶ

196 692 383 760 μεγάλῳ
422 699 562 740 τοῦτο
602 691 795 739 παθών.
872 690 1230 737 Herwerdenus
1269 691 1400 737 recte
1442 695 1607 749 τοῦτο,
1653 704 1743 750 pro
1793 704 1889 750 quo

194 765 339 815 ταύτὸ
379 766 629 826 Reiskius‚
669 771 872 813 τοσοῦτο
913 780 1002 826 ego
1047 764 1247 823 conieci,
1286 765 1467 824 tuetur,
1508 763 1591 811 sed
1630 778 1886 825 perperam

196 841 258 889 ad
298 840 552 902 sequentia
590 839 755 887 refert.
823 844 966 886 τοῦτο
997 834 1181 885 παθὼν
1220 839 1412 898 spectat
1450 838 1617 899 potius
1657 836 1722 884 ad
1753 838 1888 884 ante-

196 915 368 962 cedens
415 911 617 978 δηχθεὶς
662 911 752 975 τὴν
799 910 991 976 ψυχὴνε
1048 914 1097 958 et
1149 912 1242 959 hoc
1290 910 1457 969 πάθος
1505 905 1594 977 (sc.
1639 910 1890 974 δηχθῆναι

195 988 285 1051 τὴν
339 981 532 1052 ψυχὴν)
589 989 696 1034 erat
749 983 827 1034 ἐπὶ
878 984 1082 1054 μεγάλῳ.
1167 984 1307 1032 Unde
1363 985 1510 1033 simul
1564 987 1704 1046 patet
1758 985 1890 1032 male

196 1062 578 1109 Herwerdenum
619 1058 683 1118 ὣς
722 1076 810 1121 pro
851 1057 932 1106 καὶ
970 1060 1299 1121 proposuisse.
1956 1051 1959 1054 ¹

308 1153 353 1197 p.
392 1136 559 1199 158‚3
602 1132 627 1182 ὁ
667 1131 719 1182 δὲ
759 1132 824 1191 ὡς
863 1132 1054 1196 ἐνίκησε
1095 1132 1278 1195 ταύτην
1318 1131 1408 1195 τὴν
1448 1132 1612 1196 νίκην,
1652 1131 1890 1197 ἕγάννυτο

198 1206 223 1256 ὅ
271 1209 605 1272 κακοδαίμων,
658 1206 717 1256 οὐ
769 1207 867 1271 μὴν
913 1205 995 1269 ἐμέ
1044 1224 1096 1271 γε
1148 1206 1323 1270 ἴσχυσε.
1401 1207 1592 1254 Iniuria
1641 1204 1764 1255 ἑλεῖν
1810 1206 1892 1254 vel

198 1281 386 1331 ἀνελεῖν
426 1285 540 1330 ante
580 1282 741 1346 ἴσχυσε
782 1281 1016 1329 excidisse
1056 1281 1264 1328 coniecit
1302 1280 1676 1328 Herwerdenus.
1746 1287 1892 1327 νικᾶν

199 1374 255 1404 ex
297 1358 605 1404 antecedenti
635 1355 826 1418 ἐνίκησε
858 1358 1022 1402 mente
1061 1354 1382 1417 repetendum
1420 1370 1620 1416 prorsus
1661 1355 1892 1402 convenit

197 1432 309 1478 usui
363 1431 649 1478 Libaniano.
733 1430 904 1490 Neque
958 1431 1012 1475 in
1067 1428 1383 1490 sequentibus
1438 1427 1636 1492 ῥάπτων
1691 1430 1740 1476 et
1793 1425 1893 1476 ἕλοι

198 1505 358 1551 ullum
396 1507 470 1552 est
509 1503 828 1552 obstaculum.

310 1595 356 1639 p.
401 1579 518 1638 158,
541 1580 607 1625 14
659 1576 765 1639 ἥτις
814 1573 844 1639 ἡ
898 1574 1018 1640 ἀρχὴ
1071 1580 1136 1643 τῷ
1187 1582 1362 1624 τοῦτον
1414 1573 1634 1640 ἀχθῆναι
1686 1573 1890 1640 γένοιτο.

203 1652 371 1699 Placet
409 1652 538 1712 quod
577 1651 933 1699 Herwerdenus
971 1652 1231 1712 proposuit
1269 1649 1575 1713 εἰσαχθῆναι.

311 1742 356 1786 p.
401 1727 605 1784 160‚12
659 1724 806 1789 λόγου
859 1721 910 1772 δὲ
960 1722 1012 1772 ἐν
1064 1730 1236 1786 σοφῶν
1287 1723 1575 1782 συνουσίαις
1625 1721 1717 1772 οὐκ
1767 1720 1890 1771 ἀπο-

201 1805 395 1861 ροῦντα.
467 1797 538 1845 Cf.
573 1815 644 1860 ep.
673 1800 740 1845 33
775 1801 824 1845 et
855 1798 986 1859 quod
1017 1797 1374 1846 Herwerdenus
1409 1798 1616 1845 adnotat
1646 1798 1890 1861 fragmen-

200 1875 306 1919 tum
346 1872 511 1919 Aiacis
551 1872 696 1921 Locri
735 1871 995 1934 Sophoclei
1039 1874 1104 1919 13
1123 1865 1206 1918 N2.

311 1963 358 2008 p.
396 1947 562 2004 162‚6
612 1943 726 2003 τοὺς
765 1942 816 1992 δὲ
860 1943 951 1994 οὐκ
989 1944 1201 2009 ἐρῶντας
1241 1942 1356 1993 οὐὸὲ
1396 1943 1702 1993 ἐπίστασθαι.
1778 1945 1893 1992 Non

202 2035 323 2081 opus
365 2034 465 2066 esse
504 2021 785 2067 coniectura
824 2017 1055 2081 ἐφίεσθαι
1093 2021 1225 2067 recte
1263 2019 1391 2067 vidit
1428 2019 1802 2067 Herwerdenus.

313 2110 359 2154 p.
397 2093 563 2153 168,2
612 2092 680 2150 εἰς
718 2090 894 2157 ἀγρόν,
938 2091 990 2141 ἐν
1029 2081 1066 2160 ᾧ
1108 2091 1272 2156 καῦμά
1311 2111 1358 2140 τε
1398 2091 1457 2140 οὐ
1499 2090 1718 2156 φορητὸν
1758 2091 1892 2156 ὕδωρ

203 2183 250 2214 τε
298 2164 519 2228 πονηρὸν
567 2163 796 2224 συλλέξαν
843 2166 1005 2215 νόσον.
1084 2165 1223 2222 Quod
1269 2182 1360 2229 ego
1401 2168 1588 2214 conieci
1633 2163 1894 2224 συνέλεξαν

203 2239 254 2286 in
303 2242 489 2286 textum
536 2240 869 2301 recipiendum
916 2255 1018 2288 esse
1064 2240 1424 2288 Herwerdenus
1472 2243 1520 2288 et
1573 2239 1892 2288 Schenkelius

204 2314 516 2360 consentiunt
553 2314 673 2373 iure,
712 2316 769 2360 ut
806 2329 936 2360 nunc
974 2313 1095 2360 mihi
1135 2314 1342 2361 videtur.

315 2402 361 2446 p.
399 2387 603 2445 170‚18
652 2384 732 2434 καὶ
778 2394 918 2434 τοῦτο
967 2383 1054 2449 μὲν
1101 2385 1210 2435 ἀντὶ
1257 2394 1354 2435 τῶν
1401 2387 1469 2445 εἰς
1516 2385 1600 2435 τὸν
1647 2385 1766 2449 ἐμὸν
1805 2383 1894 2449 μὲν

205 2457 417 2517 ἀνεψιὸν
448 2457 622 2507 ἕνεκεν.
698 2459 924 2507 Reiskius
959 2466 1045 2507 aut
1076 2458 1184 2508 ἀντὶ
1217 2463 1303 2508 aut
1333 2458 1496 2509 ἕνεκεν
1529 2461 1686 2508 delere
1718 2460 1892 2519 voluit,

207 2530 368 2580 ἕνεκεν
415 2549 503 2596 ego
552 2533 845 2580 assentiente
893 2534 1241 2594 Herwerdeno,
1290 2535 1377 2595 qui
1422 2533 1685 2582 Libanium
1734 2534 1893 2582 forma

207 2603 369 2653 ἕνεκεν
409 2606 675 2667 abstinere,
717 2607 877 2653 minus
918 2610 1046 2654 recte
1086 2609 1243 2656 forma
1282 2607 1464 2668 εἵνεκα,
1512 2624 1713 2669 perraro
1753 2604 1892 2655 ἕνεκα

207 2681 282 2726 uti
329 2679 599 2726 adnotavit.
675 2680 804 2726 Nam
855 2682 1001 2727 etiam
1050 2678 1190 2729 ἕνεκα
1236 2681 1403 2729 crebro
1451 2682 1583 2743 apud
1629 2681 1894 2728 Libanium

209 2753 442 2811 occurrit,
505 2755 651 2814 atque
712 2753 784 2800 ita
845 2756 901 2800 ut
953 2755 1242 2816 plerumque
1296 2755 1485 2802 nomini
1539 2757 1893 2815 anteponatur3

209 2824 367 2872 εἵνεκα
418 2825 547 2887 quod
599 2829 671 2873 est
723 2827 1174 2887 frequentissimum
1229 2831 1512 2876 constanter
1564 2829 1893 2890 postponitur.

211 2898 280 2946 Ut
318 2901 482 2945 tamen
522 2896 684 2946 ἕνεκεν
715 2915 812 2946 non
852 2916 876 2946 e
915 2903 1052 2947 textu
1087 2917 1402 2961 removerem,
1440 2902 1553 2948 inde
1593 2902 1781 2948 factum
1821 2901 1894 2948 est
