1992 3094
225 105 365 150 LXIV
764 102 1102 146 PRAEFATIO
1137 102 1374 146 GR-ITICA

334 262 380 306 p.
417 246 584 304 550‚7
627 242 783 291 καίτοι
830 241 1025 299 δούλοις
1063 259 1115 306 γε
1162 237 1409 306 ἡμετέροις
1455 239 1513 288 τὰ
1551 238 1772 289 ἀδύνατα
1811 248 1906 290 τῶν

226 317 378 383 ἔργων
424 315 522 381 ἤδη
568 315 676 365 τινὰ
715 316 1006 382 παραίτησιν
1044 313 1271 380 ἤνεγκεν,
1318 313 1424 363 ἔστι
1455 311 1507 362 δὲ
1546 309 1621 372 οἷς
1659 312 1777 378 <καὶ
1813 311 1907 379 τὰ>

225 390 443 440 ἀδύνατα
483 388 570 454 μὲν
611 387 687 454 οὔ,
727 390 852 454 μάλα
892 386 943 437 δὲ
982 387 1186 454 ἐργώδη.
1255 389 1448 436 Inserui
1481 386 1668 451 καὶτὰ,
1708 392 1756 437 et
1788 391 1905 437 arti-

227 466 388 513 culum
442 463 499 512 τά
552 466 878 513 necessarium
937 478 1039 511 esse
1103 463 1325 510 concedit
1385 462 1765 524 Herwerdenus,
1825 460 1908 510 καὶ

226 542 386 602 negat.
465 538 559 586 Sed
608 538 759 587 verba
808 536 864 585 τὰ
911 535 1129 585 ἀδύνατα
1177 533 1264 599 μὲν
1311 533 1395 600 οὔ,
1447 535 1574 599 μάλα
1621 533 1673 584 δὲ
1719 534 1906 601 ἐργώδη

228 613 566 675 gradationem
605 614 872 670 continent,
911 613 1078 672 itaque
1118 608 1199 658 καὶ
1237 612 1567 658 necessarium
1605 611 1813 659 videtur.

336 703 381 748 p.
425 687 596 746 552,4
651 683 732 732 καὶ
782 685 1098 748 τεκμαίρομαι
1147 687 1248 742 τοῖς
1297 684 1571 747 νοσήμασιν
1622 682 1700 732 ἐπὶ
1749 683 1908 732 πάντα

227 757 500 824 ἐρχομένοις
532 759 741 822 σώματα.
812 759 1091 806 Articulum
1121 756 1179 805 τὰ
1211 762 1325 806 ante
1361 757 1558 821 σώματα
1596 758 1908 807 inserendum

228 848 329 880 esse
381 834 650 881 arbitratur
695 833 1074 892 Herwerdenus,
1123 833 1328 894 frustra,
1378 835 1436 880 ut
1485 833 1709 895 exempla
1760 848 1909 894 supra

227 924 272 969 p.
297 906 550 954 XXXXVI
590 907 652 954 ad
691 924 736 967 p.
766 908 963 967 171,16
1007 908 1240 969 congesta
1280 907 1629 954 demonstrant.

338 998 384 1041 p.
413 982 573 1041 557,7
609 978 956 1043 κυκλουμένων
997 978 1056 1042 δὴ
1096 978 1181 1027 τὸν
1213 978 1340 1044 ἱερέα
1379 987 1476 1028 τῶν
1508 978 1748 1043 οἰομένων
1779 997 1908 1028 κεκι-

229 1058 413 1117 νῆσθαι
458 1052 516 1101 τὰ
561 1052 670 1118 περὶ
716 1052 768 1102 τὸ
808 1058 951 1102 θεῖον
998 1053 1182 1116 νόμιμα
1221 1053 1542 1118 χαλεπώτεραι
1580 1053 1810 1117 κυμάτων
1860 1053 1916 1101 αἷ

228 1134 313 1175 τοῦ
370 1125 511 1191 ὄχλου
562 1128 842 1191 προσβολαί.
929 1129 1078 1175 Errat
1132 1128 1490 1175 Herwerdenus
1542 1128 1598 1175 αἱ
1642 1125 1911 1192 προσβολαὶ

229 1202 483 1248 cohaerere
524 1218 633 1249 cum
671 1229 743 1234 —
783 1202 859 1250 vel
899 1205 955 1249 ut
995 1201 1066 1249 ait
1105 1202 1315 1264 pendere
1353 1218 1381 1250 a
1419 1228 1493 1235 —
1532 1204 1775 1264 genetivis
1814 1208 1911 1249 τῶν

229 1273 465 1338 οἰομένων
518 1279 809 1338 κεκινῆσθαι
863 1273 919 1323 τὰ
972 1273 1080 1340 περὶ
1135 1274 1187 1325 τὸ
1239 1279 1381 1324 θεῖον
1438 1275 1621 1339 νόμιμα
1675 1279 1910 1324 statuens.

230 1347 489 1396 Structura·
518 1351 736 1412 genetivi
774 1350 990 1398 absoluti
1025 1350 1334 1415 agnoscenda
1375 1353 1448 1397 cst
1478 1349 1532 1396 in
1562 1347 1911 1413 κυκλουμένων

229 1420 311 1470 τὸν
344 1420 468 1486 ἱερέα
499 1430 596 1471 τῶν
628 1421 866 1486 οἰομένων
897 1426 993 1471 κτλ.
1055 1424 1196 1471 Nihil
1225 1425 1382 1487 igitur
1412 1427 1500 1485 est,
1533 1439 1618 1471 cur
1648 1430 1734 1471 τοῦ
1768 1421 1911 1488 ὄχλου

227 1499 282 1543 ut
322 1496 451 1557 quod
490 1499 555 1544 sit
594 1497 896 1560 glossatoris,
935 1513 1046 1544 cum
1085 1514 1140 1545 eo
1181 1497 1415 1545 deleatur.

338 1586 383 1631 p.
419 1571 623 1631 557,12
674 1565 775 1618 ἀλλ’
821 1569 912 1635 ἐγὼ
961 1567 1049 1634 μὲν
1096 1570 1247 1620 αὐτὸν
1293 1570 1570 1635 ἐβουλόμην
1615 1568 1748 1635 <ἂν>
1785 1565 1912 1620 εἶναι

228 1641 501 1707 ἐλεύθερον.
578 1643 717 1699 Quod
755 1646 941 1692 inserui
978 1642 1054 1705 ἂν,
1095 1646 1262 1694 abesse
1302 1661 1458 1708 posse,
1497 1649 1555 1693 ut
1594 1646 1731 1693 abest
1768 1649 1804 1694 t.
1835 1645 1912 1693 III

230 1718 453 1777 407,11,
491 1717 820 1766 Herwerdeno
861 1719 1083 1767 concedo.

338 1807 384 1851 p.
413 1791 574 1853 559,6
610 1790 845 1854 σοφιστὴς
876 1790 966 1857 γὰρ
999 1790 1126 1857 ἀνὴρ
1159 1793 1386 1855 Σίσυφος
1417 1790 1626 1857 ἀτεχνῶς
1666 1790 1690 1841 ὅ
1717 1786 1910 1862 Ὁμήρῳ

229 1861 337 1927 περὶ
383 1862 466 1911 τὸν
513 1864 658 1912 λίθον
706 1869 922 1929 μοχθῶν.
999 1866 1355 1915 Herwerdenus
1403 1862 1518 1932 παρ’
1563 1871 1678 1915 ante
1718 1861 1911 1934 Ὁμήρῳ

229 1938 539 1984 inserendum
577 1938 730 1999 duxit,
770 1943 822 1987 at
862 1940 991 1987 idem
1030 1944 1104 1989 est
1143 1956 1261 1988 usus
1294 1941 1454 1989 dativi
1493 1941 1624 2002 apud
1655 1941 1913 1989 Platonem

230 2010 347 2071 Rep.
373 2011 447 2057 ΙΙΙ
474 2013 627 2059 389Ε
663 2006 743 2060 οἷα
773 2011 855 2060 καὶ
877 2009 1073 2082 Ὁμήρῳ
1104 2014 1363 2078 Διομήδης
1394 2012 1531 2079 λέγει.
1595 2014 1692 2080 (Of.
1710 2016 1911 2076 Burnet,

230 2084 330 2131 The
373 2083 607 2132 Classical
646 2086 843 2135 Review
882 2087 997 2134 XIX
1025 2081 1169 2154 296.)

339 2174 386 2218 p.
414 2159 571 2219 564,1
613 2153 686 2217 οἷς
719 2158 780 2223 δὴ
814 2159 1118 2224 ξυμβέβηκεν
1151 2161 1242 2210 οὐκ
1273 2159 1436 2226 ἄρχειν
1468 2158 1721 2226 <μᾶλλον>
1753 2159 1913 2210 ἄλλων

230 2226 263 2293 ἢ
318 2237 458 2279 τοῦτο
513 2231 725 2296 πάσχειν.
817 2234 1008 2282 Inserui
1063 2238 1265 2298 μᾶλλον,
1322 2237 1454 2298 quod
1507 2237 1743 2283 facillime
1798 2238 1912 2283 ante

230 2300 388 2352 ἄλλων
435 2306 651 2353 excidere
697 2311 914 2368 poterat,
959 2312 1009 2356 at
1050 2309 1217 2357 abesse
1255 2325 1397 2371 posse
1438 2310 1801 2359 concedendum
1839 2311 1912 2357 est

232 2381 538 2440 comparanti
568 2379 928 2443 t.111464,13
971 2386 1019 2429 et
1060 2398 1180 2444 quos
1221 2384 1283 2430 ad
1321 2384 1450 2431 hunc
1491 2384 1727 2432 adnotavi
1765 2383 1910 2431 locos.

342 2524 474 2572 Haec
514 2526 710 2586 quidem
758 2532 897 2575 erant
938 2545 1061 2590 quae
1101 2530 1159 2576 de
1201 2531 1539 2578 conaminibus
1579 2533 1764 2578 criticis
1803 2546 1910 2578 oen-

232 2612 395 2644 sorum
435 2599 642 2647 dicenda
680 2600 921 2648 haberem.

342 2671 500 2719 Notae
540 2674 942 2735 coniecturaeque
983 2692 1105 2737 quas
1142 2676 1197 2724 G.
1224 2677 1500 2725 Schmidius
1539 2678 1820 2739 nuperrime
1859 2678 1911 2724 in

232 2742 436 2791 Literar.
464 2745 789 2794 Zentralblatt
818 2750 955 2796 1905
989 2767 1033 2796 n.
1062 2752 1127 2796 42
1163 2751 1252 2797 col.
1282 2752 1420 2798 1396
1443 2767 1512 2813 sq.
1556 2752 1767 2812 protulit
1804 2767 1910 2799 sero

232 2817 354 2863 mihi
387 2823 700 2867 occurrerunt
732 2836 879 2881 quam
910 2826 965 2869 ut
997 2839 1125 2870 nunc
1156 2826 1459 2884 respicerem.
1513 2825 1628 2871 Alia
1658 2826 1910 2878 occasione

234 2905 314 2937 eas
354 2891 402 2936 in
443 2891 846 2952 disceptationem
885 2896 1082 2943 vocabo.
