1992 3094
186 130 292 174 XIV
722 124 1064 170 PRAEFATIO
1099 123 1335 170 CRITICA

189 271 337 329 deest,
368 269 482 330 post
505 265 685 332 ἀγορᾶς
709 267 869 314 deleto
895 256 958 328 ἦν
990 264 1054 312 ad
1086 260 1116 326 ἡ
1149 264 1319 328 βίβλος
1351 262 1651 327 cogitatione
1683 265 1881 327 supple-

188 345 343 392 verim
390 343 440 390 et
485 343 666 404 puncto
715 343 829 402 post
875 339 1044 403 βίβλος
1091 338 1253 386 deleto
1303 339 1616 386 enuntiatum
1663 335 1745 386 καὶ
1784 337 1884 388 ἔδει

190 418 250 466 ab
290 415 407 465 ὥστε
447 430 738 477 suspensum
776 414 989 461 fecerim.

298 508 345 553 p.
389 490 473 550 85,
494 492 519 536 1
579 485 901 553 συνέπραττεν
957 483 981 534 ὅ
1042 485 1233 549 δαίμων
1287 483 1454 534 οὐδενὶ
1507 484 1746 549 νοσήματι
1795 485 1884 536 τὸν
1967 516 1971 519 -

190 564 376 629 δρόμον
414 561 760 625 ὑποσκελίζων,
800 559 902 609 ἐπεὶ
941 557 1023 607 καὶ
1060 555 1086 607 ὃ
1118 557 1382 624 προσέπεσε
1413 565 1471 627 τῇ
1505 563 1693 628 κεφαλῇ
1719 587 1792 593 -
1817 551 1883 624 ἦν

190 636 241 687 δὲ
287 636 490 687 τοιόνδε.
574 636 764 683 Iniuria
816 633 1197 682 Herwerdenus:
1255 633 1424 690 „Nihil
1477 637 1545 682 est
1603 634 1768 695 inquit
1826 636 1882 683 in

187 713 492 772 sequentibus
527 711 657 758 unde
701 712 853 757 mente
898 709 1128 768 suppleas
1173 709 1457 755 sementiam
1502 709 1732 756 omissam
1767 710 1886 768 post

188 786 335 834 verba
374 782 475 833 ἐπεὶ
513 783 616 839 καί,
656 786 816 842 itaque
853 782 1186 842 improbabilis
1229 784 1296 829 est
1334 783 1674 841 aposiopesis“.
1750 781 1882 830 Nam

190 861 380 922 aperte,
426 860 486 905 ut
526 858 722 905 lineolis
761 857 999 916 indicavi,
1038 854 1274 903 Libanius
1314 854 1453 902 filum
1492 856 1764 904 sententiae
1809 856 1882 903 di-

190 933 437 997 gressione
475 932 683 979 incisum
716 930 878 978 verbis
913 924 1041 996 (ἀλλ’
1074 928 1190 994 ὅπερ
1223 928 1369 993 ἔφην,
1408 927 1538 992 πλὴν
1569 929 1712 978 τοῦδε
1744 948 1880 992 τηνι-

190 1013 345 1055 καῦτα
384 1003 528 1053 τᾶλλα
561 997 623 1067 ἦν
656 1001 851 1067 ἄνοσος,
891 997 995 1070 καὶ)
1030 1000 1146 1051 οὐδὲ
1177 1009 1319 1051 τοῦτο
1352 997 1478 1068 εἶργε
1512 1002 1578 1067 μὴ
1613 1001 1883 1052 ἀπολαύειν

191 1088 287 1128 τῶν
319 1079 562 1127 παιδικῶν
594 1080 787 1140 excipit.
859 1077 999 1134 Quod
1037 1094 1152 1147 vero
1191 1079 1298 1138 ipse
1336 1093 1427 1138 pro
1466 1075 1569 1126 ἐπεὶ
1607 1075 1688 1125 καὶ
1728 1073 1754 1126 ὃ
1788 1078 1882 1126 etsi

192 1154 476 1202 dubitanter
513 1152 746 1214 proponit
784 1151 833 1199 εἴ
864 1170 915 1216 γε
957 1150 1022 1215 μὴ
1064 1148 1101 1218 ᾧ
1148 1151 1452 1199 reiciendum
1495 1153 1581 1199 est.
1659 1152 1790 1199 Nam
1827 1154 1882 1199 in

192 1228 449 1275 enuntiato
480 1227 622 1288 quale
655 1228 728 1273 est
760 1221 786 1273 ὃ
819 1222 1081 1291 προσέπεσε
1105 1231 1162 1293 τῇ
1188 1227 1377 1292 κεφαλῇ
1404 1225 1699 1273 assimilatio
1724 1228 1881 1274 nomi-

191 1302 350 1349 nativi
380 1300 682 1363 pronominis
713 1299 911 1347 relativi
943 1315 972 1346 a
1003 1298 1213 1346 Libanio
1244 1315 1499 1360 nunquam
1532 1299 1747 1347 admissa
1790 1302 1878 1348 est.

300 1375 490 1423 Ibidem
527 1374 558 1420 l.
595 1375 624 1422 3
673 1371 726 1422 ἐν
771 1377 872 1431 τοῖς
919 1375 1341 1438 Ἀχαρνεῦσι·τοῖς
1389 1372 1768 1437 Ἀριστοφάνους
1816 1366 1882 1437 ἦν

193 1446 459 1516 καθημένῳ
491 1451 556 1514 τῷ
596 1453 927 1514 γραμματιστῇ
960 1446 1273 1511 παρεστηκώς
1303 1447 1488 1494 iniuria
1518 1447 1879 1495 Herwerdenus

193 1522 284 1571 σὺν
331 1538 361 1569 a
408 1521 571 1570 Gasda
615 1538 705 1583 pro
752 1519 805 1569 ἐν
854 1522 1164 1583 propositum
1215 1521 1446 1568 defendit.
1524 1521 1594 1569 Ut
1642 1522 1695 1568 id
1741 1522 1881 1569 nullo

192 1599 337 1658 pacto
377 1595 579 1643 tolerari
617 1597 802 1658 potest,
849 1596 922 1642 ita
969 1593 1022 1643 ἐν
1068 1610 1263 1643 sensum
1302 1595 1506 1656 praebet
1544 1596 1880 1657 aptissimum:

195 1685 327 1718 eram
365 1672 417 1717 in
447 1668 842 1716 Aelzamensibus
874 1667 1219 1729 Aristophanis
1250 1669 1281 1716 i.
1315 1685 1352 1716 e.
1385 1668 1611 1732 legebam
1641 1669 1877 1717 fabulam.

195 1743 288 1800 Qui
334 1757 450 1790 usus
496 1743 877 1804 praepositionis
924 1740 976 1790 ἐν
1025 1742 1156 1804 apud
1201 1742 1466 1790 Libanium
1513 1743 1742 1804 frequens
1791 1745 1878 1791 est.

304 1816 493 1863 Ibidem
531 1816 562 1863 1.
598 1818 626 1863 6
668 1816 912 1878 particula
958 1816 1310 1864 condicionalis
1357 1813 1419 1864 ἄν
1458 1818 1733 1865 necessaria
1771 1817 1882 1866 visa

195 1893 269 1938 est
299 1890 627 1938 Herwerdeno
658 1891 711 1936 in
742 1889 902 1937 verbis
935 1883 1047 1938 ὥστ’
1083 1887 1182 1953 ἤδη
1218 1888 1327 1938 τινὰ
1365 1889 1518 1938 νύκτα
1556 1888 1750 1953 ἐκείνην
1789 1890 1881 1954 τὴν

195 1960 379 2028 ἡμέραν
424 1967 703 2028 προσειπεῖν
751 1964 852 2011 sive
899 1959 991 2011 τιν’
1028 1961 1090 2012 ἂν
1136 1964 1241 2012 sive
1288 1960 1476 2030 ἡμέραν
1523 1960 1585 2012 ἂν
1632 1964 1878 2013 scribenti.

195 2037 264 2084 At
302 2035 400 2100 ἤδη
439 2052 526 2084 nos
566 2037 623 2083 de
662 2053 714 2086 re
754 2037 1081 2086 condicionali
1119 2039 1335 2102 cogitare
1374 2040 1525 2086 vetat.

305 2127 351 2172 p.
379 2111 539 2170 87,11
574 2112 626 2157 in
659 2113 905 2172 apparatu
936 2112 1106 2159 critico
1149 2109 1440 2174 ,,ἀθηναίων
1471 2112 1585 2159 libri
1615 2110 1750 2160 eom*
1788 2127 1880 2174 pro

197 2186 301 2231 coni
331 2184 591 2246 legendum
623 2187 717 2232 est:
750 2186 851 2232 edd.
878 2185 1071 2232 Vitium
1102 2201 1127 2233 e
1158 2186 1291 2232 linea
1324 2186 1633 2234 antecedenti
1662 2187 1877 2247 irrepsit.

306 2275 351 2319 p.
388 2259 556 2316 90,19
605 2255 658 2304 τὸ
698 2254 750 2305 δὲ
796 2265 994 2322 χειμῶνι
1033 2255 1121 2322 μὲν
1160 2256 1308 2307 οὐδὲν
1346 2256 1656 2326 χαλεπωτέρῳ
1695 2256 1881 2324 θέρους

196 2329 470 2395 χρήσασθαι
502 2329 623 2394 πρὸς
646 2329 703 2378 τὰ
734 2330 935 2396 πελάγη,
967 2330 1199 2397 γενέσθαι
1231 2329 1284 2381 δὲ
1316 2331 1405 2397 οὐχ
1437 2331 1595 2397 ὥσπερ
1621 2331 1877 2396 ἔσπευδον,

197 2397 298 2451 ἀλλ’
336 2401 400 2462 ὡς
438 2402 710 2467 ἕβεβίαστο,
756 2403 893 2452 ταυτὶ
937 2403 988 2453 δὲ
1028 2405 1161 2471 δῶρα
1205 2405 1377 2470 Τύχης.
1454 2406 1500 2454 A
1539 2422 1685 2455 sensu
1721 2406 1878 2455 totius

196 2478 292 2525 loci
332 2477 559 2525 abhorret
598 2478 726 2538 quod
758 2478 970 2526 Fritzius
1010 2481 1219 2528 coniecit
1255 2477 1490 2544 γενέσθαι
1529 2476 1581 2528 δὲ
1621 2478 1710 2544 οὐχ
1749 2478 1878 2544 ὥπερ

197 2549 456 2613 ἔσπευδον,
510 2544 612 2598 ἀλλ’
664 2547 700 2598 ὣ
754 2549 1002 2615 ἕβεβίαστο
1056 2551 1415 2617 <διδασκάλω>.
1507 2554 1638 2601 Nam
1689 2554 1781 2601 hoc
1835 2554 1876 2600 Si

197 2640 363 2671 verum
411 2626 559 2683 esset,
605 2640 702 2671 non
747 2625 806 2671 de
854 2625 1063 2686 duobus,
1110 2642 1232 2688 quos
1285 2628 1435 2688 paulo
1482 2630 1595 2689 post
1638 2626 1879 2674 Libanius

198 2697 317 2744 dicit
356 2695 411 2744 τὰ
452 2690 496 2744 δ’
533 2689 596 2744 αὗ
635 2695 742 2762 περὶ
781 2695 845 2745 τὼ
885 2699 1104 2760 σοφιστά,
1144 2701 1228 2748 sed
1268 2701 1326 2747 de
1366 2702 1604 2761 quattuor
1643 2700 1878 2762 sophistis

199 2773 436 2834 ageretur.
513 2771 579 2817 Et
618 2770 748 2831 quod
787 2772 1032 2819 antecedit
1068 2790 1114 2834 p.
1143 2774 1306 2835 89,12
1346 2767 1405 2822 οὗ
1446 2771 1496 2821 δὲ
1536 2766 1697 2836 ἦλθον
1737 2790 1876 2836 μετα-

199 2842 389 2907 σχήσων
425 2842 620 2891 dualem
658 2845 796 2891 iuxta
829 2843 1064 2893 ἔσπευδον
1096 2846 1321 2894 excludit.
1393 2845 1533 2902 Quod
1564 2850 1692 2894 recte
1724 2846 1879 2894 sensit

199 2917 378 2964 Asmus
426 2932 535 2963 cum
584 2918 842 2979 proposuit
886 2915 1113 2982 γενέσθαι
1169 2916 1219 2967 δὲ
1274 2918 1362 2983 οὐχ
1415 2913 1565 2984 οὗπερ
1619 2917 1877 2983 ἔσπευδον,
