1992 3094
567 51 574 60 '
661 73 1003 118 PRAEFATIO
1036 74 1271 120 00111οΑ
1655 79 1803 124 xxm

77 214 250 305 ·quod
289 213 479 275 aliquid
518 212 845 261 dubitationis
884 215 1135 275 remansit,
1173 232 1290 262 num
1326 213 1561 265 Libanius
1601 215 1798 266 ἀντὶ-

77 266 277 338 .ἕνεκεν
323 287 483 334 dicere
530 301 677 335 ausus
724 288 792 334 sit
836 290 999 335 motus
1044 288 1364 337 similitudine
1403 291 1666 339 locutionis
1704 290 1799 341 ἀπὸ

115 363 238 427 βοῆς
283 378 445 409 ενεκεν
492 353 594 426 (vel
633 354 796 427 ἕνεκα)
846 377 970 423 quae
1009 364 1222 410 occurrit
1259 364 1390 425 apud
1430 364 1799 427 Xenophontem

113 435 243 484 Hell.
275 434 327 482 H
359 435 491 495 4,31
543 437 593 482 et
638 436 691 481 in
739 435 1043 497 Thucydidis
1089 436 1215 484 libro
1249 437 1371 484 VIII
1406 439 1488 498 92,
1508 440 1554 486 9.
1631 440 1799 501 Neque

111 509 259 558 facile
298 511 373 557 est
411 508 475 556 ad
514 509 872 571 explicandum,
921 511 1031 571 quis
1069 525 1262 558 necesse
1301 511 1527 559 habuerit
1565 509 1672 560 ἀντὶ
1716 530 1801 575 901

111 580 275 633 ἕνεκεν
320 583 641 644 interpretari
686 582 759 630 ita
810 586 866 630 ut
912 584 1004 631 hoc
1049 585 1102 630 in
1147 586 1335 632 textum
1382 587 1542 646 ipsum
1589 588 1799 648 irrepere

112 658 344 720 potuerit.
413 657 638 718 Denique
677 657 838 705 forma
869 654 1030 705 ἕνεκεν
1060 658 1225 706 hiatus
1257 659 1451 706 vitandi
1482 674 1627 707 causa
1663 675 1797 708 usur-

32 744 39 751 ·
111 731 222 794 pari
258 731 423 793 potuit
461 733 518 778 ut
556 731 708 779 etiam
747 731 879 793 apud
919 723 1042 779 alios
1082 733 1344 794 scriptores
1377 732 1462 795 qui
1491 730 1630 780 ἕνεκα
1662 750 1797 795 9100-

112 805 424 941 &ruff-171,
446 879 511 925 13
561 878 610 926 οἳ
655 877 830 926 δώσειν
876 875 908 926 ἃ
955 879 1088 941 quod
1134 880 1186 926 in
1231 881 1369 926 textu
1416 882 1612 941 reposui
1649 882 1798 927 etiam

110 969 142 1001 a
179 953 434 1001 Monnerio
474 969 520 1014 p.
550 953 652 1000 296
687 955 788 1000 not.
819 956 845 1000 1
888 955 1144 1000 inventum
1183 969 1284 1002 esse
1324 969 1430 1001 sero
1469 953 1586 1000 vidi.

220 1043 268 1089 p.
305 1028 511 1086 172,19
555 1019 615 1074 οὗ
654 1025 717 1090 δὴ
758 1025 906 1075 πάλιν
945 1024 1157 1089 ἀδελφὸς
1195 1024 1531 1089 ἀναφαίνεται.
1608 1027 1797 1075 Iniuria

111 1099 404 1149 Croenertus
452 1097 666 1162 ἀδελφὸς
711 1104 767 1148 ut
818 1101 1061 1166 glossema
1108 1101 1365 1148 delendum
1412 1102 1597 1160 censet,
1646 1102 1796 1148 immo

108 1191 225 1223 vero
254 1177 314 1223 ut
345 1175 566 1222 claritati
597 1175 895 1236 consulatur,
928 1191 958 1222 a
990 1176 1226 1237 scriptore
1256 1175 1473 1236 positum
1504 1176 1592 1235 est,
1622 1174 1706 1223 sed
1738 1190 1796 1222 ne

109 1249 235 1297 illud
280 1248 479 1312 quidem
526 1248 658 1311 quod
705 1249 864 1296 addit:
911 1247 1027 1305 „An
1064 1250 1253 1297 solchen
1291 1248 1698 1309 Eindrinylinyen
1735 1251 1798 1296 ist

35 1368 37 1370 .
107 1324 186 1372 die
222 1323 828 1383 Islbaniusic‘berlieferunq
864 1324 996 1371 nicht
1032 1327 1171 1371 arm“
1210 1322 1409 1385 probari
1449 1323 1625 1384 potest.

219 1414 265 1459 p.
302 1398 471 1458 177‚3
522 1395 854 1462 διαφυγόντος
902 1396 1031 1458 quod
1078 1396 1263 1444 conieci
1308 1411 1397 1457 pro
1446 1394 1796 1460 διαφεύγοντος

107 1471 280 1534 reponi
326 1472 436 1519 vult
481 1471 861 1531 Herwerdenus,
908 1474 962 1518 at
1010 1471 1154 1518 huius
1206 1470 1343 1517 verbi
1389 1484 1615 1531 praesens
1647 1469 1795 1516 'haud

107 1561 220 1593 raro
251 1546 460 1608 perfecti
490 1546 904 1609 significationem
934 1544 1113 1593 habere
1151 1547 1324 1592 notum
1363 1546 1437 1591 est
1475 1546 1523 1590 et
1562 1542 1793 1604 exemplis

108 1617 308 1667 Libanii
338 1621 476 1668 velut
506 1621 730 1682 p.514,6
765 1618 817 1668 τὸ
850 1617 1174 1682 ὑπερήφανον
1199 1616 1554 1682 διαφεύγουσαι
1577 1616 1793 1663 fulcitur.

217 1711 264 1756 p.
309 1695 473 1755 179,1
532 1690 661 1759 ὁρῶν
711 1692 765 1742 τὸ
816 1694 982 1758 ζεῦγος
1033 1689 1057 1740 ὁ
1108 1691 1257 1751 ἵππος
1306 1689 1455 1739 ἔδεισε
1506 1689 1678 1753 μικρὸν
1730 1689 1790 1752 δὴ

107 1764 336 1832 γενέσθαι
375 1767 516 1831 σφίσι
554 1774 651 1815 τῶν
689 1766 967 1832 προσώπων
1005 1764 1057 1814 τὸ
1097 1763 1259 1829 μέσον.
1327 1764 1680 1812 Herwerdenus
1713 1761 1793 1810 διὰ

106 1838 160 1889 τὸ
192 1844 306 1890 011130
337 1841 514 1907 μικρὸν
544 1842 858 1891 inserendum
891 1840 1111 1889 coniecit.
1172 1839 1242 1887 At
1272 1838 1396 1886 nihil
1429 1838 1576 1886 deest.
1631 1836 1791 1884 Verba

108 1913 281 1980 μικρὸν
328 1914 390 1979 δὴ
437 1913 668 1981 γενέσθαι
702 1942 771 1948 -
803 1914 856 1964 τὸ
905 1911 1052 1977 μέσον
1097 1913 1313 1975 pendent
1360 1912 1420 1959 ab
1469 1910 1615 1960 ἔδεισε
1663 1909 1792 1971 quod

109 1991 443 2038 constructum
489 1993 564 2038 est
609 1994 666 2038 ut
709 1989 841 2051 apud
878 1988 1167 2050 Euripidem
1205 1987 1307 2034 Ion.
1347 1986 1485 2034 1564
1526 1987 1702 2032 θανεῖν
1741 1997 1791 2031 σε

107 2062 269 2122 δείσας
307 2062 488 2128 μητρὸς
526 2062 580 2113 ἐκ
619 2061 978 2128 βουλευμάτων.

217 2138 495 2200 p.186,15
529 2134 827 2225 προσελθὼν
852 2135 913 2200 δὴ
946 2139 1050 2193 ταῖς
1082 2133 1309 2199 μεγάλαις
1340 2132 1521 2196 θύραις
1552 2132 1605 2178 αἰ
1632 2126 1791 2193 <οὐκ>

105 2207 370 2260 ἐκέκλειντο
427 2209 509 2259 καὶ
561 2207 625 2260 δι’
677 2204 747 2259 ὧν
797 2202 861 2273 ἦν
906 2206 1087 2257 τανδον
1135 2207 1270 2256 ἰδεῖν.
1358 2206 1652 2254 Etiamnunc
1700 2201 1789 2251 οὐκ

106 2286 306 2333 auctore
351 2286 553 2334 Reiskio
600 2286 838 2334 insertum
888 2283 1110 2345 praefero
1161 2281 1360 2329 lectioni
1413 2276 1713 2327 ἁνεκέκλιντο
1761 2292 1789 2323 a

108 2356 398 2407 Schenkelio
430 2376 487 2408 ex
517 2357 781 2408 ἐκέκλειντο
814 2358 1020 2406 elicitae.
1082 2356 1213 2403 Nam
1245 2353 1376 2416 quod
1407 2352 1615 2414 quodvis
1655 2349 1787 2397 addi·
1859 2368 1874 2374 „

106 2432 383 2481 tamentum
421 2434 571 2493 deest,
610 2433 766 2497 magis
804 2432 881 2479 illi
922 2446 1070 2492 quam
1107 2430 1221 2476 111110
1260 2429 1407 2475 favet.

217 2522 264 2568 p
293 2507 413 2568 186,
426 2509 495 2556 20
535 2505 566 2571 ἢ
608 2506 699 2556 οὐκ
737 2524 799 2554 αν
838 2507 1028 2569 πληγῆς
1059 2502 1128 2561 εἰς
1167 2501 1386 2549 θάνατον
1425 2497 1640 2560 ἐδεήθην
1680 2496 1785 2544 δευ-

107 2575 261 2643 τέρας,
300 2587 529 2639 τοσοῦτος
568 2573 632 2644 ἦν
672 2577 697 2628 ὅ
737 2579 891 2637 λίθος.
961 2578 1056 2625 Pro
1089 2573 1120 2640 ἢ
1153 2575 1335 2623 conieci
1377 2565 1423 2636 ἦ,
1464 2571 1591 2634 quod
1632 2570 1787 2617 cuivis

107 2651 407 2702 dubitationi
439 2658 684 2703 exemtum
708 2654 868 2701 visum
900 2654 975 2700 est
999 2644 1354 2710 Α31110.Α11ἢ
1387 2645 1579 2694 defendi
1607 2642 1789 2705 poterit

106 2726 180 2773 ita
217 2729 273 2774 ut
312 2731 398 2776 aut
435 2728 711 2792 significare
751 2727 945 2774 dicatur
982 2726 1013 2770 i.
1048 2740 1086 2772 0.
1120 2724 1246 2771 alias
1285 2737 1347 2769 sc.
1387 2718 1432 2768 εἰ
1468 2716 1669 2781 ήνεγκεν
1708 2709 1783 2763 ἐπ’

106 2795 188 2861 ἐμὲ
240 2798 325 2849 τὸν
379 2798 646 2864 ὀφθαλμὸν
701 2804 834 2848 θεῶν
887 2816 974 2846 του
1028 2794 1367 2851 κεκωλυκότος.
1459 2791 1617 2839 Η111113
1672 2803 1786 2837 113113

10 2919 11 2922 ,
107 2874 329 2936 exempla
369 2875 502 2937 apud
539 2874 803 2922 Libanium
841 2888 939 2920 non
981 2871 1172 2918 desunt.
