1992 3094
21 2630 30 2756 unu-‚oeae-
23 2613 27 2620 —

272 102 500 147 LIBANII
532 101 755 146 ORATIO
787 101 906 146 PRO
938 101 1255 148 AGRICOLIS
1288 104 1367 147 DE
1400 103 1687 149 ANGARHS
1748 105 1857 158 485

280 238 366 291 32.
429 238 538 291 Καὶ
592 239 686 306 τῆς
735 235 858 306 περὶ
892 238 1085 291 ταῦτα
1139 237 1351 302 ἐνδείας
1402 240 1706 293 αἰτιάσαιτο
1757 238 1859 308 μὲν

169 329 239 380 ἄν
284 348 367 389 τις
404 325 494 379 καὶ
543 327 676 379 ἄλλο
716 346 792 394 τι,
839 326 1108 395 μέμψαιτο
1157 326 1206 380 δ’
1246 326 1316 380 ἂν
1362 329 1581 391 εἰκότως
1628 330 1717 382 καὶ
1763 330 1859 392 τὰς

168 425 281 468 τῶν
320 415 600 485 ἀρχόντων
643 415 878 483 χάριτας.
956 413 1084 484 παρ’
1123 411 1202 469 ὧν
1243 418 1290 468 εἰ
1338 418 1408 484 μὴ
1450 417 1639 484 λάβοις
1680 418 1857 486 δίκην,

168 504 344 568 δόξεις
383 503 450 557 οὐ
492 504 709 573 σφόδρα
747 505 1019 572 κήδεσθαι
1058 513 1168 556 τῶν
1204 507 1438 572 πόλεων,
1479 507 1526 558 εἰ
1566 506 1629 568 ἃς
1669 506 1859 568 ὅπλοις

168 594 377 661 σώζεις,
426 592 657 655 ἐκδίδως
697 591 980 663 ἀρχόντων
1018 594 1192 663 κακίᾳ.
1271 587 1353 655 οἷς
1392 593 1493 646 οὐκ
1533 593 1602 646 ἂν
1649 592 1750 663 μὲν
1790 591 1858 662 ἧν
1905 617 1924 647 5

170 684 335 750 λόγος
366 679 485 735 οὐδ’
517 683 565 734 εἰ
597 689 711 744 τοῖς
742 680 1089 751 πενεστέροις
1116 680 1649 752 ταῦταέχαρίζοντο,
1681 674 1859 751 ἥττων

169 769 218 823 δ’
254 770 323 824 ἂν
353 766 424 839 ἦν
455 770 487 838 ἡ
521 774 822 840 κατηγορία
854 779 948 839 τῆς
979 779 1091 822 τῶν
1122 772 1222 839 τὴν
1263 771 1423 840 χάριν
1463 773 1860 839 λαμβανόντων

168 858 382 922 ἐνδείας
428 858 773 929 ἀφαιρούσης
817 879 870 912 τι
917 863 1016 912 τοῦ
1065 860 1299 927 μύσους;
1347 868 1454 912 νῦν
1501 857 1561 913 δὲ
1612 859 1860 922 ἐκείνους

164 948 268 1015 μὲν
299 946 420 1000 οὐδ’
453 953 656 1015 ἴσασιν,
689 946 807 1001 ἀλλ’
839 948 897 1001 ἐκ
929 958 1041 1001 τῶν
1073 950 1252 1001 ὄντων
1292 949 1479 1010 αὐτοῖς
1510 958 1622 1001 τῶν
1654 948 1860 1016 ὀλίγων

167 1036 546 1107 ἐπανορθοῦσι
577 1039 673 1100 τὰς
705 1038 897 1105 οἰκίας,
938 1031 1021 1100 οἷς
1053 1034 1114 1090 δὲ
1147 1038 1325 1090 πάντα
1356 1039 1532 1090 πολλὰ
1563 1036 1653 1090 καὶ
1690 1036 1860 1105 γέλως
1885 1059 1926 1091 ιο

165 1127 232 1178 τὰ
269 1127 385 1178 ’τοῦ
442 1127 656 1194 Γύγου,
712 1127 930 1188 τούτοις
985 1126 1129 1179 οὕτω
1187 1127 1715 1194 συνοικοδομοῦσιν,
1778 1119 1861 1188 οἷς

166 1216 359 1284 μυρίαι
390 1215 492 1283 μὲν
522 1215 774 1289 κάμηλοι,
813 1215 1007 1268 πολλοὶ
1042 1215 1103 1268 δὲ
1134 1214 1282 1284 ὀρεῖς
1312 1213 1402 1267 καὶ
1436 1215 1614 1283 ζεύγη,
1646 1218 1860 1283 πλῆθος

163 1303 228 1356 δὲ
267 1304 449 1356 ἵππων
488 1312 606 1366 ταῖς
644 1312 756 1356 τῶν
797 1305 1122 1370 ἱπποκόμων
1162 1304 1316 1373 χερσὶ
1354 1303 1765 1372 κοσμουμένων,
1806 1307 1863 1356 οἳ

166 1393 511 1460 δικαιότερον
558 1392 629 1445 ἂν
675 1402 790 1455 τοῖς
833 1394 1126 1454 δεσπόταις
1164 1394 1229 1445 τὰ
1268 1400 1494 1445 τοιαῦτα
1534 1393 1858 1461 ὑπούργουν

164 1480 199 1549 ἢ
233 1482 285 1534 οἱ
317 1483 517 1551 μικρὸν
547 1491 661 1535 τῶν
690 1484 1015 1535 τεθνεώτων
1048 1481 1407 1551 διαφέροντες
1439 1484 1574 1535 ὄνοι.
1638 1481 1721 1534 33.
1751 1489 1858 1534 νῦν
1885 1503 1924 1535 15

167 1567 215 1622 δ’
256 1568 437 1623 ἐκεῖνα
476 1571 578 1639 μὲν
618 1570 679 1623 ἐν
717 1579 901 1641 τρυφῇ
938 1590 996 1623 τε
1035 1569 1125 1623 καὶ
1167 1571 1401 1640 φάτναις
1439 1571 1529 1623 καὶ
1568 1571 1726 1639 ὕβρει
1765 1568 1854 1622 καὶ

163 1661 460 1729 θεραπείᾳ,
517 1653 601 1722 οἷς
653 1657 701 1712 δ’
748 1659 852 1712 ἀπὸ
909 1669 1022 1712 τῶν
1075 1661 1223 1712 ὄνων
1275 1660 1303 1713 ὁ
1355 1661 1499 1727 βίος,
1555 1660 1772 1720 τούτοις
1826 1658 1854 1712 ὃ

163 1749 340 1816 μόνον
386 1745 538 1801 ἔστιν
585 1749 772 1811 αὐτοῖς
819 1748 1134 1801 ἀπόλλυται.
1212 1749 1366 1817 ἡμεῖς
1410 1746 1470 1801 δὲ
1516 1757 1630 1810 τοῖς
1670 1748 1857 1809 αὐτοῖς

164 1836 483 1904 ὀφθαλμοῖς
537 1837 772 1905 ὁρῶντες
827 1839 929 1905 τήν
983 1857 1040 1889 τε
1098 1837 1160 1890 ἐν
1212 1838 1430 1900 τούτοις
1482 1839 1857 1905 ταλαιπωρίαν

164 1925 268 1993 τήν
299 1944 357 1978 τε
388 1923 450 1978 ἐν
482 1925 711 1988 ἐκείνοις
744 1925 1034 1994 ἀσέλγειαν
1066 1926 1446 1995 σχετλιάζομεν
1477 1924 1567 1978 καὶ
1609 1924 1859 1993 λέγοντες
1883 1947 1925 1978 20

166 2012 202 2066 ἃ
240 2016 372 2076 τοὺς
410 2013 717 2082 ἀλγοῦντας
765 2016 932 2083 εἰκός,
981 2020 1271 2085 ληροῦμεν.
1349 2014 1377 2067 ὁ
1426 2015 1528 2082 γὰρ
1577 2013 1858 2083 προσέξων

165 2102 269 2155 οὐκ
332 2105 483 2156 ἔστιν
544 2104 676 2156 οὐδὲ
738 2103 766 2156 ὁ
828 2105 1165 2171 πεισόμενος.
1258 2103 1394 2156 ἀλλὰ
1455 2104 1601 2171 παρὰ
1662 2110 1790 2168 σοῦ,
1850 2101 1853 2173 1

168 2193 664 2259 φιλανθρωπότατε
696 2195 942 2259 βασιλεῦ,
972 2200 1143 2245 ταῦτα
1175 2194 1307 2261 ἡμῖν
1339 2191 1587 2259 γενέσθω
1620 2191 1708 2243 καὶ
1741 2203 1782 2245 R
1801 2203 1945 2247 11568

290 2327 341 2365 11
376 2321 432 2366 of.
459 2324 491 2365 t.
516 2322 558 2364 Π
584 2327 742 2377 548,2;
768 2336 839 2379 ep.
859 2328 915 2366 50
1039 2327 1094 2366 16
1128 2323 1183 2366 cf.
1211 2323 1317 2366 Eur.
1344 2322 1397 2365 fr.
1424 2326 1558 2376 378‚1
1578 2321 1645 2364 N²

289 2446 310 2483 1
347 2439 530 2485 ἐνδείασ
562 2442 607 2484 Ρ
635 2441 716 2483 sed
749 2444 778 2486 ὃ
809 2441 857 2485 in
889 2455 963 2484 ras
996 2441 1086 2495 m²‚
1117 2438 1129 2454 '
1165 2443 1212 2484 ob
1244 2457 1283 2484 ει
1314 2441 1361 2482 in
1395 2453 1469 2483 ras
1501 2440 1571 2482 m⁶
1722 2445 1746 2481 3
1779 2438 1857 2482 λά-

166 2502 253 2558 βης
286 2500 355 2543 CI
469 2506 495 2543 4
528 2498 666 2555 δόξης
696 2501 730 2543 I
845 2507 870 2543 6
903 2498 1051 2556 ἥττων
1079 2501 1147 2543 Re
1208 2495 1345 2553 ἧττον
1370 2498 1479 2541 libri
1505 2498 1595 2541 Got
1718 2503 1741 2540 7
1774 2497 1858 2553 τὴν

167 2559 292 2603 inser
314 2559 382 2602 Re
444 2572 518 2602 om
548 2558 658 2603 libri
691 2558 781 2603 Got
901 2563 927 2602 8
960 2559 1134 2615 μύσους
1165 2558 1329 2614 scripsi
1354 2571 1378 2601 e
1406 2558 1442 2602 Ο
1499 2555 1659 2613 μίσους
1687 2557 1857 2612 reliqui

168 2617 277 2661 libri
309 2618 399 2660 edd
528 2621 553 2661 9
586 2616 695 2662 οὐδὲ
727 2619 795 2661 Re
920 2622 973 2661 10
1005 2619 1086 2661 καὶ
1117 2615 1273 2675 γέλως]
1307 2614 1386 2660 καί
1417 2632 1465 2673 γε
1497 2632 1595 2666 πως
1626 2615 1857 2659 Ruhnken

166 2676 285 2720 Tim.
315 2681 399 2720 174
565 2682 618 2719 11
652 2676 709 2720 τὰ
741 2676 832 2720 Got
864 2677 944 2720 sed
976 2677 1028 2720 τὸ
1059 2677 1108 2719 in
1139 2689 1273 2732 marg
1439 2679 1492 2718 13
1526 2673 1800 2731 ἱπποκόμων
1832 2676 1865 2718 Ι

167 2736 250 2779 sed
283 2751 307 2778 ο
341 2738 402 2791 (2)
434 2735 483 2778 in
514 2749 589 2778 ras
620 2736 690 2778 m³
812 2741 865 2779 15
899 2734 946 2794 ἢ]
981 2735 1026 2779 οἳ
1057 2737 1092 2780 Ι
1210 2741 1262 2778 16
1296 2733 1347 2779 δὲ
1380 2734 1470 2777 edd
1513 2736 1519 2789 Ι
1562 2735 1642 2777 καὶ
1673 2736 1734 2790 (2)
1768 2734 1858 2777 Got

168 2795 251 2838 sed
281 2801 428 2838 ταῦτα
461 2794 511 2838 δὲ
544 2793 593 2837 ἐν
624 2795 673 2837 in
705 2808 840 2852 marg
1019 2799 1074 2837 20
1108 2791 1303 2843 ἐκείνοις
1334 2794 1379 2836 Ρ
1407 2794 1488 2837 sed
1520 2794 1570 2837 ἐκ
1602 2793 1650 2835 in
1681 2806 1757 2836 ras
1789 2792 1858 2836 m²

228 2858 283 2896 21
317 2852 347 2896 ἃ
381 2852 469 2896 Got
503 2853 583 2896 sed
614 2853 660 2904 ἐς
690 2854 739 2896 in
762 2867 896 2910 marg
923 2856 928 2909 Ι
957 2854 1265 2908 ἀσελγοῦντας
1289 2851 1379 2896 Got
1406 2855 1411 2907 Ι
1438 2851 1683 2906 προσάξων
1709 2851 1799 2895 Got

168 2916 224 2955 23
257 2909 477 2969 γενέσθαι
511 2910 602 2955 Got
