1992 3094
224 104 257 156 6
262 104 294 156 2
746 104 974 148 LIBANII
1005 103 1229 167 ORATIO
1260 104 1409 148 XXIX
1929 0 1992 338 1

222 244 565 306 ονεκτούντων,
605 244 848 294 secundus
886 242 1007 293 κατὰ
1041 238 1253 311 Ἰκαρίου
1265 238 1330 312 ¹),
1378 244 1521 292 ambo
1561 248 1910 309 argumentum

221 320 457 367 orationis
511 334 687 381 parum
741 334 790 367 se
840 308 1114 368 assecutos?
1134 334 1237 367 esse
1282 318 1525 380 produnt,
1577 321 1757 368 tertius
1811 321 1910 370 nisi
1974 319 1992 367 *ε

226 394 332 454 ipse
362 394 592 454 mutavit,
625 392 788 440 codice
819 393 1120 454 interpolato
1151 408 1268 441 usus
1294 407 1397 441 esse
1422 392 1655 441 dicendus
1681 395 1769 456 est,
1801 409 1912 442 cum
1973 397 1992 457 {2

222 483 267 528 p.
296 467 428 527 65,8
470 464 588 514 ἀλλὰ
626 465 769 530 λιμὸν
807 482 896 527 pro
936 465 1187 533 τραύματα
1226 463 1278 514 δὲ
1316 466 1565 528 praebeat.
1976 522 1992 540 τ

334 538 506 588 Oratio
544 540 759 602 primum
782 540 1006 588 Venetiis
1046 556 1174 589 anno
1212 541 1354 588 1754
1388 556 1417 588 a
1447 540 1908 604 Bongiovannio
1978 541 1992 581 1

223 613 354 662 edita
386 615 459 662 est
489 631 535 675 p.
557 615 770 663 53—69
806 617 956 676 atque
986 616 1060 662 ita
1092 615 1291 676 quidem
1322 616 1379 662 ut
1401 615 1469 662 M
1495 614 1711 663 codicem
1735 614 1908 663 ducem
1972 587 1992 657 Ῐ

223 690 527 749 sequeretur,
566 704 699 749 raro,
738 691 797 736 ut
834 690 886 735 in
928 688 1053 749 aliis,
1065 682 1106 754 2)
1149 689 1299 736 etiam
1329 689 1368 734 I
1399 688 1678 751 inspiceret.
1754 687 1907 739 vitiis

222 763 399 821 scatet,
451 778 659 823 quorum
705 763 983 810 emendatio
1030 763 1200 810 multis
1249 763 1369 810 locis
1407 762 1642 810 Reiskii
1692 764 1909 811 acumini

222 837 368 884 cessit
404 835 456 882 in
487 835 984 884 Animadversionum
1023 836 1274 885 volumine
1313 837 1486 898 quinto
1524 854 1572 899 p.
1600 837 1908 898 512—516‚
1974 883 1975 886 ,

222 910 373 956 etiam
396 909 617 970 pluribus
649 911 769 958 locis
801 910 1048 958 codicibus
1071 909 1120 957 A
1154 914 1203 958 et
1224 911 1315 957 Mo
1348 910 1584 959 adhibitis
1616 910 1668 958 in
1692 911 1907 959 editione

222 982 283 1029 ab
323 999 471 1031 uxore
510 986 685 1032 curata
722 987 758 1031 t.
782 983 834 1032 ΙΙ
863 1001 909 1045 p.
939 985 1243 1035 327—341.

342 1140 383 1194 1)
415 1137 480 1182 Cf.
506 1154 548 1195 p.
569 1143 623 1182 59
648 1141 741 1182 not.
765 1145 800 1183 1.

339 1199 382 1253 2)
416 1197 480 1241 Cf.
506 1199 577 1241 t.I
600 1213 644 1254 p.
663 1202 762 1243 286.
