1992 3094
180 127 330 172 XVIII
720 123 1059 169 PRAEFATIO
1093 123 1330 168 CRITICA

181 269 206 315 I
234 270 261 315 7
271 269 336 317 98
353 283 422 328 sq.
450 269 498 314 et
531 266 591 312 ad
621 266 752 313 hunc
782 265 945 326 ipsum
976 265 1138 311 locum
1164 258 1409 330 (Orameri
1431 263 1614 311 Anecd.
1638 263 1716 310 [H
1741 263 1874 324 3533

183 342 340 388 Tzetz.
382 357 488 402 epp.
530 339 600 387 ed.
643 339 833 386 Pressel
876 356 921 400 p.
959 331 1086 404 102)
1134 337 1364 398 tradidit,
1410 338 1494 385 sed
1541 338 1691 384 etiam
1744 352 1873 398 quae

182 417 460 477 nuperrime
493 413 774 460 Theodorus
799 412 1044 475 Wiegand
1075 404 1228 477 (Mitt.
1262 411 1344 459 des
1375 411 1632 458 Archaeol.
1666 410 1786 458 Inst.
1818 410 1871 458 in

186 490 348 536 Athen
379 487 568 534 XXVH
601 489 702 534 321
718 478 812 550 sq)
852 486 993 534 testis
1033 486 1258 532 oculatus
1298 486 1561 533 enarravit.

293 579 339 624 p.
377 562 495 621 123,
515 562 543 608 5
594 558 709 623 μετὰ
754 557 845 625 γὰρ
884 558 975 622 τὴν
1017 565 1114 607 τῶν
1159 557 1418 623 τυράννων
1464 556 1753 621 κατάλυσιν,
1800 550 1874 606 ὧν

183 635 267 684 τὸν
300 632 387 698 μὲν
418 634 560 703 λόγῳ,
591 632 676 682 τὸν
709 630 759 681 δὲ
791 630 910 697 χειρὶ
941 631 1284 690 Κωνστάντιος
1319 631 1512 681 ἔπαυσε.
1575 631 1691 679 Sine
1722 631 1873 680 dubio

184 726 303 770 non,
351 725 475 771 quae
515 708 610 755 fuit
649 707 815 769 opinio
855 706 1227 768 Wyttenbachii
1269 699 1383 772 (Iul.
1417 722 1484 754 or.
1516 706 1542 753 I
1575 723 1622 768 p.
1652 707 1756 754 133
1797 691 1870 753 ed.

185 775 436 866 Schaefer)
484 781 622 829 cuius
669 781 847 829 Asmus
894 780 1193 828 mentionem
1239 781 1379 841 fecit,
1425 780 1620 828 Iuliano
1658 781 1712 827 in
1759 795 1872 842 pro—

186 858 341 904 oemio
383 857 620 903 orationis
659 856 711 902 in
754 854 1095 902 Constantium
1133 872 1179 916 p.
1211 857 1235 901 1
1280 852 1365 912 τὰς
1403 853 1699 920 τυραννίδας
1737 852 1875 912 ὅπως

185 927 461 997 ἀνῄρηκας,
504 935 589 992 τῆς
629 925 716 991 μὲν
754 927 879 996 λόγῳ
919 926 1001 975 καὶ
1038 932 1215 976 πειθοῖ
1244 926 1360 986 τοὺς
1399 926 1714 993 δορυφόρους
1752 925 1871 976 ἀπο·

185 1004 386 1067 στήσας,
432 1010 518 1066 τῆς
565 999 616 1050 δὲ
663 1005 764 1060 τοῖς
803 1000 970 1059 ὅπλοις
1012 1000 1256 1067 κρατήσας
1296 1002 1582 1051 obversatus
1622 1004 1695 1050 est
1733 1002 1874 1050 locus

185 1077 383 1125 Libanii
421 1077 503 1124 sed
543 1077 858 1136 contrarium,
898 1078 954 1123 ut
991 1076 1126 1123 haud
1164 1092 1291 1137 raro,
1332 1076 1651 1124 statuendum
1689 1078 1776 1123 est.

294 1169 339 1212 p.
377 1153 495 1210 127,
516 1152 544 1197 9
592 1151 775 1197 iniuria
819 1149 1136 1198 Schenkelius
1184 1150 1242 1198 de
1288 1152 1408 1197 nota
1455 1149 1626 1197 critica
1673 1149 1735 1196 ad
1781 1145 1875 1207 ἕως

185 1225 369 1286 scripta
407 1218 497 1290 (ὡς
527 1224 677 1271 PBV
704 1227 745 1271 et
774 1226 905 1271 inser
934 1218 1055 1272 Aof
1129 1238 1205 1271 om
1234 1216 1385 1290 Ferr)
1424 1225 1484 1271 ut
1521 1240 1696 1285 parum
1736 1223 1875 1271 clara

188 1299 419 1359 queritur.
495 1298 625 1345 Nam
668 1298 892 1359 quamvis
939 1313 997 1345 ea
1043 1297 1406 1346 dubitationem
1451 1298 1588 1345 tollit
1632 1294 1722 1356 ἕως
1768 1312 1874 1345 6336

187 1372 235 1419 111
274 1372 337 1431 L,
377 1369 441 1429 ὡς
479 1373 531 1418 111
561 1372 712 1419 PBV
737 1373 785 1419 et
822 1373 1056 1419 iusertum
1094 1374 1256 1433 prima
1293 1387 1445 1419 manu
1475 1373 1527 1419 in
1559 1370 1609 1418 A
1640 1374 1690 1419 et
1719 1386 1874 1418 manu

184 1445 450 1494 recentiore
489 1446 518 1505 f
547 1445 599 1491 in
643 1444 692 1493 O.
1242 1508 1245 1511 Ι

294 1536 341 1580 p.
363 1519 523 1579 128,9
557 1518 702 1577 νόσος
732 1516 822 1584 γὰρ
857 1517 917 1582 δὴ
950 1518 1232 1582 κατειλήφει
1261 1518 1353 1582 τὴν
1383 1517 1631 1578 ἐπίδειξιν.
1692 1519 1875 1567 Deesse

187 1590 302 1655 μετὰ
341 1595 454 1640 ante
493 1591 582 1655 τὴν
620 1591 852 1650 ἐπίδειξιν
897 1594 1021 1640 1111111
1059 1594 1219 1641 visum
1263 1596 1336 1640 est
1374 1609 1533 1654 neque
1571 1594 1717 1641 huius
1757 1608 1874 1640 con—

186 1669 400 1714 iecturae
446 1682 522 1713 me
567 1667 801 1727 paenitet.
877 1667 1007 1714 Nam
1056 1667 1186 1728 quod
1227 1666 1545 1715 Schenkelius
1592 1665 1877 1729 κατειλήφει

187 1741 278 1788 hoc
328 1741 433 1787 loeo
480 1739 611 1787 idem
657 1740 931 1803 significare
984 1757 1126 1802 posse
1180 1741 1389 1788 credidit
1422 1741 1574 1803 quod
1620 1738 1877 1803 ἐπειλήφει.

188 1815 376 1874 excepit,
415 1813 610 1860 irritum
648 1817 734 1861 est.
803 1814 878 1861 Ne
917 1812 1167 1878 ἐπειλήφει
1208 1815 1406 1876 quidem
1442 1830 1553 1862 cum
1587 1814 1875 1862 accusativo

188 1890 430 1935 structum
461 1889 639 1946 excepit
667 1887 926 1950 significat,
960 1889 1043 1936 sed
1073 1890 1345 1948 interrupit.
1407 1887 1553 1946 νόσος
1581 1905 1696 1936 vero
1728 1905 1874 1936 κατα-

188 1959 421 2023 λαμβάνει
466 1958 573 2007 τινὰ
618 1961 710 2008 hoc
755 1962 862 2010 loco
908 1962 1034 2009 nihil
1073 1962 1208 2009 aliud
1251 1962 1526 2026 significare
1564 1964 1729 2025 potest
1774 1961 1876 2010 nisi

189 2034 317 2095 quod
354 2035 525 2081 ceteris
564 2035 810 2082 omnibus:
848 2037 1043 2083 morbus
1081 2038 1279 2096 corripit
1317 2037 1537 2095 aliquem.
1613 2034 1870 2084 Obiectum

190 2124 245 2170 με
285 2123 340 2154 ex
379 2108 633 2155 enuntiato
674 2109 979 2156 antecedenti
1022 2108 1054 2157 ἅ
1093 2127 1149 2173 με
1188 2106 1218 2172 ἡ
1261 2109 1406 2168 νόσος
1444 2108 1697 2175 εἰργάσατο
1739 2109 1875 2172 cogi—

189 2182 376 2228 tatione
414 2182 734 2242 repetendum
774 2185 860 2229 est.

298 2270 345 2315 p.
382 2255 545 2315 129,1
590 2255 632 2302 si
674 2259 840 2303 notam
889 2257 1110 2304 criticam
1159 2257 1220 2304 ad
1266 2257 1417 2304 verba
1463 2255 1571 2320 ἐμοὶ
1608 2283 1670 2290 -
1710 2259 1738 2303 2
1781 2257 1877 2320 ζῆν

188 2328 262 2374 ita
302 2327 537 2375 dedissem
575 2331 632 2375 ut
671 2328 984 2377 Schenkelius
1032 2331 1162 2378 vult:
1210 2332 1379 2390 „habet
1418 2331 1471 2386 V,
1522 2346 1544 2378 e
1581 2332 1685 2379 Par
1725 2331 1873 2377 3016

191 2400 290 2448 add
323 2399 467 2447 M0r“
507 2404 663 2448 totam
701 2403 944 2450 rationem
983 2420 1142 2451 meam
1181 2404 1563 2466 dereliquissem,
1604 2403 1875 2452 secundum

192 2489 341 2535 quam
374 2490 470 2521 non
503 2474 802 2522 adnotantur
831 2476 926 2522 nisi
959 2493 1083 2538 quae
1117 2494 1146 2525 a
1177 2480 1314 2525 textu
1345 2480 1541 2540 recepto
1575 2478 1874 2539 discrepant

301 2564 346 2608 p.
384 2548 501 2606 130,
521 2549 550 2595 9
591 2547 786 2611 ἔρχομαι
826 2547 936 2611 μέν,
983 2549 1073 2614 οὐχ
1118 2548 1262 2618 ὁμοία
1309 2548 1361 2599 ὃε
1407 2570 1489 2599 και
1535 2551 1770 2616 πρότερον
1809 2555 1874 2618 τῇ

191 2626 352 2686 ψυχῇ,
398 2617 516 2667 ἀλλὰ
563 2620 663 2669 τότε
709 2618 796 2684 μὲν
843 2622 983 2689 [λαρᾷ
1029 2641 1075 2672 τε
1114 2622 1196 2671 καὶ
1242 2622 1618 2692 εὐθυμουμένῃ,
1665 2623 1874 2689 1ὕστερον

192 2689 243 2740 δὲ
293 2690 440 2756 ἅχους
486 2710 532 2740 τε
582 2692 701 2742 πλέα
750 2693 830 2742 καὶ
877 2695 1256 2764 διατεθυμμένῃ.
1339 2699 1579 2746 ffltimam
1627 2713 1795 2746 vocem
1843 2713 1875 2745 e

192 2767 474 2813 coniectura
520 2767 706 2815 Reiskii
752 2772 800 2816 et
847 2768 1018 2817 Cobeti
1066 2772 1263 2831 reposui
1309 2771 1571 2819 adnotans·
1617 2772 1703 2819 etsi
1746 2773 1868 2819 veri-

192 2842 334 2886 tatem
364 2841 574 2887 lectionis
600 2846 852 2900 praestare
882 2844 1004 2890 nolo,
1073 2844 1285 2891 Verbum
1328 2844 1584 2906 διατύφειν
1621 2859 1870 2905 nusquam

194 2912 323 2973 apud
375 2912 637 2960 Libanium
691 2918 861 2963 exstat.
936 2917 1079 2963 Nunc
1132 2917 1451 2977 praetulerim
1506 2917 1636 2979 quod
1686 2917 1877 2965 Asmus.
