1992 3094
872 783 1161 837 xxxvm
1176 783 1232 855 1)

325 908 497 956 Oratio
544 905 688 955 κατὰ
728 907 1033 972 Σιλβανοῦ
1082 907 1171 955 sub
1217 907 1365 955 finem
1405 909 1560 968 vitae,
1613 907 1742 955 certe
1789 909 1955 970 post

212 999 396 1030 annum
445 975 605 1048 3882)
655 983 932 1043 conscripta
980 997 1079 1043 qua
1117 981 1355 1029 Libanius
1402 981 1655 1064 nequitiae
1696 980 1903 1040 Silvani,

210 1057 487 1105 decurionis
534 1056 855 1116 Antiocheni,
904 1050 1024 1103 olim
1071 1055 1302 1118 discipuli
1348 1055 1445 1116 sui,
1490 1057 1707 1118 imagine
1754 1054 1903 1103 ducta

209 1135 267 1178 ut
305 1131 621 1191 immunitate
667 1093 892 1192 privetur
931 1145 961 1177 a
1007 1132 1182 1177 senatu
1220 1129 1530 1178 Antiocheno
1578 1129 1727 1191 petit,
1779 1125 1900 1177 cor-

209 1200 364 1266 poris'
417 1205 519 1252 fere
571 1204 750 1251 finibus
811 1205 1181 1266 circumscripta
1224 1205 1423 1251 mansit.
1509 1203 1699 1252 Parvus
1744 1203 1904 1266 igitur

209 1294 442 1327 numerus
483 1278 706 1326 codicum
745 1280 819 1326 est
850 1278 1029 1340 quibus
1067 1278 1127 1326 ad
1160 1280 1382 1326 nostram
1413 1279 1629 1325 aetatem
1661 1277 1899 1340 pervenit.

211 1352 339 1412 Sunt
378 1355 543 1400 autem
581 1352 635 1399 hi
674 1342 860 1400 decem:

324 1429 369 1475 1.
405 1425 724 1475 Chisianus
755 1425 889 1473 RVI
913 1427 981 1473 43
1010 1418 1104 1492 (-—--
1124 1418 1184 1491 C)
1211 1419 1342 1474 saec.
1360 1425 1477 1473 XIV
1508 1425 1593 1474 fol.
1614 1426 1734 1473 283.
1773 1424 1900 1472 Vide
1967 1455 1971 1460 ‹

208 1502 243 1549 t.
268 1500 295 1549 Ι
324 1517 371 1563 p.
400 1502 468 1549 10
486 1515 556 1562 sq.
591 1503 640 1546 et
668 1504 828 1562 'supra
861 1516 913 1562 p.
943 1501 1062 1547 164.
1142 1498 1354 1548 Contuli.
1961 1514 1963 1518 ⁴

323 1577 368 1622 2.
396 1574 684 1622 Patmius
725 1575 829 1621 471
874 1566 970 1639 (π
1002 1566 1096 1639 Pa)
1137 1589 1261 1623 saec.
1293 1573 1412 1621 XIV
1438 1573 1541 1636 ⁴fol.
1576 1574 1697 1620 316.
1774 1572 1900 1620 Vide

208 1650 243 1696 t.
276 1647 301 1695 Ι
343 1665 389 1710 p.
425 1650 490 1696 41
505 1664 575 1710 sq.
616 1650 665 1694 et
718 1649 799 1710 69.
882 1646 1105 1696 Contulit
1157 1664 1323 1696 meum
1375 1649 1430 1696 in
1482 1663 1629 1695 usum
1681 1647 1899 1711 gratiose

209 1721 420 1770 Staurus
460 1721 701 1770 Teliacus.
913 1770 916 1773 ,
1239 1784 1241 1786 ¹

322 1797 368 1844 3.
422 1795 794 1844 Monacensis
833 1812 912 1859 gr.
945 1796 1051 1843 483
1102 1795 1221 1843 olim
1266 1796 1653 1859 Augustanus
1702 1787 1796 1861 (=
1828 1787 1896 1859 A)

207 1885 330 1918 saec.
357 1870 402 1917 X
439 1870 525 1917 fol.
554 1871 696 1917 175&
773 1869 900 1916 Vide
938 1871 974 1917 t.
999 1869 1025 1917 Ι
1054 1887 1101 1932 p.
1131 1870 1196 1917 15
1216 1885 1287 1931 sq
1366 1867 1580 1918 Contuli.

321 1945 368 1992 4.
415 1942 747 1992 Vaticanus
787 1942 1129 2006 Palatinus
1146 1959 1225 2007 gr.
1268 1943 1371 1991 282
1415 1935 1510 2010 (=
1535 1935 1597 2009 P)
1631 1957 1754 1990 saec.
1779 1940 1898 1990 XIV
1941 1941 1992 1961 ‘⁹

207 2017 291 2066 fol.
321 2018 440 2066 203.
516 2016 642 2064 Vide
681 2019 718 2066 t.
742 2017 768 2064 I
797 2034 844 2080 p.
873 2018 942 2066 20
960 2032 1030 2079 sq.
1078 2015 1323 2067 Contuli.

321 2093 366 2138 5.
409 2090 969 2139 Cheltenhamensis
998 2092 1175 2140 10618
1210 2105 1334 2139 saec.
1352 2084 1700 2155 XVIIJXVIII
1723 2065 1808 2138 fol.
1828 2090 1893 2137 66

207 2180 237 2212 a
268 2164 523 2212 Leonardo
555 2164 765 2212 Adami
803 2181 828 2212 e
859 2165 907 2212 P
931 2164 1299 2226 transscriptus.
1358 2164 1485 2211 Vide
1523 2166 1559 2212 t.
1581 2164 1606 2210 Ι
1637 2181 1682 2226 p.
1705 2164 1807 2211 282
1825 2178 1895 2224 sq.

321 2239 366 2286 6.
413 2238 753 2287 Marcianus
794 2239 1038 2301 append.
1071 2237 1194 2286 XCI
1209 2241 1238 2286 2
1281 2231 1376 2305 (=
1401 2230 1451 2305 Ι)
1498 2253 1622 2306 saec.
1645 2236 1773 2285 XIV
1810 2237 1894 2285 fol.

208 2313 354 2359 230&
429 2311 557 2360 Vide
595 2314 630 2359 t.
655 2311 680 2359 I
710 2329 758 2375 p.
785 2314 972 2374 217sq.
1051 2311 1266 2360 Contuli.

327 2439 368 2491 1)
402 2424 562 2481 Oratio
586 2437 799 2481 XXXVII
830 2436 1051 2481 editionis
1083 2436 1366 2481 Reiskianae
1397 2438 1430 2480 t.
1449 2437 1490 2480 II
1513 2452 1558 2494 p.
1580 2441 1723 2495 327-
1716 2441 1811 2494 341
1845 2435 1895 2479 111

204 2495 294 2539 hac
327 2495 533 2540 editione
565 2510 706 2552 supra
737 2512 781 2552 p.
809 2500 983 2539 58—79
1015 2495 1223 2552 reposita
1255 2498 1338 2540 eet.

326 2556 368 2611 2)
413 2554 534 2598 Nam
565 2555 765 2599 rhetoris
797 2554 954 2599 Latini
987 2569 1125 2622 quem
1155 2554 1244 2599 hoc
1276 2568 1396 2598 anno
1428 2554 1679 2598 Antiochia
1713 2552 1894 2610 accepit

207 2614 256 2668 (t
275 2613 296 2656 I
323 2617 421 2667 192,
440 2618 553 2656 19-
560 2617 658 2667 193,
677 2616 735 2669 6),
775 2614 951 2658 mentio
991 2614 1043 2658 fit
1075 2614 1124 2657 in
1155 2613 1244 2658 hac
1276 2612 1485 2657 oratione
1516 2628 1560 2669 p.
1589 2618 1772 2667 255‚16.
1834 2611 1893 2655 Et

205 2671 419 2715 Silvanus
453 2672 554 2728 qui,
597 2686 701 2715 cum
743 2672 965 2716 Libanius
1010 2672 1217 2717 scholam
1254 2671 1533 2716 Antiochiae
1573 2672 1775 2728 aperiret
1805 2671 1830 2714 i.
1852 2683 1889 2714 e.

204 2743 308 2774 vere
349 2732 459 2774 anni
492 2735 597 2783 354,
640 2748 667 2773 a
698 2733 831 2787 patre
872 2731 1134 2775 Gaudentio
1172 2732 1357 2775 rhetore
1405 2731 1465 2775 ad
1504 2731 1626 2774 hunc
1667 2731 1891 2774 deductus

204 2792 307 2832 erat
337 2792 397 2846 (p.
427 2795 526 2843 253,
547 2792 686 2845 2811),
734 2790 828 2833 iam
861 2790 1007 2833 filium
1040 2790 1386 2834 adulescentem
1418 2790 1558 2833 habet
1598 2792 1659 2846 (p.
1686 2794 1785 2843 255,
1805 2790 1890 2843 13),

206 2847 496 2891 Gaudentius
545 2862 648 2892 vero
697 2849 824 2892 senio
865 2849 1102 2893 confectus
1142 2851 1339 2893 mortem
1382 2847 1563 2892 obierat
1609 2852 1669 2904 (p.
1696 2853 1795 2901 259,
1816 2850 1891 2900 103

205 2911 305 2961 261,
325 2910 382 2958 8).
447 2906 513 2951 Cf.
541 2907 816 2951 Sieversium
843 2922 888 2963 p.
911 2912 992 2951 188
1018 2910 1113 2951 not.
1133 2912 1172 2951 3.
