1992 3094
164 103 275 156 438
662 100 889 144 LIBANII
921 99 1144 143 ORATIO
1176 99 1363 144 XLVIII

167 240 214 291 εἰ
255 238 316 291 δὲ
362 239 451 291 καὶ
497 238 568 306 μὴ
609 244 796 304 τοῦτο,
847 235 982 288 ἀλλὰ
1029 235 1376 303 πεφύλακταί
1421 255 1482 303 γε
1527 245 1592 306 τῇ
1639 239 1854 309 σπουδῇ

166 334 230 397 τῇ
277 328 398 395 περὶ
454 333 623 379 ταῦτα
677 333 794 387 ταῖς
846 326 1077 391 βουλαῖς
1129 325 1194 376 τὰ
1247 325 1387 392 πρὸς
1442 325 1608 387 αὐτὰς
1654 327 1856 393 δίκαια,

168 412 444 485 γράμμαθ’
493 414 525 467 ἃ
570 410 702 481 ἧκεν
749 413 827 474 εἰς
872 413 932 464 τὸ
984 413 1267 479 βασίλειον
1314 411 1420 466 ἀπὸ
1471 422 1583 466 τῶν
1629 412 1857 467 ἐκείνων

167 506 349 571 λόγων
389 506 653 571 ζητοῦντα
693 501 1028 570 ἐπικουρίαν.
1107 501 1191 552 21.
1249 499 1355 553 εἰσὶ
1403 498 1463 554 δὲ
1503 504 1561 554 οἳ
1597 501 1857 570 λέγουσιν

123 613 142 645 5
167 592 336 645 αὐτὸν
382 590 468 661 ἐφ’
516 590 544 643 ὃ
592 587 694 659 μὲν
742 590 916 651 εὐθὺς
962 585 1093 657 ἧκεν
1142 588 1322 655 ἐᾶσαι,
1372 591 1747 658 βουλεύεσθαι
1794 589 1855 645 δὲ

77 693 179 737 RH
196 698 279 737 537
312 690 426 742 τοῖς
466 684 875 750 Βαλεντινιανῷ
906 676 911 748 Ι
949 676 1176 740 δόξασιν
1216 678 1419 745 ἀμῦναι
1457 687 1576 741 ταῖς
1613 682 1855 747 βουλαῖς.

166 768 194 821 ὃ
243 769 343 821 οὐκ
390 767 459 821 ἂν
506 767 575 821 ἔτ’
615 765 684 836 ἢν
732 766 793 820 εἶν
831 767 1083 838 μετεώρῳ
1127 776 1239 820 τῶν
1279 766 1594 837 ἁπανταχοῦ
1632 770 1856 835 βουλῶν

164 858 230 909 τὰ
275 866 444 910 τινῶν
482 855 886 926 μιμησαμένων.
964 856 1011 908 εἰ
1059 856 1162 925 γὰρ
1203 856 1342 908 ἄλλα
1381 854 1463 908 ἐπ’
1502 857 1689 919 ἄλλοις
1727 856 1856 927 ἀφι-

165 955 345 999 κνεῖτο
393 947 679 1016 γράμματα
725 945 896 997 ταύτὰ
943 945 1178 1013 δεόμενα
1232 945 1323 997 καὶ
1376 947 1584 1008 πόλεως
1631 943 1857 1014 ἑκάστης

99 1057 141 1089 10
166 1034 307 1105 ἑώρα
351 1037 452 1104 τὴν
500 1035 654 1104 ῥίζαν
692 1032 1077 1100 κεκακωμένην
1114 1033 1205 1086 καὶ
1252 1041 1320 1101 γῆ
1368 1052 1425 1085 τε
1471 1033 1560 1086 καὶ
1599 1033 1857 1087 θάλασσα

164 1124 334 1176 ταύτὰ
367 1124 627 1193 ὠδύρετο,
667 1131 777 1175 πᾶν
816 1122 877 1174 τὸ
919 1123 1231 1190 μαχόμενον
1262 1122 1457 1190 ἡττᾶτο
1490 1121 1559 1174 ἂν
1590 1129 1691 1174 τοῦ
1722 1125 1857 1191 πλή-

164 1218 306 1275 θους
352 1222 461 1266 τῶν
510 1213 881 1264 ἱκετευόντων.
957 1217 1065 1262 νῦν
1112 1210 1173 1262 δὲ
1218 1218 1334 1272 τοῖς
1379 1210 1445 1262 οὐ
1495 1212 1745 1279 δεηθεῖσι
1790 1211 1856 1263 τὰ

164 1310 273 1354 τῶν
319 1300 637 1369 δεηθέντων
681 1299 997 1368 βέβλαπται.
1083 1298 1210 1351 ὥστ’
1257 1300 1400 1362 εἰκὸς
1455 1298 1525 1352 ἂν
1577 1298 1668 1352 καὶ
1724 1300 1856 1368 ἡμῖν

165 1389 447 1457 ἐγκαλοῖεν
471 1390 523 1442 οἱ
556 1387 681 1458 περὶ
713 1389 813 1441 τὸν
839 1390 1061 1441 Πόντον
1092 1388 1164 1450 ὡς
1196 1387 1321 1457 παρ’
1353 1389 1492 1457 ἡμᾶς
1519 1383 1598 1441 ὧν
1631 1392 1856 1458 ε’χρῃζον

99 1499 140 1531 15
166 1478 550 1547 ἀτυχήσαντες,
603 1476 694 1530 καὶ
743 1479 955 1544 μᾶλλόν
1008 1496 1069 1545 γε
1118 1477 1248 1546 ἡμῖν
1295 1477 1325 1544 ἢ
1375 1478 1586 1545 ἄλλοις,
1641 1477 1855 1548 ὅσῳπερ

165 1566 225 1619 ἐν
263 1570 468 1634 μείζονι
507 1565 653 1629 τάξει
692 1566 754 1618 τὸ
795 1574 889 1634 τῆς
921 1563 1253 1634 Ἀντιοχείας
1291 1567 1480 1635 ὄνομα.

275 1656 360 1708 22.
416 1656 570 1725 Πρὸς
602 1657 797 1708 τοίνυν
835 1655 1054 1716 τούτοις
1084 1653 1306 1707 κάκεῖνο
1347 1656 1416 1707 ἄν
1454 1675 1537 1717 τις
1567 1654 1702 1724 ὑμῖν
1742 1653 1856 1708 ἐπι-

164 1745 455 1813 τιμήσειεν,
498 1744 580 1796 ὅτι
618 1743 886 1805 πλέοντας
917 1741 1046 1796 καθ’
1077 1742 1310 1795 ἕκαστον
1341 1746 1437 1813 ἔαρ
1471 1743 1706 1811 ὁρῶντες
1744 1753 1857 1796 τῶν

165 1835 243 1884 ἔτι
276 1835 663 1900 βουλευόντων
693 1832 725 1900 ἢ
758 1834 1210 1900 βεβουλευκότων
1245 1851 1307 1900 γε
1345 1833 1546 1894 παῖδας
1585 1835 1715 1895 τοὺς
1754 1832 1857 1901 μὲν

98 1942 142 1974 20
167 1922 243 1983 εἰς
282 1923 560 1990 Βηρυτόν,
607 1923 737 1983 τοὺς
786 1921 846 1973 δὲ
893 1921 970 1983 εἰς
1006 1920 1215 1988 Ῥώμην
1262 1921 1388 1973 οὔτε
1435 1921 1681 1989 ἄχθεσθε
1728 1922 1856 1974 οὔτε

286 2071 339 2109 10
373 2066 428 2110 cf.
454 2069 486 2110 ι.
512 2066 554 2109 Π
580 2071 714 2122 299‚7
841 2070 895 2109 14
928 2066 1023 2111 cf.1
1050 2071 1208 2120 186,1;
1231 2066 1273 2109 Π
1298 2070 1457 2120 92‚11;
1483 2065 1612 2110 Dem.
1630 2081 1674 2122 p.
1694 2070 1856 2120 43‚14;

164 2125 528 2240 ²233,213583q'rhuc.
553 2126 574 2169 Ι
601 2130 736 2181 141,6
872 2129 928 2169 20
961 2125 1018 2169 of.
1045 2141 1088 2182 p.
1108 2130 1268 2180 274,2;
1302 2129 1576 2181 281‚13sq.;
1610 2130 1744 2180 283,1
1765 2139 1855 2181 sq.;

257 2219 266 2238 ‚
380 2221 387 2228 .

288 2323 308 2360 1
343 2319 421 2361 καὶ
455 2331 529 2361 om
561 2319 594 2361 Ι
708 2323 733 2361 3
767 2314 1013 2375 γράμμαθ’
1050 2317 1215 2374 scripsi
1246 2331 1271 2361 e
1306 2318 1476 2362 CMOP
1504 2317 1587 2362 sed
1617 2317 1668 2359 in
1698 2317 1786 2360 hoc
1817 2319 1855 2360 θ’

165 2376 214 2419 in
246 2390 321 2420 ras
352 2377 421 2419 m2
481 2374 711 2433 γράμματ’
741 2378 786 2421 A
847 2376 1092 2434 γράμματα
1123 2376 1293 2431 reliqui
1324 2375 1435 2419 libri
1466 2376 1558 2420 edd
1585 2378 1590 2434 Ι
1619 2373 1800 2420 ἐκείνου
1828 2377 1862 2420 Ι

227 2439 251 2478 5
285 2436 429 2487 εὐθὺς
452 2451 528 2479 om
552 2437 586 2479 I
606 2438 612 2492 Ι
642 2435 773 2479 ἐασαι
799 2437 878 2480 ΑΙ
901 2438 945 2492 Ι
951 2442 1046 2490 aut
1071 2450 1154 2493 pro
1186 2436 1492 2493 βουλεύεσθαι
1523 2437 1603 2492 169.
1630 2434 1853 2493 συμβαλέ-

166 2497 283 2537 σθαι
315 2500 396 2538 aut
430 2496 508 2552 leq.
535 2494 880 2552 βουλεύσασθαι
913 2495 964 2539 δὲ
996 2494 1308 2553 συλλαβέσθαι
1334 2496 1422 2549 (vel
1453 2494 1757 2550 ἐπικουρῆσαι
1787 2495 1856 2538 vel

168 2554 404 2610 βοηθῆσαι
435 2555 503 2598 vel
532 2555 620 2597 tale
651 2555 780 2609 quid)
813 2558 938 2603 τοῖς“
970 2554 1037 2597 Re
1216 2558 1240 2596 6
1275 2553 1449 2609 ἀμυναι
1484 2555 1663 2598 ΜοΑΡ
1692 2553 1773 2596 sed
1804 2553 1854 2596 in

168 2610 422 2655 hoc‘in'‘
458 2626 558 2656 corr
588 2612 657 2654 111²
719 2612 775 2656 cf.
809 2628 851 2668 p.
883 2617 1047 2667 156,;6
1078 2613 1346 2667 t.‚115181
1502 2610 1803 2657 ’ἵέτόηιΙ

170 2675 193 2712 9
220 2670 365 2714 ταύτὰ
389 2671 456 2714 Re
516 2678 662 2714 ταῦτα
685 2671 794 2713 libri
820 2671 952 2728 Bong
1046 2676 1099 2714 10
1122 2671 1335 2715 θάλαττα
1359 2671 1430 2716 ΟΙ
1445 2671 1535 2715 edd
1629 2676 1681 2714 11
1706 2669 1853 2714 ταύτὰ

167 2728 236 2771 Re
295 2736 440 2772 ταῦτα
471 2729 582 2772 libri
614 2729 746 2785 Bong
879 2734 932 2773 13
966 2729 1078 2774 ὥστε
1109 2731 1200 2774 ΙΜ
1228 2730 1319 2774 edd
1370 2732 1375 2787 Ι
1426 2730 1549 2780 εἰκὸς
1579 2732 1653 2774 Ρα
1684 2729 1766 2773 sed.
1797 2746 1852 2786 γρ

168 2785 357 2839 εἰκότως
387 2788 435 2830 in
467 2802 599 2846 marg
629 2788 700 2831 m²
726 2791 732 2844 Ι
760 2790 869 2845 ὑμῖν
892 2790 924 2831 Ι
1042 2794 1097 2831 14
1128 2789 1250 2845 ἡμᾶς
1272 2789 1347 2832 Re
1401 2790 1520 2845 ὑμᾶς
1542 2789 1652 2832 libri
1683 2789 1816 2845 Bong
1843 2788 1848 2846 Ι

169 2845 356 2902 ἔχρῃζον
382 2848 586 2892 MoPIB
610 2847 743 2904 Bong
865 2851 917 2890 15
950 2848 1059 2903 ὑμῖν
1082 2849 1117 2891 Ι
1233 2853 1284 2890 17
1319 2849 1429 2903 ὑμῖν
1459 2847 1646 2904 reposui
1672 2861 1697 2890 e
1720 2846 1852 2890 libris

227 2905 352 2959 ὑμῶν
385 2905 476 2947 edd
598 2910 651 2949 18
684 2904 977 2949 καθέκαστον
1007 2907 1043 2949 Ι
