1992 3094
470 131 696 175 LIBANH
728 130 952 175 ORATIO
987 131 1068 174 AD
1102 130 1464 175 EUMOLPIUM
1704 132 1812 184 285

121 267 409 336 ἀναγκάζει
449 268 649 335 φίλους
687 272 971 319 ποιεῖσθαι
1019 267 1080 319 τὸ
1119 268 1356 335 πλησίον
1395 268 1587 335 οἰκεῖν,
1636 266 1753 319 ἀλλ’
1784 267 1812 319 ὁ

120 357 222 424 μὲν
260 356 537 418 στενωπὸς
584 348 662 417 εἷς
709 354 921 424 ἀμφοῖν
966 355 1056 408 καὶ
1097 357 1145 408 εἰ
1183 356 1375 424 βούλει
1415 375 1500 424 γε,
1547 355 1576 409 ὁ
1615 364 1813 425 τοῖχος,

122 443 239 499 ἀλλ’
278 444 344 498 οὐ
393 447 550 513 φίλοι
597 463 658 511 γε
700 445 846 513 παρὰ
893 451 1081 512 τοῦτο,
1128 443 1380 511 πολέμιοι
1425 440 1528 513 μὲν
1574 441 1678 498 οὗν
1723 443 1812 497 καὶ

120 534 319 587 πολλαὶ
364 532 528 602 μάχαι
567 533 657 586 καὶ
697 531 826 585 καθ’
859 531 1091 601 ἑκάστην
1136 532 1209 595 ὡς
1247 534 1424 586 εἰπεῖν
1467 533 1569 601 τὴν
1607 531 1815 602 ἡμέραν

122 623 424 690 τραύματα,
471 619 563 675 καὶ
609 622 671 674 τὸ
721 629 966 690 γειτνιᾶν
1012 622 1078 674 οὐ
1128 624 1316 690 φιλίας
1362 616 1479 675 οἶδε
1525 625 1735 688 μᾶλλον
1781 622 1813 691 ἢ

123 712 447 779 δυσμενείας
485 719 681 764 ποιεῖν.
757 709 847 763 καὶ
888 711 1091 763 τούτου
1138 713 1328 779 μυρίοι
1379 707 1481 778 μὲν
1526 711 1813 780 μάρτυρες,

122 799 304 869 ἀρκεῖς
343 796 403 852 δὲ
444 800 532 868 σύ,
573 799 633 862 ὃς
669 799 844 862 οὕτως
876 802 1015 868 ἔχων
1047 802 1268 866 γείτονα
1299 800 1539 867 Μάγνον
1575 798 1636 852 ἐν
1669 799 1813 852 οὕτω

121 895 309 960 μακρῷ
348 887 568 958 πολέμω
609 889 747 958 πρὸς
787 888 957 940 αὐτὸν
1002 891 1271 956 βεβίωκας
1315 897 1427 941 τῶν
1467 890 1686 957 εἰρήνης
1723 907 1813 955 με·-

121 976 414 1046 μνημένων
468 980 658 1046 ληρεῖν
712 991 801 1030 σοι
857 978 1188 1030 δοκούντων.
1278 977 1358 1029 13.
1420 977 1654 1046 μάλιστα
1714 996 1815 1043 μεν

122 1062 226 1120 οὖν
267 1065 431 1135 ἐχρῆν
470 1074 672 1142 φυγεῖν
720 1065 859 1128 ὅλως
905 1066 1002 1118 τὸν
1050 1065 1217 1133 ἀσεβῆ
1264 1064 1354 1118 καὶ
1403 1067 1624 1133 γείτονα
1663 1066 1813 1132 ὄντα,

122 1162 230 1208 νῦν
269 1153 318 1207 δ’
351 1155 525 1217 οὕτως
572 1153 742 1207 αὐτὸν
789 1153 1133 1222 ἐθαύμασας,
1189 1152 1327 1206 ὥσθ’
1359 1154 1497 1223 ὑπὲρ
1543 1162 1638 1221 τῆς
1679 1156 1815 1222 πρὸς

122 1242 336 1297 ἐκεῖνον
381 1244 604 1312 χάριτος
649 1244 715 1295 τὰ
768 1243 906 1312 πρὸς
952 1244 1090 1312 ἡμᾶς
1137 1244 1322 1296 δίκαια
1373 1242 1647 1312 συνέχεας.
1724 1240 1814 1295 καὶ

123 1332 299 1395 οὕτως
338 1332 546 1385 ἀδικῶν
585 1330 753 1402 ᾔδεις,
793 1330 922 1385 ὥστ’
954 1332 1020 1384 οὐ
1072 1331 1380 1401 μετέδωκας
1418 1331 1550 1401 ἡμῖν
1588 1338 1688 1384 τοῦ
1728 1350 1815 1399 γε-

122 1420 435 1489 νησομένου
476 1419 598 1474 οὐδ’
630 1415 777 1484 εἶπες
815 1422 1164 1490 προσελθών,
1205 1420 1288 1473 ὅτι
1325 1420 1553 1489 βούλοιο
1585 1416 1687 1487 μὲν
1717 1420 1816 1472 τὸν

42 1540 50 1558 ι
134 1507 491 1579 Ἀλεξάνδρου
539 1511 912 1579 παρεδρεῦσαι
965 1515 1040 1581 τῷ
1097 1516 1173 1581 σῷ
1221 1507 1323 1578 μὲν
1374 1509 1614 1581 ἀδελφῷ,
1670 1510 1813 1580 φίλῳ

122 1598 184 1651 δὲ
239 1596 367 1670 ἐμῷ,
430 1599 657 1651 δεινὸν
719 1598 788 1652 δὲ
850 1598 1216 1667 ἡγούμενος
1276 1595 1346 1650 ἐν
1400 1596 1633 1668 ἀγνοίᾳ
1696 1612 1814 1651 σου

121 1694 315 1740 τοῦτο
356 1687 670 1754 γενέσθαι
718 1687 879 1755 λέγω
919 1706 984 1740 τε
1032 1685 1137 1739 καὶ
1177 1685 1471 1755 προλέγω
1517 1685 1622 1739 καὶ
1661 1689 1815 1754 βου-

31 1822 36 1829 .
124 1777 357 1844 λοίμην
397 1777 474 1828 ἄν
513 1790 580 1828 σε
620 1777 698 1845 μὴ
741 1775 1159 1828 διακωλύσαι.
1207 1775 1382 1838 οὕτως
1421 1773 1491 1827 ἂν
1530 1773 1716 1844 ἐτίμας
1754 1777 1814 1828 τὸ

123 1871 219 1932 τῆς
264 1865 453 1933 φιλίας
500 1865 698 1932 ὄνομα,
747 1865 922 1926 οὕτως
968 1862 1037 1916 ἂν
1080 1863 1109 1916 ὃ
1155 1871 1439 1933 προσῆκον
1484 1859 1624 1931 <ἦν>
1670 1864 1817 1917 ἅπαν

125 1951 427 2023 ἐπέπρακτο
466 1955 762 2017 πείθοντός
799 1973 857 2006 τε
899 1954 991 2006 καὶ
1039 1953 1106 2005 οὐ
1145 1956 1457 2014 πείθοντος.
1534 1960 1641 2005 νῦν
1681 1953 1743 2005 δὲ
1781 1953 1813 2020 ἡ

126 2043 301 2110 κλοπὴ
340 2049 439 2095 τοῦ
481 2043 799 2111 πράγματος
836 2040 927 2094 καὶ
966 2042 1027 2094 τὸ
1059 2042 1202 2111 πάσῃ
1235 2049 1447 2110 μηχανῇ
1480 2046 1814 2110 πειραθῆναι

125 2133 323 2183 λαθεῖν
369 2134 663 2201 τεκμήριον
710 2127 937 2200 ἐναργὲς
990 2137 1090 2183 τοῦ
1137 2127 1262 2198 μηδ’
1295 2129 1441 2201 αὐτῷ
1490 2128 1577 2183 σοὶ
1628 2131 1816 2182 δοκεῖν

127 2214 273 2271 εἶναί
307 2239 359 2272 τι
399 2220 617 2273 δίκαιον
656 2219 717 2273 ἐν
757 2212 842 2282 οἷς
880 2217 1150 2287 ἔπραττες.

1840 1089 1881 1119 10

1840 1530 1881 1563 15

1840 1975 1882 2006 20

247 2385 268 2422 1
304 2379 450 2424 οἰκεῖν
483 2381 528 2423 Ρ
557 2380 637 2423 sed
669 2396 697 2423 κ
727 2379 777 2423 in
800 2393 875 2423 ras
900 2378 969 2422 m²
1132 2384 1157 2421 5
1190 2379 1241 2422 τὸ
1273 2384 1480 2435 γειτνιᾶν
1514 2404 1568 2410 -
1603 2383 1628 2420 6
1661 2386 1815 2423 ποιεῖν
1894 2385 1898 2388 “

127 2437 244 2481 citat
268 2438 427 2482 Macar
457 2438 535 2482 fol.
556 2443 635 2482 90*
758 2444 783 2482 6
816 2438 972 2495 μύριοι
996 2437 1064 2481 Re
1186 2441 1209 2479 7
1244 2436 1393 2494 μάγον
1421 2437 1612 2493 οΡαῘῙΙ
1641 2435 1707 2494 ἐν]
1734 2438 1815 2480 καὶ

126 2497 258 2554 Bong
351 2502 405 2541 10
432 2495 544 2548 ὅλως
568 2505 735 2554 φυγεῖν
762 2499 805 2542 V
900 2502 952 2539 12
976 2496 1034 2540 τὰ
1057 2496 1174 2551 πρὸς
1198 2495 1321 2552 ἡμᾶς
1345 2496 1510 2552 scripsi
1534 2498 1724 2541 auctore
1748 2496 1814 2540 Re

186 2556 302 2610 πρὸς
324 2555 444 2613 ἡμᾶς
466 2557 523 2600 τὰ
547 2557 656 2600 libri
680 2557 772 2600 edd
894 2560 947 2598 15
973 2554 1264 2608 Ἀλεξάνδρου
1290 2555 1453 2611 scripsi
1479 2557 1667 2598 auctore
1688 2555 1755 2598 Re

128 2642 412 2700 ἀλέξανδρον
443 2645 553 2688 libri
586 2645 676 2688 edd
801 2649 852 2686 16
886 2644 1042 2688 δεινὸν
1075 2643 1125 2687 δὲ
1157 2643 1224 2686 Re
1321 2642 1478 2688 δεινόν
1511 2629 1562 2699 ξέ
1593 2644 1626 2686 I
1652 2643 1732 2688 sed
1768 2660 1814 2688 τε

129 2716 343 2759 suprascr
366 2702 436 2747 m'
511 2702 669 2748 δεινόν
699 2719 747 2748 τε
777 2702 949 2758 reliqui
979 2701 1088 2745 libri
1172 2700 1329 2747 δεινόν
1360 2718 1408 2746 τε
1440 2718 1490 2759 γε
1521 2702 1654 2760 Bong
1688 2706 1693 2759 Ι
1730 2717 1814 2746 σου

128 2760 253 2805 inser
282 2761 339 2805 1²
458 2766 512 2806 18
544 2765 856 2806 διακωλῦσαιὶ)
889 2761 946 2804 cf.
973 2761 1034 2804 ad
1063 2775 1108 2835 Ρ.
1136 2766 1236 2815 211,
1253 2765 1280 2805 8
1397 2766 1449 2805 19
1483 2767 1715 2817 προσῆκεν
1747 2761 1814 2806 Re

128 2833 371 2876 perperam
401 2820 451 2864 id
481 2820 531 2864 in
563 2823 608 2865 A
639 2821 717 2878 leg
719 2821 735 2864 i
768 2835 975 2864 asserens
1011 2824 1016 2874 Ι
1054 2837 1113 2876 ην
1145 2820 1319 2864 inserui
1351 2820 1454 2864 coll.
1480 2822 1513 2863 t.
1538 2820 1710 2873 11439
1733 2826 1754 2864 1
1774 2821 1814 2863 R

189 2883 244 2922 22
271 2879 460 2936 ἐναργὲς
482 2881 527 2924 A
552 2880 632 2924 sed
657 2897 712 2937 γρ
738 2878 947 2935 ἀληθὲς
935 2894 982 2921 1n
1007 2893 1153 2936 maiffg
1180 2881 1224 2923 Ρ
1245 2879 1326 2923 sed
1352 2879 1528 2935 ἐναργ
1514 2894 1564 2922 111
1588 2893 1662 2923 ras
1687 2879 1756 2923 m³

131 2941 186 2980 22
219 2939 267 2981 et
298 2942 398 2992 286,
417 2942 442 2982 3
475 2938 535 2994 μὴ
567 2936 615 2982 δ’
651 2940 823 2983 APIV
