1992 3094
486 124 712 167 LIBAN'II
744 124 968 169 ORATIO
1001 125 1083 168 AD
1115 123 1440 169 POLYGLEM
1710 124 1817 175 245

129 275 258 330 μασι
299 261 596 328 κεκινηκὼς
642 258 730 312 καὶ
771 268 886 322 τοῖς
936 259 1238 313 Ἰουλιανοῦ
1280 258 1577 322 διασωθεὶς
1618 259 1819 329 δάκρυ-

131 366 222 402 σιν
271 345 350 402 ὧν
397 350 599 417 ὤφειλε
645 350 823 418 χάριν,
879 350 1091 402 τούτων
1146 349 1360 402 ἀπαιτεῖ
1410 350 1566 411 δίκας
1616 349 1819 411 ψευδό-

128 458 304 506 μενος.
1553 448 1555 450 ’

245 528 325 578 12.
361 524 366 595 Ι
410 527 482 578 Τὸ
513 527 717 590 ψεῦδος
750 527 810 578 δὲ
840 534 1005 579 τοῦτο
1040 529 1109 579 σὺ
1136 527 1499 595 διηγούμενος
1530 526 1662 594 ἡμῖν
1702 538 1906 582 RH322

128 617 228 683 τὴν
281 616 427 684 παρὰ
473 623 680 668 σαυτοῦ
730 623 920 683 ψῆφον
969 618 1319 685 προσετίθεις
1372 615 1462 668 καὶ
1518 623 1676 684 φωνῇ
1727 615 1817 668 καὶ
1865 636 1884 666 5

126 703 390 772 βλέμματι
429 704 518 756 καὶ
558 713 673 766 τοῖς
712 703 816 756 άπὸ
856 712 950 772 τῆς
990 708 1230 773 κεφαλῆς
1267 703 1547 776 ἀνθρώπῳ
1587 705 1817 775 κιναίδω

126 793 261 845 κατὰ
301 791 503 860 ἀνδρὸς
542 794 834 861 σώφρονος
873 793 1268 862 συναγορεύων
1306 793 1408 845 οὐκ
1444 792 1820 861 ἀναμνησθεὶς

126 889 220 949 τῆς
278 884 541 949 Φοινίκης
603 878 734 934 οὐδὲ
797 889 892 950 τῆς
947 884 1228 935 Φοινίκων
1289 881 1500 951 ἀρχῆς,,
1543 881 1576 949 ἣ
1630 882 1817 950 πρώτη

126 970 321 1041 πρώτῳ
369 982 458 1022 σοι
505 971 637 1038 μετὰ
683 971 786 1038 τὴν
830 972 1136 1040 μοναρχίαν
1183 969 1372 1038 ἐδόθη.
1452 967 1512 1023 σε
1565 966 1666 1038 μὲν
1712 970 1816 1038 γὰρ

127 1058 228 1110 οὐκ
265 1058 548 1127 ἠπίστατο,
587 1059 695 1111 ὑπὸ
733 1060 903 1127 φίλου
943 1059 1005 1112 δὲ
1036 1057 1351 1127 ἐξηπατᾶτο.
1414 1066 1816 1128 παροινοῦντος
1845 1081 1886 1111 ιο

127 1144 188 1199 δὲ
229 1154 331 1199 σοῦ
371 1148 461 1200 καὶ
501 1132 817 1217 σωφρονεῖν
857 1148 924 1201 οὐ
965 1147 1282 1215 δυναμένου
1322 1149 1390 1200 τὰ
1424 1148 1639 1216 πονηρὰ
1678 1147 1816 1200 καλὰ

128 1239 368 1302 νομίζειν
419 1236 520 1288 οὐκ
575 1233 738 1306 εἶχεν,
795 1234 910 1288 ἀλλ’
943 1238 1160 1305 ἤχθετο.
1238 1239 1308 1290 σὺ
1357 1235 1407 1289 δ’
1439 1235 1561 1289 ἀντὶ
1608 1242 1818 1288 σαυτοῦ

127 1326 224 1378 τὸν
262 1326 491 1393 ἄριστον
530 1323 746 1378 ἐκεῖνον
785 1325 988 1394 ἐμίσεις
1037 1324 1168 1378 δέον
1208 1331 1283 1398 τῷ
1324 1325 1425 1392 μὲν
1472 1323 1677 1377 εἰδέναι
1723 1332 1820 1392 τῆς

129 1413 294 1482 ἀρχῆς
339 1415 517 1483 χάριν,
565 1412 820 1482 ἐγκαλεῖν
860 1414 922 1467 δὲ
968 1422 1083 1477 τοῖς
1125 1423 1242 1477 σοῖς
1284 1414 1599 1482 ὀφθαλμοῖς
1638 1412 1670 1481 ἢ
1711 1412 1817 1484 ὅτῳ

127 1509 297 1555 ταῦτα
338 1504 405 1570 δὴ
443 1504 509 1555 τὰ
547 1512 660 1555 τῶν
699 1501 921 1573 ἐρώτων
959 1505 1220 1571 γίγνεται.
1844 1524 1884 1556 15

245 1591 324 1643 13.
381 1590 514 1645 Ἀλλ’
556 1591 728 1644 ἐκεῖσε
768 1590 1036 1661 ἐπάνειμι,
1077 1591 1160 1644 ὅτι
1200 1592 1393 1645 κοινὸν
1442 1590 1721 1644 Ἐλπιδίου
1760 1610 1818 1643 τε

127 1678 216 1732 καὶ
258 1688 360 1732 σοῦ
407 1681 506 1734 τὸν
553 1679 670 1733 κατ’
701 1679 918 1734 ἐκείνου
967 1682 1138 1748 λόγον
1184 1679 1384 1743 ἐποίεις
1430 1678 1672 1733 ἐπαινῶν
1717 1676 1820 1746 μὲν

129 1769 227 1820 τὸν
274 1770 499 1822 εἰπόντα
546 1779 822 1839 φανερῶς,
874 1768 1117 1823 ἐπαινῶν
1163 1768 1223 1822 δὲ
1270 1762 1353 1832 οἷς
1400 1771 1543 1839 ἔφην
1593 1769 1716 1838 ἄρτι
1754 1769 1821 1821 τὰ

129 1856 400 1926 εἰρημένα.
477 1860 654 1911 καίτοι
708 1857 800 1911 καὶ
854 1859 916 1911 τὸ
970 1860 1041 1927 μὴ
1098 1868 1275 1921 κακῶς
1328 1856 1510 1926 λέγειν
1562 1857 1820 1911 κάκεῖνον

128 1946 216 1998 καὶ
255 1954 425 1999 ταῦτα
465 1947 654 2000 δεινὸν
694 1946 765 2000 ἂν
801 1944 888 2015 ἦν,
935 1946 940 2018 Ι
987 1949 1057 2000 σὺ
1098 1945 1146 1999 δ’
1179 1947 1252 2009 ὡς
1290 1945 1401 2019 ᾤου
1440 1966 1507 2015 με
1546 1949 1661 1999 πεί-
1701 1958 1908 2002 RH323

131 2049 265 2101 σειν,
304 2035 479 2097 οὕτως
517 2034 656 2104 ἐχρῶ
697 2044 813 2098 τοῖς
852 2037 1062 2103 λόγοις,
1107 2034 1209 2088 οὐκ
1248 2033 1567 2103 ἐνεγκόντος
1607 2034 1674 2088 δέ
1708 2054 1816 2104 μου
1844 2056 1886 2089 21

130 2123 353 2185 δικαίως
391 2122 483 2176 καὶ
523 2123 737 2197 ἐμαυτῷ
771 2125 873 2193 μὲν
911 2125 1129 2193 ἥκιστα,
1182 2125 1416 2193 μάλιστα
1464 2121 1524 2177 δὲ
1556 2122 1818 2196 Ἐλπιδίῳ

130 2211 409 2279 πρέποντα
456 2212 849 2282 φθεγξαμένου
901 2215 1023 2266 τότε
1062 2209 1164 2282 μὲν
1202 2213 1469 2282 οὐδεμίαν
1508 2212 1687 2277 δείξας
1727 2212 1820 2281 ὀρ-

250 2436 276 2474 8
308 2431 367 2475 cf.
394 2431 571 2476 Sievers
604 2448 647 2488 p.
676 2437 761 2475 250
884 2437 939 2476 23
973 2432 1029 2477 cf.
1055 2447 1102 2489 p.
1130 2436 1231 2487 240,
1251 2437 1304 2476 18
1319 2446 1386 2488 aq.

250 2641 276 2680 8
301 2638 476 2696 πρώτη]
492 2652 568 2682 ras
588 2643 610 2682 7
637 2638 716 2682 litt
731 2640 765 2682 Ι
782 2637 956 2682 lineola
980 2637 1167 2694 expleta
1183 2638 1266 2691 ωδ,
1292 2652 1368 2682 om
1382 2638 1517 2696 Bong
1640 2642 1693 2681 10
1719 2638 1818 2694 ἐξη-

131 2694 313 2751 πάτητο.
338 2695 483 2740 Cobet
513 2697 590 2741 1.l.
745 2703 797 2741 11
832 2695 885 2741 δέ
917 2711 1000 2741 σου
1027 2697 1165 2741 MoV
1197 2698 1203 2755 Ι
1239 2704 1495 2752 σωφρονεῖν
1528 2711 1603 2741 om
1627 2697 1761 2755 Bong

136 2757 189 2796 12
221 2754 273 2799 δὲ
303 2755 374 2799 Re
495 2761 550 2799 15
582 2755 758 2813 γίνεται
793 2757 835 2800 V
952 2761 1003 2799 17
1039 2753 1220 2800 ἐκείνου
1251 2754 1388 2814 λόγον
1419 2757 1468 2800 in
1492 2769 1568 2800 ras
1595 2762 1620 2799 5
1645 2755 1724 2799 litt
1747 2755 1820 2800 Ρ8

193 2817 249 2855 20
280 2812 332 2857 δὲ
356 2813 425 2858 Re
546 2820 598 2859 21
633 2823 730 2867 τοῖς
754 2817 797 2859 A
830 2814 911 2859 sed
943 2831 998 2870 γρ
1016 2815 1096 2858 καὶ
1126 2815 1175 2858 in
1192 2828 1340 2872 marg,
1372 2815 1422 2858 in
1445 2829 1521 2859 rae
1546 2815 1617 2859 Ρ8
1676 2815 1757 2859 καὶ
1780 2814 1825 2859 U

136 2879 143 2928 Ι
189 2869 240 2915 δέ
270 2873 394 2930 μου]
418 2871 478 2918 ἂν
511 2874 621 2930 ἐμοῦ
656 2876 739 2918 Mo
921 2878 974 2917 22
1025 2872 1187 2930 ἥκιστα
1220 2876 1267 2919 Ρ
1307 2874 1388 2918 sed
1421 2889 1472 2918 στ
1503 2874 1551 2917 in
1575 2887 1651 2917 ras
1675 2873 1745 2917 m⁴

134 2933 188 2971 23
221 2930 330 2974 οὐδὲ
354 2930 466 2987 μίαν
482 2934 526 2976 A
554 2935 559 2990 Ι
590 2932 731 2989 ὀργὴν
755 2934 789 2977 Ι
814 2932 896 2977 sed
920 2949 949 2988 μ
982 2946 1122 2989 supra
1147 2950 1173 2990 y
1198 2947 1271 2977 ser
1293 2933 1364 2976 m³
1425 2932 1570 2990 ὁρμὴν
1598 2933 1777 2978 ΟΑΡΠ
1783 2933 1827 2977 V
