1992 3094
150 73 252 117 Vm
684 70 1025 116 PRAEFATIO
1058 69 1294 114 CRITICA

145 231 266 262 num
313 216 397 262 est.
475 211 662 260 Deinde
710 211 978 259 difficultas
1023 210 1244 258 locorum
1290 210 1492 257 minime
1534 209 1692 258 tribus
1731 211 1870 259 illis*

146 287 429 351 generibus,
484 285 760 347 ellipsibus,
807 279 1205 345 traiectionibus,
1253 285 1436 331 coactis
1490 283 1836 345 relationibus,

146 361 550 423 comprehensum
604 362 677 407 est
722 387 794 391 —
838 360 988 406 immo
1043 374 1159 406 vero
1211 358 1529 406 traiectiones
1581 357 1837 407 rarissime

146 435 490 482 difficultatem
539 435 737 480 movent
782 460 853 465 —
902 432 985 480 sed
1038 432 1222 479 multas
1271 431 1393 479 alias
1449 446 1621 479 causas
1666 432 1836 493 habet,

145 510 274 556 inter
321 523 440 569 quas
488 507 799 555 obscuritatis
847 505 1103 553 cuiusdam
1150 508 1199 553 et
1238 505 1565 552 adumbrandi
1602 506 1682 553 vel
1721 508 1832 554 tan-

145 582 291 646 gendi
325 583 491 644 potius
535 597 683 642 quam
723 579 1026 627 describendi
1066 581 1114 626 et
1151 579 1400 627 tractandi
1440 579 1660 626 studium
1697 579 1836 628 haud

146 656 394 704 levissima
448 658 533 702 est.
625 654 942 715 Experientia
996 669 1112 701 vero
1168 669 1244 702 me
1299 653 1466 701 docuit
1517 653 1650 701 locos
1706 658 1861 715 quos'

145 745 394 791 nunquam
434 728 733 775 credideram
776 728 854 775 vel
894 728 954 774 ab
995 720 1471 793 Herwerden01)‚
1518 729 1604 788 qui
1642 729 1834 776 ceteros

145 819 367 852 censores
398 803 607 850 lectione
639 803 934 863 scriptorum
971 803 1186 862 superat,
1223 801 1353 849 male
1392 801 1670 849 intellectos
1711 817 1829 851 esse.

145 875 321 924 Omnia
357 877 509 938 plana
549 878 697 938 atque
737 876 870 922 clara
909 877 1022 922 sunt
1053 875 1105 921 in
1135 875 1242 923 loco
1275 874 1300 922 I
1331 891 1377 936 p.
1401 877 1600 936 177,10
1631 878 1834 924 πλεῖστα

144 947 444 1014 ἀνθρώπους
491 942 545 998 εὖ
585 948 793 1012 ποιήσας
831 948 969 998 τόνδε
1017 943 1128 996 οἶδα
1173 946 1258 996 τὸν
1297 948 1475 1015 χρόνον
1512 955 1610 997 τῶν
1649 946 1737 1013 μὲν
1775 948 1833 999 ἐν

143 1023 274 1091 χρεία
320 1022 594 1088 φαρμάκων
641 1020 796 1072 ὄντων
850 1017 925 1071 ἐπ’
977 1019 1057 1086 ἐμὲ
1111 1021 1546 1088 καταφευγόντων,
1600 1021 1720 1087 ε’μοῦ
1776 1020 1831 1072 δὲ

143 1171 184 1218 is
225 1171 387 1231 „Quae
430 1185 625 1231 quaes‘O,
671 1171 854 1232 inquit,
900 1171 1015 1218 haec
1061 1173 1343 1219 constructio
1384 1174 1452 1219 est
1478 1185 1576 1231 pro
1614 1169 1736 1234 ἐμοῦ
1777 1169 1829 1220 δὲ

143 1242 309 1303 αὐτοῖς
349 1242 558 1308 ἰωμένου
598 1242 679 1292 διὰ
718 1251 813 1292 τῶν
852 1242 930 1293 ἐπὶ
970 1251 1056 1306 τῆς
1095 1241 1245 1308 ἀρχῆς
1287 1242 1372 1302 τὰς
1411 1243 1600 1310 πληγάς
1641 1249 1682 1293 et
1720 1248 1829 1305 quis

141 1332 239 1365 non
283 1321 390 1366 iure
435 1322 636 1378 eaepeotet
680 1316 846 1376 αὐτοῖς
894 1315 1106 1381 ἰωμένου
1159 1315 1244 1378 τὰς
1290 1317 1480 1383 πληγὰς
1533 1321 1636 1367 sine
1680 1335 1829 1380 prae-

139 1393 404 1451 positione?
489 1393 599 1441 Una
639 1394 815 1440 omissa<
861 1392 1052 1440 Zz'terula
1095 1395 1343 1440 tantarum
1382 1394 1639 1441 turbarum
1676 1408 1831 1442 causa

143 1469 232 1513 est:
279 1467 538 1525 scripserat
580 1466 849 1514 Libanius:
899 1464 1019 1529 ἐμοῦ
1067 1463 1119 1515 δὲ
1166 1465 1334 1524 αὐτοῖς
1379 1462 1553 1534 <ἰ>ὁία
1598 1473 1695 1515 τῶν
1748 1465 1831 1516 ἐπὶ

144 1545 229 1601 τῆς
266 1536 417 1604 ἀρχῆς
457 1536 666 1601 ἰωμένου
705 1538 790 1598 τὰς
827 1538 1057 1604 πληγάς.“
1133 1540 1299 1588 Verba
1347 1538 1427 1588 διὰ
1474 1547 1571 1588 τῶν
1616 1539 1697 1589 ἐπὶ
1739 1548 1831 1605 τῆς

144 1609 294 1675 ἀρχῆς
324 1628 423 1659 non
455 1613 517 1660 ad
548 1611 632 1671 τὰς
662 1612 866 1678 πληγάς,
898 1613 982 1661 sed
1007 1613 1114 1661 ad'
1095 1611 1306 1677 ιωμένον
1331 1616 1582 1676 pertinent
1606 1607 1701 1682 (=
1719 1629 1830 1663 owm

144 1700 223 1745 (²90
254 1687 316 1733 iis
338 1701 431 1745 per
461 1689 773 1747 mayistratus
801 1702 1028 1735 sanarem
1057 1681 1300 1754 vulnera).
1354 1689 1651 1751 Exemplum
1675 1690 1829 1738 habes

142 1758 274 1820 apud
311 1762 530 1807 nostrum
570 1763 606 1807 t
636 1761 713 1808 m
745 1762 811 1808 65
818 1763 989 1823 1,2s›q.
1066 1761 1136 1809 At
1175 1762 1420 1823 quomodo
1458 1763 1696 1811 Libanius
1739 1779 1827 1824 po·

143 1833 240 1879 tuit
278 1834 510 1893 privatim
551 1850 724 1882 sanare
762 1835 936 1898 plagas
975 1835 1392 1899 magistratuum?
1462 1835 1626 1893 Quid?
1662 1853 1824 1885 nonne

142 1905 495 1955 Herwerdenus
559 1908 767 1971 ingenue
828 1909 1077 1970 professus
1141 1912 1214 1957 est
1275 1925 1324 1957 se
1387 1927 1485 1958 11011
1539 1911 1824 1974 intellegere

142 1979 290 2026 verba
337 1982 572 2028 orationis
615 1982 639 2028 Ι
677 1999 723 2043 p.
754 1983 950 2043 152,17
971 1999 1041 2044 sq.
1085 1976 1159 2048 (τὸ
1207 1980 1295 2046 μὲν
1342 1976 1433 2032 οὖν
1480 1982 1559 2032 ἐπὶ
1605 1990 1730 2033 νοῦν
1777 2002 1823 2033 τε

141 2050 291 2100 αὐτὸν
331 2056 409 2110 (sc.
442 2052 527 2102 τὸν
559 2054 728 2117 νόμον)
761 2060 823 2123 τῷ
857 2054 1165 2148 πρεσβυτέρῳ
1204 2060 1313 2104 τοῖν
1352 2055 1596 2121 βασιλέοιν
1636 2052 1824 2125 ἐλθεῖν)

142 2122 225 2172 ἕνα
275 2143 321 2173 τε
371 2133 467 2175 τῶν
517 2128 827 2192 κρατούντων
873 2133 972 2188 τοῖς
1021 2129 1209 2178 ἐκείνου
1260 2129 1510 2196 γεγονέναι
1558 2130 1826 2198 γράμμασι,

143 2214 442 2261 quamquam
480 2201 602 2248 nihil
640 2202 824 2250 habent
863 2203 1194 2265 difficultatis,
1241 2206 1424 2266 quippe
1472 2221 1598 2267 quae
1637 2205 1824 2270 signifi-

141 2273 251 2319 cent
295 2273 440 2333 leyem
490 2276 656 2323 litteris
706 2277 840 2324 illius
891 2270 1242 2344 (imperatoris)
1292 2280 1475 2338 factam
1524 2293 1623 2327 csse
1670 2295 1825 2328 unam

143 2361 165 2391 (ι
213 2347 479 2395 valentibus
527 2350 822 2411 insuperque
874 2366 902 2397 a
951 2367 1027 2397 me
1079 2351 1200 2399 locis
1252 2350 1445 2400 Codicis
1493 2353 1823 2402 Theodosiani
1877 2366 1881 2370 ·

141 2418 211 2464 IV
245 2420 330 2479 6,1
376 2424 423 2467 et
462 2421 783 2470 Novellarum
824 2424 989 2484 89,12
1030 2425 1282 2473 illustrata
1328 2429 1466 2487 sunt3
1512 2442 1562 2474 se
1610 2443 1709 2475 non
1746 2428 1824 2473 in-

140 2491 368 2555 tellegere
415 2494 563 2542 verba
610 2496 970 2557 simplicissima
1011 2501 1046 2545 t
1078 2499 1130 2545 H
1162 2500 1369 2559 322,15
1419 2493 1523 2547 ἀλλ’
1567 2497 1683 2549 οὐδὲ
1729 2498 1825 2558 νὺξ

141 2562 382 2629 ἐπεγένετο
422 2567 484 2634 τῷ
518 2568 691 2632 βραχεῖ
720 2568 873 2618 τούτω
913 2569 993 2618 καὶ
1032 2570 1206 2640 κούφω
1241 2566 1334 2637 (=
1367 2575 1450 2620 sed
1486 2588 1546 2622 ne
1583 2589 1680 2622 nox
1717 2576 1826 2632 qui·

140 2638 246 2685 dem
291 2616 562 2698 super-omit
598 2643 708 2690 huic
746 2643 876 2690 brevi
914 2648 1054 2703 atque
1091 2646 1183 2693 levi
1226 2661 1286 2692 sc.
1322 2641 1680 2716 δεσμωτηρίῳ);
1726 2649 1760 2695 t.
1793 2647 1823 2694 1

145 2711 262 2771 187,
276 2713 364 2772 18,
406 2715 524 2774 314,
537 2716 589 2773 3,
630 2718 663 2763 t.
695 2716 746 2763 H
778 2717 899 2775 487,
910 2721 938 2764 5
983 2716 1115 2765 alia?
1191 2717 1325 2779 Quis,
1369 2736 1565 2781 quaeso,
1604 2721 1728 2768 mihi
1766 2721 1820 2768 in

261 2869 301 2922 1)
334 2866 448 2910 Mus.
476 2867 619 2911 Rhen.
649 2869 745 2911 LIX
776 2885 820 2926 p.
847 2875 930 2913 329
950 2886 1039 2926 sq.;
1071 2872 1147 2914 LX
1177 2877 1258 2915 106
1278 2888 1342 2929 sq.
