1992 3094
479 98 708 142 LIBANII
740 97 965 142 ORATIO
999 98 1117 143 PRO
1151 97 1408 143 TEMPLIS
1718 99 1786 152 89

99 234 187 290 καὶ
227 236 298 304 μὴ
346 244 460 297 τοῖς
500 234 592 286 διὰ
630 237 854 286 πολλῶν
894 232 1182 302 ἐκκρούειν
1227 235 1317 287 καὶ
1366 231 1426 287 σε
1474 231 1608 304 κάμὲ
1659 238 1790 303 βου-

101 323 421 393 λησομένοις
471 324 691 376 διδόναι
730 324 859 385 τοὺς
900 322 1239 391 ὀφθαλμούς.
1318 324 1390 386 ὡς
1429 324 1691 385 πολλάκις
1730 343 1790 391 γε

100 414 384 480 νευμάτων
425 413 658 479 δύναμις
696 411 866 464 πλέον
905 419 1000 479 τῆς
1040 412 1144 465 ἀπὸ
1185 422 1296 465 τῶν
1335 412 1564 481 ἀληθῶν
1605 413 1792 481 ἰσχύος

100 501 378 571 ἠνέγκατο.
455 499 596 570 φημὶ
645 500 706 553 δὲ
753 502 872 553 δεῖν
911 500 1199 563 κάκείνους
1251 500 1515 563 ε’άσαντάς
1553 521 1618 568 με
1657 500 1785 554 καθ’

101 592 334 660 ἡσυχίαν
371 609 427 642 τε
471 590 560 642 καὶ
608 587 773 659 χωρὶς
825 588 1078 659 ἐπηρείας
1126 591 1433 652 διεξελθεῖν
1479 591 1576 643 τὸν
1624 591 1791 658 λόγον
1837 611 1856 643 5

100 680 335 748 ὕστερον
373 674 442 731 αὗ
483 683 783 747 πειρᾶσθαι
822 677 913 731 καὶ
953 678 1156 741 αὐτοὺς
1195 680 1338 750 λόγῳ
1379 687 1643 747 κρατῆσαι
1682 689 1793 731 τῶν

101 768 231 838 ἡμῖν
270 767 588 837 εἰρημένων.

212 858 260 909 4.
326 858 394 910 Οἱ
445 866 653 926 πρῶτοι
705 855 971 925 φανέντες
1022 855 1110 909 ἐπὶ
1158 864 1272 925 γῆς,
1328 853 1369 909 ὦ
1421 859 1673 924 βασιλεῦ,
1729 857 1794 908 τὰ

101 945 340 1015 μετέωρα
372 947 771 1012 καταλαβόντες
806 944 810 1015 ᾖ
847 947 1137 1013 σπηλαίοις
1168 965 1225 997 τε
1257 945 1345 997 καὶ
1377 946 1645 1013 καλύβαις
1676 957 1717 1000 R
1736 957 1778 1000 II
1798 959 1880 1001 158

103 1036 304 1097 αὑτοὺς
345 1036 704 1098 διασώζοντες
734 1039 888 1087 θεῶν
928 1034 1103 1096 εὐθὺς
1141 1031 1367 1087 ἔννοιαν
1407 1036 1664 1102 λαβόντες
1703 1032 1794 1086 καὶ
1822 1056 1861 1086 ιο

103 1126 327 1193 γνόντες
365 1123 574 1177 ὁπόσον
609 1123 653 1192 ἡ
679 1122 894 1176 ’κείνων
926 1123 1118 1176 εὔνοια
1150 1132 1266 1186 τοῖς
1298 1122 1634 1193 ἀνθρώποις,
1676 1123 1795 1192 ἱερά

102 1233 159 1266 τε
220 1205 309 1266 οἷα
372 1214 514 1275 εἰκὸς
579 1214 710 1275 τοὺς
762 1212 1015 1280 πρώτους
1071 1213 1309 1281 φύντας,
1367 1210 1458 1264 καὶ
1515 1210 1796 1280 ἀγάλματα

36 1339 38 1341 >
105 1304 297 1371 σφίσιν
337 1301 523 1364 αὐτοῖς
556 1300 835 1370 ἐποίησαν.
897 1311 1010 1354 τῶν
1041 1301 1377 1371 πραγμάτων
1409 1298 1470 1353 δὲ
1503 1302 1579 1363 εἰς
1611 1301 1796 1362 πόλεις

103 1393 497 1460 προελθόντων
551 1392 654 1460 ἤδη
711 1398 806 1459 τῆς
859 1389 986 1461 περὶ
1036 1398 1208 1442 ταῦτα
1254 1389 1447 1460 τέχνης
1502 1391 1578 1451 εἰς
1631 1396 1795 1442 τοῦτο

105 1479 426 1550 ἀποχρώσης
479 1481 677 1533 πολλαὶ
733 1477 835 1546 μὲν
883 1479 943 1532 ἐν
996 1479 1318 1548 ὑπωρείαις,
1374 1476 1572 1531 πολλαὶ
1628 1474 1687 1530 δὲ
1735 1476 1796 1530 ἐν
1822 1498 1861 1530 15

104 1570 312 1632 πεδίοις
364 1568 667 1638 ἐφάνησαν,
719 1569 781 1622 ἐν
821 1567 1017 1639 ἑκάστῃ
1067 1565 1127 1621 δὲ
1165 1570 1298 1634 μετὰ
1345 1570 1406 1620 τὸ
1446 1578 1621 1636 τεῖχος
1660 1566 1796 1635 ἀρχὴ

106 1665 203 1711 τοῦ
245 1663 442 1711 λοιποῦ
484 1660 732 1726 σώματος
787 1662 794 1723 Ι
854 1659 972 1727 ἱερὰ
1009 1658 1100 1710 καὶ
1139 1655 1260 1728 νεςό.
1338 1657 1485 1726 παρὰ
1524 1657 1628 1724 γὰρ
1680 1667 1781 1710 RH
1801 1671 1882 1710 159

107 1747 172 1814 δὴ
209 1756 320 1800 τῶν
350 1748 622 1800 τοιούτων
652 1751 1010 1816 κυβερνητῶν
1041 1746 1283 1815 ἡγοῦντο
1318 1747 1579 1813 μεγίστην
1611 1745 1799 1806 αὑτοῖς

35 1884 38 1888 .
106 1836 194 1888 καὶ
233 1837 333 1904 τὴν
373 1835 679 1905 ἀσφάλειαν
717 1834 960 1889 ἔσεσθαι.
1037 1834 1085 1887 5.
1134 1834 1239 1887 κᾶν
1278 1833 1517 1904 έπέλθῃς
1554 1834 1655 1901 τὴν
1694 1841 1799 1902 γῆν

107 1925 322 1978 ἅπασαν
360 1924 431 1993 ἣν
470 1926 523 1978 οἱ
555 1922 808 1994 Ῥωμαῖοι
846 1924 1129 1992 νέμονται,
1176 1930 1458 1991 πανταχοῦ
1506 1929 1670 1974 τοῦτο
1710 1921 1797 1974 εὑ·
1823 1942 1864 1973 20

109 2015 314 2082 ρήσεις,
370 2013 482 2066 ἐπεὶ
538 2013 643 2067 κάν
692 2022 756 2084 τῇ
806 2015 939 2081 μετὰ
985 2014 1087 2082 τὴν
1141 2014 1405 2081 μεγίστην
1458 2011 1644 2080 πρώτῃ
1699 2006 1805 2081 νεῴ

109 2121 252 2165 τινες
296 2100 368 2156 ἔτ’
402 2104 562 2171 εἰσιν,
610 2104 656 2155 εἰ
703 2101 794 2156 καὶ
842 2112 954 2155 τῶν
1003 2111 1178 2171 τιμῶν
1229 2099 1570 2170 ἐστέρηνται,
1620 2098 1798 2166 ὀλίγοι

109 2187 208 2256 μὲν
248 2189 305 2243 ἐκ
351 2192 499 2244 πάνυ
537 2194 776 2260 πολλῶν,
825 2191 890 2244 οὐ
930 2191 1039 2260 μὴν
1078 2188 1280 2258 ἐξῆλθέ
1316 2208 1377 2256 γε
1417 2189 1563 2241 ἅπαν
1609 2186 1663 2250 ἐξ
1704 2186 1798 2239 αὐ-

231 2356 252 2394 1
286 2351 416 2395 Dem.
451 2351 509 2396 de
541 2350 644 2395 fals.
669 2351 759 2409 leg.
793 2366 838 2408 p.
866 2354 965 2403 348,
986 2354 1041 2393 14
1224 2353 1278 2391 10
1317 2348 1449 2392 Dem.
1482 2361 1552 2404 ep.
1588 2347 1648 2391 ad
1679 2346 1798 2389 Phil.

113 2425 155 2466 p.
176 2414 274 2464 157,
295 2415 347 2453 17
470 2416 524 2454 21
559 2408 965 2466 Constanbinopoli
999 2409 1055 2453 cf.
1082 2408 1175 2451 t.11
1199 2412 1299 2461 240,
1316 2411 1370 2451 15

232 2563 254 2601 1
289 2556 370 2602 καί
394 2573 442 2603 σε
474 2559 542 2602 Re
570 2560 576 2615 l
605 2557 903 2617 βουλομένοις
935 2557 1002 2601 Re
1154 2560 1179 2598 6
1212 2554 1361 2612 λόγων
1393 2555 1455 2598 Μ
1598 2558 1623 2597 8
1661 2552 1720 2597 Οἱ
1747 2579 1798 2585 -

115 2620 139 2659 9
171 2615 374 2673 μετέωρα
414 2632 488 2662 om
520 2617 612 2662 Got
650 2619 759 2674 post
790 2615 1044 2673 εἰρημένων
1076 2613 1437 2673 καταλαβόντες,
1480 2613 1650 2656 lacuna.
1681 2611 1800 2654 indi—

115 2678 219 2719 cata
341 2681 395 2720 10
428 2677 600 2726 αὐτοὺς
631 2675 722 2720 Got
764 2676 770 2735 Ι
814 2676 1002 2720 ἔννοιαν
1034 2675 1068 2717 Ι
1093 2675 1174 2718 sed
1208 2674 1256 2719 ἔν
1289 2674 1337 2716 in
1362 2687 1436 2717 ras
1461 2673 1530 2716 m⁸
1614 2671 1800 2715 εὔνοιαν

116 2733 206 2778 Got
343 2741 394 2779 11
429 2734 664 2792 ἡέκείνων
695 2736 731 2779 Ι
756 2735 838 2779 sed
868 2734 898 2790 ἡ
920 2732 933 2748 ’
969 2747 1024 2777 ex
1057 2734 1079 2778 ἐ
1111 2747 1212 2777 corr
1233 2733 1304 2776 m⁸
1392 2731 1422 2787 ἡ
1454 2729 1621 2775 κείνων
1654 2728 1745 2773 Got

114 2791 142 2848 ἡ
167 2792 356 2839 ἐκείνων
379 2795 448 2838 Re
570 2799 624 2838 13
650 2793 853 2854 (παρὰ)
868 2791 1060 2849 σφίσινῬ
1184 2797 1238 2835 14
1269 2789 1627 2847 προσελθόντων
1653 2788 1746 2844 Get
1790 2846 1799 2855 ·

117 2855 170 2894 17
202 2853 290 2897 νεώ
320 2855 462 2898 ΙΒΜ
469 2855 512 2898 V
531 2853 622 2898 Got
746 2858 800 2897 18
833 2853 994 2903 αὑτοῖς
1022 2852 1091 2896 Re
1153 2858 1312 2902 αυτοῖς
1346 2851 1390 2896 U
1444 2849 1604 2898 αὐτοῖς
1633 2847 1804 2902 reliqul

115 2909 223 2954 libri
247 2910 338 2956 Got
459 2918 512 2956 21
547 2914 656 2957 νεώι
691 2912 771 2956 CA
833 2912 922 2957 νεώ
965 2910 1191 2956 UIBMV
