1992 3094
209 119 275 170 16
723 115 951 160 LIBANH
984 113 1208 160 ORATIO
1241 115 1391 160 XXVI

208 251 388 306 οὐδέν.
459 251 544 304 29.
577 254 771 321 φήσεις
803 251 1154 305 οὐδεπώποτε
1185 253 1324 322 πρὸς
1355 250 1448 321 ἐμὲ
1480 259 1644 304 τοῦτο
1676 255 1897 304 παθεῖν.

208 336 346 395 οἴδα.
425 340 561 394 ἀλλὰ
615 342 704 394 καὶ
759 341 897 411 πρὸς
952 342 1121 394 ἄλλον
1173 339 1264 393 καὶ
1320 342 1491 394 ἄλλον
1547 337 1702 403 ἄξιον
1755 334 1899 393 εἶναι

207 438 486 483 τοιοῦτον·
536 431 672 500 πρὸς
711 431 955 492 ἅπαντας
993 427 1094 496 μὲν
1133 430 1237 498 γὰρ
1277 431 1409 492 τοὺς
1449 428 1778 495 ὁμιλοῦντας
1817 430 1899 481 οὔ.

209 523 436 581 πολλοῖς
496 519 601 588 γὰρ
663 520 729 571 τὰ
792 520 1115 588 δικαστήρια
1175 517 1424 586 μέταλλα.
1514 519 1599 570 δεῖ
1653 515 1714 570 δὲ
1768 514 1901 570 οὐδὲ

167 629 186 661 5
211 607 468 661 ἁπάντων
521 606 921 674 κατεγνωκέναι
971 610 1183 660 κακίαν.
1261 609 1412 660 ἔσται
1463 605 1528 659 δέ
1579 620 1667 659 σοι
1721 609 1902 669 πίστις

213 695 456 764 ἀζήμιος,
512 696 560 748 εἰ
604 704 722 758 τοῖς
774 693 876 764 μὲν
921 694 1237 765 προσέχοις,
1291 697 1423 758 τοὺς
1473 695 1534 748 δὲ
1585 695 1902 763 φυλάττοιο.

123 797 331 841 R11106
372 786 531 853 δῆλοι
571 781 632 837 δὲ
672 785 725 837 οἱ
763 786 955 854 τρόποι
991 782 996 855 Ι
1031 792 1149 847 ταῖς
1188 782 1383 847 δόξαις.

325 872 409 925 30.
450 873 560 925 Καὶ
599 873 724 943 περὶ
762 882 875 926 τῶν
913 873 1046 942 χθὲς
1084 877 1312 941 πληγῶν
1343 871 1522 926 ἐκεῖνο
1556 871 1709 940 λέγω.
1771 876 1906 940 πλη-

216 970 332 1030 γῶν
370 962 471 1030 μὲν
509 958 580 1029 ἦν
619 962 648 1015 ὁ
689 964 902 1031 καιρός,
956 962 1022 1014 οὐ
1062 963 1172 1030 μὴν
1210 962 1493 1015 τοσούτων
1531 981 1617 1029 γε,
1669 962 1742 1023 ὡς
1791 968 1907 1023 τοῖς

150 1072 193 1104 10
215 1050 317 1117 μὲν
354 1047 547 1114 ἔδοξας
583 1051 644 1104 τὸ
685 1053 906 1104 Κόκκου
946 1050 1326 1119 πεποιηκέναι,
1376 1059 1492 1113 τοῖς
1532 1047 1593 1103 δὲ
1630 1048 1722 1103 καὶ
1769 1067 1907 1118 παρ-

218 1143 422 1193 ελθεῖν.
493 1141 542 1192 εἰ
581 1138 632 1192 δ’
663 1133 705 1211 ᾧ
737 1143 1019 1208 κρείττους
1058 1139 1220 1206 ἐσμὲν
1259 1138 1494 1208 ἐκείνου,
1534 1147 1698 1192 τοῦτο
1738 1156 1907 1208 προη-

219 1229 450 1296 σόμεθα,
489 1230 548 1280 τί
580 1237 696 1290 τοῖς
734 1227 950 1282 ἐκεῖνον
988 1228 1268 1297 ὑμνοῦσιν
1300 1227 1697 1297 ἆντιθήσομεν;
1738 1224 1844 1280 εἷθ’
1877 1226 1906 1280 ὁ

218 1313 319 1384 μὲν
359 1317 462 1369 οὐκ
501 1317 687 1386 ὀρθῶς
727 1316 814 1385 ἐφ’
845 1311 927 1380 οἷς
965 1315 1161 1386 ἐπέστη
1202 1318 1482 1389 διῳκηκὼς
1528 1316 1762 1385 ἐπαίετο,
1812 1334 1909 1369 πο-

218 1406 387 1473 νηρὸς
427 1411 557 1468 ἴσως
596 1407 951 1476 στρατιώτης,
1004 1406 1033 1459 ὁ
1075 1404 1121 1459 δ’
1155 1406 1222 1459 οὐ
1269 1406 1433 1458 παντὶ
1481 1405 1671 1459 σθένει
1721 1419 1911 1474 μαστι-

156 1514 196 1546 15
221 1501 362 1560 γοῦν
394 1495 576 1547 δοκῶν
605 1498 838 1563 πληγαῖς
869 1496 947 1557 εἰς
985 1493 1133 1547 τοῦτ’
1163 1494 1493 1563 ἠναγκάζετο
1532 1494 1703 1547 ταύτὰ
1734 1502 1912 1547 ποιῶν

221 1581 313 1636 καὶ
351 1584 593 1652 πάσχων,
638 1584 862 1636 τύπτων
902 1583 1040 1649 ὁμοῦ
1089 1583 1180 1635 καὶ
1219 1585 1570 1651 τυπτόμενος.
1646 1591 1760 1645 πῶς
1807 1577 1912 1635 οὖν

223 1672 290 1724 οὐ
336 1670 428 1724 καὶ
473 1671 727 1742 τέταρτος
772 1668 842 1740 ἦν
880 1681 1058 1725 ποιῶν
1111 1679 1274 1724 τοῦτο
1321 1673 1460 1740 πρὸς
1505 1672 1605 1724 τὸν
1653 1674 1842 1741 τρίτον
1881 1671 1910 1724 ὃ

234 1758 430 1822 ’κεῖνος
476 1761 611 1829 πρὸς
649 1762 747 1813 τὸν
787 1761 1070 1829 δεύτερον;
1120 1756 1191 1827 ἦν
1237 1763 1341 1829 γὰρ
1383 1761 1450 1828 δὴ
1497 1761 1588 1813 καὶ
1626 1767 1700 1832 τῷ
1747 1761 1911 1830 τρίτῳ

223 1849 324 1915 τὴν
363 1848 537 1917 αὐτὴν
577 1850 757 1902 αἰτίαν
797 1848 1109 1916 ἐπενεγκεῖν
1155 1849 1245 1901 καὶ
1291 1854 1365 1921 τῷ
1406 1849 1642 1920 τετάρτῳ
1690 1868 1768 1918 γε,
1822 1848 1911 1901 καὶ

158 1955 201 1986 20
226 1936 328 1989 οὐκ
367 1935 437 1990 ἂν
474 1933 545 2005 ἦν
583 1933 651 1990 οὗ
690 1945 883 2006 στῆναι
922 1945 1085 1990 τοῦτο
1124 1934 1251 1990 ἔδει.
1329 1936 1414 1989 31.
1463 1938 1643 1990 πάντα
1691 1939 1758 1990 τὰ
1803 1955 1914 1989 τοι-

226 2026 364 2078 αῦτά
402 2039 491 2078 σοι
531 2026 860 2094 φυλακτέον,
907 2025 1113 2095 Ἰκάριε,
1152 2027 1338 2095 πόρρω
1379 2033 1479 2078 τοῦ
1518 2034 1613 2094 τῆς
1651 2024 1914 2094 ὑμετέρας

347 2162 401 2200 10
424 2156 590 2201 Procli.
625 2156 681 2200 cf.
697 2171 759 2201 or.
773 2156 944 2200 XXVII
966 2161 1162 2212 p.29,13
1190 2158 1237 2199 et
1264 2161 1338 2210 16;
1374 2160 1443 2211 36,
1463 2160 1539 2210 2Ο;
1574 2161 1711 2211 37,53
1745 2160 1815 2209 40,
1835 2158 1913 2208 26;

226 2220 297 2270 42,
317 2220 364 2269 13
398 2229 459 2259 or.
478 2215 626 2258 XXIX
650 2221 828 2272 p.68,8.
862 2216 925 2258 121
946 2219 1122 2268 177,15.
1172 2215 1324 2258 Drom.
1344 2214 1510 2258 Psaltr.
1529 2214 1582 2258 fr.
1603 2213 1914 2259 com.Atss.111

228 2279 371 2330 541‚4
392 2274 453 2317 M.
486 2275 529 2318 Π
553 2280 692 2330 419,1
715 2276 768 2318 Κ.
893 2279 944 2317 21
981 2274 1037 2318 cf.
1065 2273 1136 2317 Η
1162 2278 1260 2328 182,
1279 2279 1303 2317 6

349 2399 371 2436 1
407 2394 515 2438 οὐδὲ
547 2394 731 2437 πώποτε
766 2394 925 2438 OAPI
930 2394 973 2437 V
1016 2394 1021 2448 Ι
1063 2394 1264 2446 παθεῖν;
1306 2392 1349 2435 V
1375 2393 1422 2435 et
1453 2404 1477 2434 e
1509 2394 1699 2436 παθεῖν.
1734 2404 1836 2434 corr
1858 2390 1894 2434 I
1898 2389 1915 2414 ³
1991 2411 1992 2428 ἢ

288 2455 313 2494 2
346 2453 426 2495 καὶ
443 2454 505 2509 (1)
530 2466 605 2496 om
623 2454 666 2496 V
687 2457 692 2506 1
720 2452 798 2495 καὶ
823 2452 962 2495 ἄλλον
987 2465 1062 2495 om
1082 2453 1166 2495 Mo
1286 2456 1313 2493 4
1346 2451 1402 2494 οὐ
1425 2453 1610 2500 πολλοῖς
1633 2452 1668 2494 Ι
1687 2451 1733 2493 et
1756 2449 1916 2493 Macar

229 2511 310 2565 qui
341 2510 419 2554 fol.
436 2515 491 2555 89
523 2511 790 2568 praemissis
827 2515 920 2554 Τοῦ
945 2510 1062 2565 πρὸς
1086 2509 1271 2565 ἰκάριον
1294 2507 1387 2565 λόγ.
1415 2517 1442 2564 ῆ
1465 2509 1581 2552 haec
1605 2508 1745 2553 verba
1768 2520 1915 2563 usque

231 2569 292 2612 ad
322 2568 518 2626 μέταλλα
550 2571 667 2614 citat
693 2571 699 2628 Ι
727 2570 813 2628 γὰρ
839 2584 914 2613 om
938 2569 1097 2612 Macar
1240 2573 1264 2612 6
1298 2566 1536 2624 προσέχεις
1566 2569 1682 2612 ΙΜο
1709 2571 1715 2622 Ι
1744 2565 1916 2623 φυλάτ-

229 2644 327 2678 τοις
358 2631 432 2673 Pa
465 2629 546 2673 sed
578 2647 632 2686 γρ
659 2629 907 2685 φυλάττοιο
939 2629 989 2671 in
1013 2641 1147 2684 marg
1171 2626 1251 2680 m²‚
1289 2629 1371 2671 Mo
1540 2631 1593 2669 10
1625 2627 1677 2670 τὸ
1713 2626 1751 2670 Ο
1779 2626 1859 2669 sed
1889 2641 1915 2668 τ

230 2686 280 2730 in
304 2701 378 2731 ras
402 2690 431 2742 f
582 2693 635 2731 11
668 2687 974 2743 προησόμεθα
1006 2689 1051 2732 Ρ
1081 2687 1162 2731 sed
1193 2703 1222 2742 η
1254 2686 1302 2728 in
1326 2699 1401 2728 ras
1427 2686 1496 2728 m²
1664 2691 1717 2728 14
1749 2684 1858 2736 ἴσως
1890 2682 1914 2727 ὃ

232 2748 509 2803 στρατιώτης
534 2749 619 2792 Mo
646 2750 651 2803 Ι
681 2746 704 2790 ὅ
723 2748 801 2791 ΡΙ
856 2745 879 2790 ὃ
908 2746 992 2790 Mo
1108 2750 1161 2788 15
1186 2743 1332 2788 ταῦτα
1352 2746 1398 2788 P
1420 2744 1501 2788 sed
1517 2747 1536 2756 '⁴
1565 2757 1665 2787 eras
1726 2750 1872 2787 ταῦτα
1889 2743 1924 2785 Ι

295 2809 347 2848 18
385 2806 559 2858 ἐκεῖνος
592 2807 635 2850 V
661 2806 742 2850 sed
773 2821 854 2855 νος
883 2805 1070 2860 punctis
1103 2804 1179 2847 del
1269 2811 1422 2853 κεῖνος
1453 2805 1583 2847 PMo
1633 2805 1638 2858 Ι
1689 2803 1806 2857 πρὸς
1834 2801 1915 2844 τὸν

233 2863 447 2920 δεύτερον
478 2865 668 2909 vocibus
699 2879 854 2907 rursus
887 2864 974 2907 ino.
1001 2864 1102 2907 Mor
1132 2878 1175 2919 p.
1204 2867 1303 2917 513,
1323 2868 1348 2905 5
1509 2866 1562 2904 19
1597 2862 1797 2918 ἐνεγκεῖν
1832 2861 1915 2904 Mo

232 2920 334 2965 Mor
468 2929 522 2967 21
556 2938 628 2968 σοι
660 2938 735 2967 om
766 2924 802 2966 I
822 2926 828 2979 Ι
855 2921 1078 2979 ἡμετέρας
1109 2923 1193 2966 Mo
1217 2921 1318 2965 Mor
