1992 3094
696 843 878 897 XXXI
918 843 1121 915 (XXIX
1146 845 1234 918 R).

229 964 401 1015 Oratio
426 966 571 1031 πρὸς
594 965 711 1026 τοὺς
736 965 1059 1032 Ἀντιοχέας
1083 966 1227 1033 ὑπὲρ
1252 976 1363 1017 τῶν
1387 969 1651 1035 ῥητόρων
1676 987 1804 1019 anno

115 1041 216 1088 fere
257 1041 362 1089 355
402 1041 574 1089 habita
586 1036 627 1108 1)
677 1058 776 1104 qua
813 1041 1052 1090 Libanius
1099 1059 1129 1090 a
1169 1046 1343 1091 senatu
1381 1043 1804 1092 Antiochenorum

116 1116 243 1175 petit
294 1116 353 1163 ut
409 1115 594 1163 malam
651 1116 989 1165 condicionem
1050 1123 1147 1164 τῶν
1207 1115 1522 1182 καλουμένων
1583 1117 1804 1182 ῥητόρων

117 1181 187 1254 (p.
206 1183 430 1255 127,19)
454 1191 487 1237 i.
502 1206 540 1238 e.
564 1191 919 1254 magistrorum
948 1191 1222 1239 rhetoricae
1253 1192 1352 1254 ipsi
1375 1191 1749 1240 subdocentium
1761 1186 1802 1257 2)

116 1262 248 1326 agris
286 1263 598 1327 assignandis
637 1265 789 1325 levet,
841 1264 892 1312 in
931 1281 1134 1313 numero
1175 1281 1345 1313 earum
1391 1268 1466 1314 est
1512 1281 1638 1327 quae
1679 1262 1802 1314 ‘cor-

113 1331 267 1399 poris'
305 1338 407 1385 fere
439 1337 619 1387 finibus
652 1339 1052 1400 circumscriptae
1084 1341 1383 1387 manserunt.
1461 1339 1614 1387 Pauci
1646 1340 1804 1403 igitur

231 1494 276 1549 1)
306 1493 456 1538 Multo
486 1494 735 1551 posteriori
766 1495 966 1551 tempori
1000 1521 1054 1526 —
1088 1496 1176 1548 cui,
1210 1509 1303 1538 non
1335 1495 1451 1538 dicit
1476 1522 1530 1527 —
1558 1509 1800 1552 argumen-

110 1551 172 1595 tis
203 1566 295 1596 non
327 1552 485 1597 allatis
517 1567 622 1598 eam
652 1554 820 1598 tribuit
845 1553 1099 1598 Sieversius
1132 1569 1176 1610 p.
1198 1558 1281 1598 199
1315 1556 1408 1598 not.
1427 1558 1483 1598 68
1515 1554 1589 1610 (cf.
1615 1570 1659 1611 p.
1680 1558 1797 1611 204).

112 1609 202 1654 Sed
241 1611 302 1655 ad
340 1611 475 1656 illum
516 1626 690 1657 annum
728 1613 844 1658 haec
891 1613 988 1658 fere
1035 1613 1225 1658 ducunt.
1289 1612 1422 1665 Quod
1463 1612 1670 1658 rhetores
1715 1614 1798 1668 ἔξω

109 1670 189 1714 καὶ
232 1669 373 1729 λόγου
419 1672 500 1716 καὶ
545 1673 754 1730 ἀριθμοῦ
800 1676 990 1717 κεῖσθαι
1034 1675 1082 1716 et
1124 1672 1404 1716 rhetoricam
1451 1673 1517 1722 εἰς
1564 1673 1798 1730 ἔσχατον

109 1727 340 1786 ἀτιμίας
373 1731 581 1776 ἐκπεσεῖν
614 1732 731 1776 dicit
756 1747 801 1788 p.
819 1735 1053 1788 138‚4sq.‚
1085 1732 1135 1775 id
1159 1732 1334 1788 optime
1360 1746 1464 1776 cum
1490 1732 1664 1776 iudicio
1690 1747 1797 1776 con-

108 1788 234 1832 venit
264 1790 389 1845 quod
421 1791 479 1834 de
511 1804 623 1835 aevo
656 1791 920 1836 Constantii
950 1791 1063 1835 tulit
1093 1792 1143 1835 in
1176 1791 1418 1848 epitaphio
1450 1791 1620 1835 Iuliani
1659 1805 1798 1847 quem

107 1847 215 1900 τοὺς
243 1846 409 1906 λόγους
447 1849 504 1893 ἐκ
535 1857 632 1907 τῆς
663 1850 900 1910 ἐσχάτης
938 1848 1171 1907 ἀτιμίας
1211 1850 1278 1901 εἰς
1308 1850 1358 1894 τὸ
1391 1853 1618 1906 τιμᾶσθαι
1648 1866 1795 1906 προα·

102 1913 267 1964 ’γαγεῖν
313 1908 430 1952 dicit
466 1909 499 1952 t.
517 1909 560 1952 II
582 1924 628 1966 p.
647 1913 747 1965 306,
767 1915 805 1954 6.
868 1909 1070 1966 Tempus
1118 1911 1275 1954 autem
1318 1909 1444 1966 quod
1490 1911 1537 1953 et
1583 1923 1610 1953 a
1649 1912 1794 1953 morte

107 1964 298 2010 Zenobii
338 1968 593 2012 decessoris
633 1969 706 2012 sui
744 1971 793 2014 et
832 1968 892 2013 ab
931 1969 1080 2013 initiis
1119 1969 1323 2012 muneris
1368 1975 1451 2012 τοῦ
1496 1974 1577 2024 τῆς
1621 1966 1795 2019 πόλεως

106 2033 329 2080 σοφιστοῦ
353 2027 432 2084 (Io.
451 2027 610 2084 Chrys.
629 2042 692 2073 or.
712 2028 771 2072 de
796 2028 837 2072 S.
857 2027 1022 2084 Babyl.
1049 2031 1211 2072 contra
1240 2027 1325 2071 Iul.
1351 2031 1398 2071 et
1428 2029 1553 2084 gent.
1580 2041 1616 2070 c.
1639 2031 1692 2071 18
1721 2028 1791 2071 ed.

106 2082 172 2126 Mi
205 2098 264 2129 ne
295 2085 463 2142 patrol.
488 2101 556 2144 gr.
573 2089 607 2131 t.
625 2087 660 2130 L
683 2103 729 2144 p.
748 2090 853 2144 560)
884 2087 1080 2131 Libanio
1105 2087 1319 2131 mandati
1342 2100 1487 2144 prope
1518 2086 1639 2130 afuit
1670 2086 1793 2130 clare

106 2142 156 2186 hi
199 2143 271 2188 oei
294 2144 526 2190 indicant:
559 2161 604 2203 p.
626 2151 725 2202 135,
742 2150 770 2189 4
802 2145 913 2192 οὐδέ
944 2162 994 2203 γε
1026 2143 1246 2203 (δίκαιον)
1275 2147 1385 2198 τοὺς
1414 2149 1586 2198 ζῶντας
1607 2150 1688 2201 τῆς
1710 2153 1792 2190 τοῦ

106 2202 474 2260 τετελευτηκότος
503 2202 773 2265 (Ζηνοβίου)
806 2206 971 2262 ἀρετῆς
1000 2203 1188 2263 ὑπέχειν
1221 2202 1379 2261 &ianm
1411 2219 1457 2261 p.
1482 2209 1580 2257 142,
1600 2208 1625 2247 6
1658 2201 1793 2255 οὗτος

106 2267 197 2304 τῶν
225 2262 548 2318 παραινέσεων
580 2263 604 2308 ὁ
634 2263 806 2320 τρόπος
844 2266 983 2323 διπλῇ
1017 2265 1146 2309 νυνὶ
1185 2271 1347 2316 κοσμεῖ
1373 2263 1458 2320 τὴν
1495 2261 1644 2316 πόλιν,
1678 2261 1791 2307 ὅταν

108 2316 133 2363 ὅ
156 2335 205 2365 τε
234 2319 382 2378 λέγειν
406 2323 665 2381 δυνάμενος
686 2322 875 2380 πολίτης
897 2322 1114 2380 ὑμέτερος
1137 2318 1165 2380 ἦ
1188 2324 1235 2379 (i.
1255 2337 1293 2368 e.
1319 2323 1415 2366 iam
1438 2336 1531 2366 non
1548 2322 1790 2377 Zenobius‚

106 2377 263 2424 rhetor
288 2380 431 2426 Elusa·
454 2382 677 2427 oriundus
722 2397 794 2440 ep.
815 2383 934 2441 100]‚
967 2382 1050 2427 sed
1082 2369 1306 2426 Libanius
1330 2382 1663 2434 Antiochenus)
1695 2388 1791 2432 τοῖς
1883 2380 1888 2385 ”

104 2452 152 2481 τε
175 2438 492 2498 εἰργασμένοις
514 2440 667 2500 λόγοις
689 2449 820 2498 υμεῖς
841 2439 1043 2499 ἥδεσθαι
1067 2443 1258 2497 δοκῆτες
1289 2456 1333 2498 p.
1355 2444 1519 2495 145,18
1552 2440 1593 2485 εἰ
1624 2440 1790 2493 διεξελ-

103 2496 208 2541 θὼν
238 2498 325 2555 ἐγὼ
348 2499 505 2544 πάντα
529 2497 594 2544 ὧν
620 2499 766 2545 ὄντων
790 2517 868 2558 μοι
899 2498 1013 2556 παρ’
1043 2499 1214 2554 ἑτέροις
1244 2497 1373 2555 δεῦρ’
1401 2495 1518 2554 ἧκον
1541 2499 1620 2543 καὶ
1644 2505 1789 2543 ταῦτα

105 2553 225 2609 ὁρῶν
248 2558 334 2601 οὐκ
358 2557 614 2604 ἀκίνδυνον
638 2560 723 2617 τὴν
748 2558 878 2612 ὁδόν,
902 2560 1006 2603 ἀντὶ
1030 2557 1190 2603 τοίνυν
1207 2559 1395 2612 τούτων,
1423 2559 1556 2614 ἔφην,
1582 2556 1687 2602 δότε
1711 2574 1788 2614 μοι

103 2622 194 2657 τῶν
214 2621 295 2672 τῆς
317 2615 492 2670 πόλεως
513 2618 768 2675 κτημάτων.
825 2617 1079 2662 Zenobium
1111 2620 1269 2662 autem
1292 2618 1444 2662 hieme
1477 2617 1588 2661 anni
1612 2617 1786 2673 354s55

99 2676 334 2731 *mortuum
365 2689 465 2720 esse
497 2680 623 2722 certo
655 2691 711 2722 ex
738 2677 941 2735 epistula
972 2682 1058 2721 407
1091 2690 1213 2720 anno
1239 2681 1324 2720 355
1357 2676 1417 2720 ad
1442 2676 1785 2719 Aristaenetum

105 2730 216 2775 data
238 2733 488 2792 colligitur.
552 2734 618 2780 Cf.
643 2736 825 2781 Reiskii
857 2736 1230 2780 dissertationem
1256 2735 1324 2780 De
1349 2735 1551 2779 Zenobio
1576 2733 1786 2791 sophista

103 2789 412 2850 Antiocheno,
452 2794 640 2852 Lipsiae
667 2800 780 2839 1759
812 2810 856 2852 p.
882 2794 1023 2851 1qu.
1058 2797 1105 2839 et
1144 2797 1304 2839 notam
1344 2795 1404 2838 ad
1435 2797 1468 2838 t.
1487 2793 1528 2837 Π
1551 2808 1595 2849 p.
1615 2798 1714 2848 219,
1731 2797 1784 2837 83

103 2850 243 2905 atque
275 2850 554 2897 Sieversium
583 2869 630 2910 p.
656 2859 757 2909 224,
773 2859 814 2897 4.

221 2911 264 2967 2)
296 2909 363 2955 cf.
388 2927 433 2968 p.
454 2917 678 2970 125‚5sq.
713 2918 895 2967 127,19.
