1992 3094
646 118 986 166 PRAEFATIO
1020 120 1254 166 CRITICA
1602 124 1788 169 XXXXI

111 256 164 324 (ἡ
187 252 305 325 νὺξ)
328 257 452 326 πρὸς
475 257 585 306 ἴσον
609 251 689 326 (τῇ
715 254 909 327 ἡμέρᾳ).
966 260 1243 310 Schmidius
1269 278 1382 311 vero
1408 264 1661 312 scribendo
1686 269 1788 323 ταῖς

108 331 161 383 δέ
183 351 236 400 γε
260 332 603 397 δημιουργίαις
626 331 914 399 εὐφροσύνη
938 332 1215 400 συνέρχεται
1238 353 1414 385 nexum
1438 339 1788 386 sententiarum

27 475 30 477 Ι
108 409 341 470 eorrupit.
393 407 524 457 Nam
550 408 793 468 sequitur:
826 406 908 456 καὶ
940 405 1128 472 οἱμὲν
1160 408 1415 468 εὐτόνως
1447 410 1789 476 ἐργάζονται

109 481 327 547 χερσίν,
367 481 420 530 οἷ
454 477 506 528 δὲ
546 477 736 530 ἁπαλὸν
774 484 946 546 γελῶσι
985 480 1066 530 καὶ
1105 482 1226 548 πρὸς
1265 478 1401 551 ᾠδὴν
1441 482 1668 533 ἀνίενται.

684 614 809 663 Vol.
843 615 906 662 ΙΙ.
984 614 1072 664 Or.
1105 616 1214 663 XII.

217 720 264 765 p.
305 703 387 764 15,
414 704 443 750 6
485 701 685 761 εἰκότως
731 700 826 769 ἄρα
872 704 1043 762 παῖδες
1081 697 1331 768 Ῥωμαίων
1376 703 1458 753 καὶ
1496 705 1590 771 πρὸ
1629 705 1790 771 γήρως

109 779 316 843 λιπαροῦ
354 776 574 825 τίθενται
612 776 704 840 τὴν
751 776 911 842 τιμήν.
987 778 1172 826 Parum
1212 778 1464 840 probabile
1505 780 1634 841 quod
1669 779 1790 828 Her-

107 851 362 900 werdenus
374 844 416 917 ¹)
455 851 575 900 haee
619 851 913 900 scribentem
952 851 1217 900 Libanium
1257 854 1534 901 meminisse
1585 853 1792 901 coniecit

108 926 369 974 verborum
424 925 475 973 in
534 924 726 973 Cratini
776 925 1181 974 Archilochorum
1235 927 1512 991 fragmento
1558 926 1607 974 II
1644 929 1707 974 15
1740 927 1790 974 M

109 994 158 1068 (I
191 992 396 1066 11,1K)
429 997 638 1065 λιπαρὸν
669 1007 825 1065 γῆρας
855 997 1203 1064 εὐωχούμενος.
1279 1000 1438 1048 Multo
1478 1000 1790 1048 verisimilius

109 1089 222 1122 eum
261 1073 526 1122 dictionem
563 1079 718 1140 γῆρας
748 1073 955 1140 λιπαρὸν
993 1073 1166 1122 debere
1205 1074 1291 1121 uni
1331 1090 1355 1121 e
1395 1075 1514 1123 locis
1547 1072 1791 1136 Odysseae

108 1163 232 1211 quos
272 1164 361 1211 ego
402 1147 655 1209 adscripsi.

218 1238 265 1284 p.
302 1224 385 1283 17,
411 1225 444 1268 4
483 1221 611 1270 τίσιν
650 1214 743 1270 οὖν
781 1221 910 1270 οὕτω
950 1219 1187 1287 συμφέρει
1225 1219 1306 1270 καὶ
1337 1221 1427 1285 τὴν
1462 1219 1646 1285 ἐσθῆτα
1676 1221 1791 1269 ταύ-

109 1314 200 1360 την
249 1294 453 1345 ἐνδῦναι
497 1293 580 1344 καὶ
626 1295 680 1345 τὸ
728 1302 976 1360 σκῆπτρον
1030 1294 1241 1361 ἐνεγκεῖν
1291 1293 1373 1343 καὶ
1422 1294 1475 1345 τὸ
1530 1293 1792 1358 φάρμακον

110 1369 307 1435 μνήμης
360 1367 615 1436 ἀπαύστου
669 1369 793 1436 πρὸς
846 1369 898 1418 τὸ
962 1367 1134 1433 μέλλον
1195 1366 1409 1432 ἀφεῖναι.
1485 1368 1667 1417 Locum
1731 1368 1791 1415 ab

109 1443 439 1493 Herwerdeno
478 1448 610 1493 πιεῖν
648 1462 696 1492 τε
735 1441 817 1492 καὶ
856 1446 970 1506 post
1003 1441 1257 1492 ἀπαύστου
1289 1444 1532 1491 inserente
1565 1445 1790 1505 sanatum

110 1534 213 1567 esse
245 1535 384 1583 nego.
454 1519 587 1566 Nam
617 1522 750 1567 πιεῖν
782 1521 832 1566 et
866 1517 988 1583 πρὸς
1019 1516 1072 1567 τὸ
1109 1515 1282 1580 μέλλον
1312 1515 1512 1579 ἀφεῖναι
1543 1532 1640 1565 non
1671 1516 1792 1563 bene

111 1595 303 1642 coeunt.
371 1593 601 1641 Fortasse
634 1592 784 1640 verba
816 1591 1117 1656 significant:
1148 1593 1410 1640 remedium
1442 1605 1532 1650 quo
1563 1591 1793 1638 memoria

109 1667 378 1716 indelebilis
438 1670 751 1727 comparatur
812 1668 877 1714 ad
938 1681 1110 1714 aevum
1169 1667 1390 1724 futurum
1442 1664 1670 1724 prodere,
1737 1667 1793 1710 ut

20 1800 22 1802 V
110 1740 353 1790 Aristides
398 1743 435 1788 t.
475 1741 500 1788 I
537 1758 585 1803 p.
614 1742 778 1801 16,17
823 1742 872 1788 et
909 1757 956 1802 p.
987 1740 1178 1801 17,1D
1220 1732 1277 1804 (t.
1309 1738 1362 1786 Π
1393 1739 1558 1798 307,2
1593 1741 1640 1784 et
1673 1732 1791 1802 4K)

110 1813 294 1880 ὑγιείας
333 1814 597 1880 φάρμακον
637 1816 775 1863 dixit.

220 1905 266 1951 p.
306 1890 388 1950 18,
421 1891 453 1936 4
502 1888 592 1938 ὅσα
640 1886 729 1953 μὲν
775 1881 867 1937 οὖν
914 1886 1240 1952 παιδαγωγῶν
1286 1904 1332 1934 τε
1376 1882 1663 1951 ἐγκειμένων
1713 1881 1791 1931 καὶ

113 1961 420 2012 διδασκάλων
468 1962 764 2028 φοβούντων
818 1959 1010 2021 ἐδέξατο
1064 1967 1122 2029 τῇ
1177 1966 1313 2028 ψυχῇ
1370 1958 1426 2007 τὰ
1479 1965 1644 2021 πρῶτα
1697 1963 1792 2004 τῶν

28 2079 29 2084 ,
113 2035 256 2102 ἱερῶν
293 2034 375 2085 καὶ
413 2035 505 2100 τὴν
535 2036 674 2102 ῥίζαν
705 2035 890 2101 ἔχοντα,
929 2035 1083 2084 εἰπεῖν
1113 2034 1415 2098 παραλείψω.
1483 2031 1792 2079 Probabilem

22 2167 23 2170 Ἰ
111 2109 235 2158 mihi
263 2110 422 2159 videri
454 2111 644 2159 Reiskfi
680 2110 1010 2159 coniecturam
1052 2107 1172 2173 ἔχων
1210 2107 1364 2156 εἰπεῖν
1403 2106 1505 2154 dixi
1543 2109 1591 2153 et
1622 2106 1792 2152 etiam·

112 2199 241 2233 nune
285 2200 344 2233 ea.
388 2186 555 2247 placet
591 2201 711 2247 prae
758 2185 819 2233 iis
868 2199 991 2245 quas
1031 2182 1386 2230 Herwerdenus
1425 2178 1636 2242 protulit
1674 2176 1792 2241 ἔχων

112 2252 246 2306 ταῦτ’
273 2259 353 2307 vel
376 2254 502 2308 τάδ’.
559 2259 688 2306 Nam
718 2261 980 2320 utrumque
1014 2257 1404 2304 additamentum
1435 2252 1610 2301 melius
1642 2251 1790 2299 abest.

19 2383 30 2408 ᾖ,
113 2330 185 2382 Cf.
224 2331 362 2381 Dem.
402 2350 448 2395 p.
485 2335 607 2394 314,
634 2335 700 2381 29
749 2329 904 2381 πολλὰ
949 2331 1118 2379 τοίνυν
1165 2327 1288 2394 ἕτερ’
1327 2327 1479 2376 εἰπεῖν
1524 2325 1644 2390 ἔχων
1686 2322 1793 2388 περὶ
1874 2362 1889 2369 ..

113 2403 264 2455 αὐτοῦ
302 2406 606 2471 παραλείψω.

223 2496 270 2542 p.
305 2482 389 2542 20,
425 2483 451 2528 1
503 2480 653 2540 δόξαν
699 2477 808 2542 περὶ
854 2485 940 2527 τοῦ
996 2477 1139 2526 θείου
1191 2474 1482 2540 παράσημον
1533 2471 1622 2521 οὐκ
1676 2469 1793 2533 ἐνῆν

115 2550 410 2620 περιφέρειν,
449 2548 554 2602 ἀλλ’
597 2553 754 2612 εὐθὺς
793 2552 882 2617 τὴν
921 2551 1097 2615 κηλῖδα
1132 2548 1364 2615 διέρρυψε
1397 2545 1477 2595 καὶ
1508 2544 1620 2603 τοὺς
1652 2542 1793 2600 ὄντας

115 2623 223 2675 ἀντὶ
261 2634 347 2676 τοῦ
388 2627 655 2687 δοκοῦντος
694 2624 893 2692 ε’πέγνω.
970 2625 1048 2672 Ad
1088 2622 1322 2689 διέρρυψε
1362 2624 1556 2684 praeter
1593 2619 1725 2666 locos
1764 2633 1793 2663 a

22 2728 27 2732 -
117 2699 375 2763 Rudolpho
406 2702 560 2750 Asmo
577 2695 618 2768 2)
645 2701 887 2749 indicatos
925 2700 1206 2746 conferatur
1239 2696 1433 2744 Aeliani
1464 2694 1792 2755 fmgmentum

237 2872 279 2927 1)
311 2871 428 2916 Mus.
461 2871 606 2916 Rhen.
641 2871 719 2914 LX
754 2874 851 2914 124.

235 2930 280 2986 2)
312 2929 639 2975 Wochenschr.
670 2929 744 2973 fiir
774 2928 914 2972 klass.
941 2925 1105 2970 Philol.
1136 2929 1247 2969 1905
1280 2924 1336 2967 N.
1363 2922 1491 2979 33s34
1525 2919 1607 2964 col.
1634 2923 1731 2961 911.
