1992 3094
167 68 275 122 456
682 65 910 110 LissANn
940 65 1164 110 ORATIO
1195 65 1340 109 XLIX

170 201 614 271 ἀποδεδομένων,
653 203 725 271 μὴ
764 209 1071 271 συγχωρεῖν
1112 197 1173 253 δὲ
1212 208 1326 263 τοῖς
1366 201 1599 270 ἄρχουσι
1638 199 1861 272 μέλλειν

170 290 293 360 μηδ’
341 291 636 358 ἀναβολαῖς
683 291 1002 361 χαρίζεσθαι
1052 298 1166 352 τοῖς
1211 289 1320 342 ὑπὸ
1369 299 1480 342 τῶν
1527 289 1860 357 γραμμάτων

169 378 578 448 τεθηραμένοις,
619 377 735 431 ἀλλ’
768 378 1092 447 ἀναγκάζειν
1128 376 1383 446 ἐμμένειν
1421 386 1536 440 τοῖς
1571 375 1670 446 ὑφ’
1701 377 1862 446 ὑμῶν

170 469 393 530 δικαίως
446 467 786 538 κεκριμένοις
839 466 930 520 καὶ
985 469 1215 536 φόβους,
1255 466 1546 535 ἐφιστάναι
1607 475 1672 537 τῇ
1734 465 1861 537 περὶ

124 579 143 611 5
168 564 338 610 ταῦτα
368 559 595 627 νωθείᾳ,
636 556 758 610 ἀντὶ
799 557 866 625 δὴ
897 564 996 610 τοῦ
1029 564 1202 608 ταῦτα
1232 564 1415 610 ποιεῖν
1444 554 1536 608 καὶ
1569 557 1648 608 ἔτι
1687 557 1860 609 πλείω

83 657 283 701 RII575
331 647 461 707 τοὺς
512 642 614 712 μὲν
668 650 797 698 εἴων
847 648 942 714 ζῆν
997 644 1057 697 ἐν
1108 637 1301 714 οἷσπερ
1345 642 1353 715 Ι
1395 646 1552 714 ἔζων,
1606 645 1744 714 πρὸς
1799 644 1863 697 δὲ

167 736 297 795 τοὺς
358 734 524 787 οὐδὲν
586 734 712 786 οὔτε
776 736 963 800 μεῖζον
1025 733 1151 785 οὔτε
1218 734 1445 786 ἔλαττον
1515 731 1861 800 ἐφθέγξαντο

167 822 403 890 μεγάλας
448 822 526 883 εἰς
570 821 631 874 τὸ
680 821 1151 890 παρρησιάζεσθαι
1198 821 1294 884 τὰς
1338 819 1588 890 ἀφορμὰς
1627 822 1859 890 ἔχοντες.

169 908 283 961 ἀλλ’
330 904 410 963 ὧν
464 909 529 962 οὐ
585 909 933 978 γιγνομένων
985 908 1112 979 παρ’
1161 909 1320 978 ὑμῶν
1375 909 1717 979 ἐσχετλίαζον
1772 909 1859 978 ἄν,

103 1021 144 1052 10
168 997 315 1051 ταῦτ’
356 995 501 1067 ἔχειν
542 997 666 1061 ἐξὸν
713 998 813 1051 οὐκ
862 998 1276 1067 ἐβουλήθησαν,
1317 997 1431 1051 ἀλλ’
1473 999 1540 1052 οὐ
1585 999 1861 1052 διδόντων

167 1084 267 1155 μὲν
322 1087 475 1139 δεινὰ
529 1087 761 1156 πάσχειν
822 1085 1039 1155 ἔλεγον,
1103 1088 1376 1141 διδόντων
1431 1087 1492 1140 δὲ
1546 1087 1649 1140 οὐκ
1703 1085 1860 1156 ἐχρή-

170 1189 354 1243 σαντο,
394 1174 511 1228 ἀλλ’
549 1171 628 1228 ὧν
667 1173 885 1246 χρῄζειν
924 1174 1133 1245 ἔλεγον,
1174 1176 1324 1229 ταῦτ’
1365 1177 1443 1238 εἰς
1481 1185 1663 1246 χεῖρας
1706 1178 1862 1229 ἰόντα

170 1263 479 1317 ἀπεώθουν.

281 1353 327 1404 8.
369 1354 479 1405 Καὶ
511 1352 827 1423 παράδοξον
852 1351 955 1421 μὲν
987 1355 1047 1407 τὸ
1082 1353 1276 1423 ῥηθέν,
1309 1351 1418 1422 ἔχει
1455 1353 1516 1407 δὲ
1549 1353 1649 1406 οὐκ
1682 1353 1863 1416 ἄλλως

107 1462 145 1494 15
173 1441 199 1495 ὁ
234 1443 412 1510 λόγος,
454 1440 573 1495 ἀλλ’
613 1442 808 1510 ὅμοιον
838 1450 1118 1510 ποιοῦσιν,
1157 1443 1340 1512 ὥσπερ
1378 1441 1448 1494 ἂν
1487 1447 1541 1495 εἴ
1573 1462 1657 1504 τις
1693 1441 1864 1510 πένης

172 1531 394 1598 αἰτήσας
424 1531 571 1601 παρὰ
602 1539 702 1584 τοῦ
735 1533 874 1593 Διὸς
905 1533 1216 1601 θησαυρόν,
1256 1533 1439 1584 ἔπειτα
1477 1538 1584 1599 γῆν
1616 1531 1869 1600 ὀρύττων,

171 1618 351 1686 εὑρὼν
389 1620 589 1687 φεύγοι
627 1620 687 1672 τὸ
729 1621 926 1690 δῶρον.
1003 1623 1061 1672 τί
1097 1621 1164 1689 δὴ
1203 1622 1265 1674 τὸ
1305 1620 1519 1672 τούτων
1558 1624 1761 1684 αἴτιον;
1801 1617 1864 1672 ἐν

171 1715 286 1770 τοῖς
334 1707 542 1775 ὀλίγοις
589 1709 805 1770 τούτοις
853 1710 1019 1776 εἰσίν,
1068 1705 1109 1761 ὦ
1149 1710 1403 1776 βασιλεῦ,
1449 1708 1678 1775 μεγάλαι
1716 1704 1865 1770 τινὲς

172 1795 456 1863 δυνάμεις,
506 1798 563 1849 αἲ
606 1799 736 1859 τοὺς
776 1796 1210 1866 ἀσθενεστέρους
1251 1798 1453 1865 ἄγουσι
1487 1797 1577 1849 καὶ
1625 1795 1863 1866 φέρουσι

106 1903 148 1936 20
171 1884 385 1947 τούτοις
437 1885 704 1939 τάκείνων
757 1879 1169 1956 προστιθεῖσαι,
1224 1887 1290 1939 τά
1345 1905 1402 1938 τε
1449 1884 1508 1938 ἐκ
1554 1893 1654 1937 τοῦ
1708 1887 1861 1937 πολι-

171 1972 429 2025 τεύεσθαι
476 1973 639 2043 κέρδη
688 1975 754 2027 τὰ
799 1976 1013 2028 τούτων
1062 1974 1226 2039 αὔξει.
1311 1973 1416 2028 κάν
1470 1982 1584 2035 τοῖς
1631 1973 1863 2042 ἀμελου-

170 2058 356 2126 μένοις
402 2061 435 2114 ἃ
483 2063 706 2126 δικαίως
753 2061 822 2116 ἂν
869 2063 1133 2132 ἐτύγχανε
1178 2064 1467 2133 προνοίας,
1522 2061 1582 2115 ἐκ
1635 2069 1734 2114 τοῦ
1788 2062 1863 2130 μὴ

171 2151 410 2211 πολλοὺς
457 2146 597 2203 εἶναι
643 2154 774 2215 τοὺς
812 2153 1186 2219 βουλεύοντας
1230 2160 1346 2214 τοῖς
1385 2146 1548 2204 οὖσιν
1586 2151 1618 2219 ἡ
1665 2151 1860 2219 παραί-

173 2251 336 2304 τησις.
434 2237 525 2291 καὶ
578 2242 752 2302 πολὺς
806 2239 932 2293 καθ’
989 2239 1222 2309 ἑκάστην
1278 2239 1485 2310 ἡμέραν
1540 2239 1569 2293 ὁ
1623 2245 1865 2309 θρῆνος·

292 2456 409 2512 Εἱμὴ
442 2454 489 2499 δ’
524 2457 632 2500 libri
661 2459 666 2514 Ι
694 2458 928 2517 ἀναβολὰς
957 2459 1026 2504 Re
1149 2463 1174 2503 3
1206 2457 1290 2516 ὑφ’
1325 2460 1359 2502 Ι
1385 2458 1466 2502 sed
1497 2475 1526 2502 v
1556 2458 1606 2500 in
1637 2470 1712 2501 ras
1744 2456 1815 2500 m³
1849 2456 1856 2515 Ι

175 2513 300 2569 ὑμῶν
334 2515 393 2557 Μ
423 2516 503 2558 sed
535 2533 563 2559 v
594 2516 642 2559 in
674 2531 749 2560 ras
780 2517 851 2560 m²
940 2518 1069 2574 ἡμῶν
1101 2519 1176 2563 ΙΒ
1353 2522 1380 2560 4
1413 2514 1606 2566 δικαίως
1637 2515 1801 2572 scripsi

174 2570 375 2624 δικαίοις
405 2573 513 2617 libri
546 2575 637 2618 edd
769 2581 793 2619 6
825 2593 935 2628 τους
964 2579 1010 2621 Ρ
1197 2580 1349 2634 μεῖζον
1382 2590 1406 2620 e
1438 2575 1602 2632 μείζων
1634 2589 1735 2619 corr
1765 2573 1857 2634 1⁸}

175 2628 272 2674 οὔτ’
300 2631 367 2674 Re
519 2639 543 2676 9
577 2631 752 2677 ἀλλ’-
774 2639 827 2678 17
853 2638 1006 2692 δῶρον
1039 2636 1157 2679 citat
1186 2636 1302 2679 Plan
1335 2636 1364 2678 l.
1391 2635 1421 2678 1.
1582 2638 1607 2678 9
1639 2635 1767 2690 ὑμῶν
1801 2635 1864 2701 Μ

176 2688 255 2732 sed
279 2706 307 2732 v
331 2690 378 2733 in
403 2705 477 2734 ras
501 2691 573 2735 m'
633 2691 761 2749 ἡμῶν
787 2695 831 2738 Β
892 2694 1003 2795 ἡμΙῖν
1026 2694 1144 2738 Plan
1265 2698 1318 2737 10
1343 2695 1365 2740 ἐ
1397 2692 1667 2749 ουλήθησαν
1692 2692 1859 2749 scripsi

233 2747 564 2806 ἠβουλήθησαν
595 2750 704 2794 libri
737 2752 827 2796 edd
1067 2752 1217 2808 ρήζειν
1249 2754 1327 2797 ΡΙ
1387 2753 1467 2796 lan
1496 2759 1502 2808 ι
1530 2749 1648 2796 ἰόντ’
1680 2751 1799 2794 Plan

177 2809 228 2848 17
251 2807 422 2873 φεύγει
450 2809 488 2854 G
606 2814 658 2853 18
690 2810 884 2869 μεγάλαι
907 2813 954 2856 P
951 2758 1063 2855 18θέ
1094 2828 1148 2869 με
1179 2811 1229 2855 111
1255 2825 1331 2856 ras
1354 2810 1424 2854 m²
1545 2814 1600 2853 20
1631 2808 1859 2854 τάκείνων

176 2864 338 2921 scripsi
371 2881 394 2909 e
427 2868 472 2910 P
501 2865 622 2911 sed’
660 2881 775 2923 eras,
808 2870 854 2912 B
913 2869 971 2913 τὰ
1002 2868 1168 2915 κείνων
1198 2870 1369 2926 reliqui
1399 2870 1508 2913 libri
1540 2869 1631 2914 edd
