1992 3094
474 143 701 187 LIBANII
735 145 957 190 ORATIO
991 146 1108 190 PRO
1142 146 1474 190 THALASSIO
1720 146 1823 199 331

133 270 307 352 πολλῇ
348 282 564 350 σπουδῇ
597 289 799 334 τοῦτον
837 277 908 348 ’ἧν
941 283 1213 335 διώκοντα
1255 283 1409 335 ι’δεῖν.
1487 282 1661 344 οὕτως
1693 283 1829 349 ἔρως

136 370 305 424 αὐτὸν
345 368 431 422 ἐπὶ
472 370 531 422 τὸ
573 369 872 438 συνέδριον
911 366 1030 437 ἦγε,
1074 371 1163 423 καὶ
1204 371 1305 439 οὐχ
1345 370 1378 423 ἃ
1418 371 1662 440 δαπανᾷ,
1707 389 1829 439 κερ-

135 461 350 512 δαίνειν
380 457 551 527 ἠξίου.
627 458 715 510 49.
764 457 880 512 ἀλλ’
907 457 1179 527 Ὀπτάτος,
1220 456 1262 512 ὦ
1299 462 1407 511 Ζεῦ
1440 461 1682 527 βουλαῖε,
1722 478 1829 511 τοι·

134 549 319 610 ούτοις
369 545 587 610 ἐδέξατο
635 547 733 599 τὸν
780 546 1028 615 ἐραστήν.
1114 547 1196 614 ὅς,
1244 549 1290 599 εἰ
1340 549 1440 601 τὸν
1486 547 1830 615 μιαρώτατον

134 635 364 707 ἔχρησεν
411 635 439 689 ὁ
490 637 626 698 θεὸς
671 633 733 688 ἐν
787 642 957 707 κοινῷ
1011 656 1121 688 τινι
1168 641 1340 688 θῦσαι
1393 642 1565 708 κακῷ,
1611 636 1829 697 πάντως
1875 657 1894 689 5

134 725 204 779 ἂν
234 720 304 793 ἦν
343 725 372 779 ὁ
415 726 806 793 σφαττόμενος,
847 722 962 777 ἐπεὶ
1003 725 1092 777 καὶ
1133 726 1232 793 τὴν
1264 723 1496 793 ἐσχάτην
1532 729 1682 792 εἴπερ
1714 721 1828 776 ἔδει

133 819 399 882 τιμᾶσθαι
445 815 668 882 κακίαν,
719 811 1075 882 ἐστεφανοῦτ’
1116 811 1185 865 ἂν
1235 807 1410 875 οὗτος.
1496 811 1556 875 ὃς
1606 820 1703 865 τοῦ
1756 813 1827 880 μὴ

133 907 319 972 φιλεῖν
366 917 455 956 σοι
501 904 603 971 τὴν
648 904 814 955 πόλιν
860 901 998 971 μέγα
1037 910 1263 971 σημεῖον
1305 900 1525 971 ἐκφέρει
1570 902 1632 954 τὸ
1671 910 1829 970 μῖσος

130 993 191 1045 τὸ
239 993 374 1045 κατὰ
424 999 518 1060 τῆς
574 993 851 1059 γυναικός.
936 999 1082 1060 μισεῖ
1137 987 1197 1043 δὲ
1253 990 1428 1058 αὐτὴν
1481 990 1829 1059 μισούμενος,

132 1090 371 1150 μισεῖται
412 1077 472 1133 δὲ
512 1082 934 1149 προπηλακίζων
976 1080 1076 1132 τὸν
1108 1077 1394 1148 Ὑμέναιον
1434 1078 1698 1148 ἀκολασία
1736 1076 1826 1130 καὶ
1853 1100 1895 1132 ιο

130 1179 196 1241 τῇ
244 1167 346 1237 μὲν
383 1168 569 1240 προικὶ
610 1174 892 1238 πλουτῶν,
938 1175 1013 1242 τῷ
1052 1173 1315 1222 πλουτεῖν
1362 1168 1423 1221 δὲ
1470 1165 1587 1220 κατ’
1617 1165 1829 1234 ἐκείνης

129 1258 259 1328 παρ’
303 1255 368 1327 ἧς
420 1259 482 1312 τὸ
537 1263 798 1312 πλουτεῖν
853 1258 1019 1330 αὐτῷ,
1075 1258 1366 1327 χρώμενος.
1457 1256 1545 1309 50.
1615 1257 1671 1309 αἱ
1726 1256 1828 1308 δύο

129 1350 364 1417 θρήνων
426 1338 670 1417 ἀφορμαὶ
732 1349 895 1416 κόραι
956 1347 1046 1399 καὶ
1114 1348 1297 1414 κόροι,
1367 1343 1439 1398 δι’
1493 1345 1591 1407 οὓς
1653 1344 1754 1398 οὐκ
1819 1343 1824 1414 Ι

131 1437 347 1506 ἐγένετο
386 1439 662 1490 πλειόνων
700 1437 917 1489 παίδων
954 1437 1144 1505 πατήρ.
1221 1434 1370 1504 ὁρῶν
1405 1431 1465 1486 δὲ
1505 1430 1678 1502 αὐτὴν
1709 1446 1750 1488 R
1773 1445 1918 1490 [1418

134 1528 300 1596 χαμαί
336 1546 394 1579 τε
433 1525 691 1594 κειμένην
729 1525 819 1578 καὶ
861 1524 922 1578 ἐν
954 1525 1098 1594 λύπῃ
1137 1525 1343 1593 μείζονι
1382 1531 1477 1591 τῆς
1511 1521 1598 1575 ἐπὶ
1636 1522 1829 1574 παισὶν
1853 1544 1894 1576 15

132 1614 442 1685 οἰχομένοις
494 1624 608 1678 πῶς
663 1615 838 1682 αὐτὴν
882 1611 1091 1666 ἔπαυσέ
1136 1632 1194 1665 τε
1239 1611 1330 1665 καὶ
1386 1611 1705 1679 ἀνέστησεν;
1760 1610 1827 1664 οὐ

131 1705 649 1774 παραμυθητικούς,
698 1705 771 1772 μὰ
818 1700 942 1770 Δί’,
995 1698 1200 1772 ἐπᾴσας
1247 1702 1444 1768 λόγους
1498 1697 1617 1752 οὐδ’
1658 1699 1829 1751 εἰπὼν

135 1795 522 1862 σωφρονήσειν
561 1790 680 1846 οὐδ’
715 1792 762 1844 εἰ
801 1792 873 1860 μὴ
914 1789 1126 1858 λήξειεν
1165 1787 1343 1857 ἐκείνη
1385 1788 1656 1855 δακρύων,
1696 1787 1829 1840 ἀπο-

133 1890 347 1935 κτενεῖν
387 1880 602 1949 ἑαυτόν,
646 1878 763 1934 ἀλλ’
797 1879 1068 1948 ἄκονήσας
1108 1876 1265 1947 ξίφος
1305 1876 1580 1946 ἐχώρησεν
1619 1874 1700 1929 ἐπ’
1731 1876 1827 1928 αὐ-

134 1971 252 2039 τήν,
290 1971 391 2039 τὴν
431 1968 492 2023 δὲ
524 1969 552 2023 ὁ
586 1972 760 2039 φόβος
791 1970 1036 2038 ὤρθωσε.
1112 1967 1210 2018 τὸν
1250 1960 1354 2018 οὖν
1393 1966 1654 2033 τοιαύτην
1685 1964 1832 2036 αὑτῷ
1852 1987 1895 2019 20

132 2067 402 2113 ποιοῦντα
432 2061 533 2129 τὴν
564 2060 747 2112 οἰκίαν
778 2063 881 2110 οἴει
916 2064 980 2125 τῇ
1013 2058 1186 2125 βουλῇ
1219 2074 1370 2116 τινος
1400 2058 1578 2106 αἴτιον
1609 2052 1828 2121 ἀγαθοῦ

134 2151 494 2217 γενήσεσθαι;
535 2148 640 2217 ἐγὼ
681 2144 782 2216 μὲν
822 2147 925 2215 γὰρ
966 2146 1054 2197 καὶ
1097 2145 1452 2210 σκυτοτόμον,
1496 2143 1569 2205 ὡς
1594 2139 1828 2210 Ὅμηρος

135 2246 406 2306 παραινεῖ,
447 2244 817 2290 συνοικοῦντα
855 2243 919 2304 τῇ
960 2232 1179 2301 γυναικὶ
1212 2234 1423 2300 μᾶλλον
1455 2230 1650 2299 ἀρετῆς
1680 2230 1828 2299 μετέ-

255 2402 280 2441 8
314 2398 370 2442 cf.
395 2401 428 2443 t.
454 2398 496 2442 H
523 2401 657 2449 164‚7
781 2400 836 2438 22
870 2393 953 2437 Od.
981 2397 1006 2446 ζ
1037 2397 1119 2437 182
1138 2407 1203 2449 sq.

257 2544 278 2582 1
312 2539 456 2596 πολλὴ
489 2537 668 2593 σπουδὴ
699 2539 764 2580 Va
815 2539 819 2590 Ι
871 2536 990 2580 ἰδεῖν
1022 2533 1195 2577 inserui
1228 2545 1252 2575 e
1281 2533 1321 2573 V
1411 2544 1485 2574 om
1517 2530 1686 2585 reliqui
1717 2530 1826 2573 libri

136 2597 269 2654 Bong
331 2597 448 2653 ὁρᾶν
474 2598 704 2643 διώκοντα
729 2596 796 2639 Re
859 2595 977 2639 ἰδεῖν
1002 2594 1231 2638 διώκοντα
1256 2590 1460 2635 Sintenis
1579 2594 1604 2632 3
1631 2588 1828 2640 ὀπτάτος

137 2656 186 2699 in
216 2669 350 2714 marg
380 2657 446 2701 12³
653 2660 679 2697 4
711 2655 792 2699 τὸν
826 2652 1041 2709 ἐραστήν]
1075 2651 1231 2706 „velim
1267 2650 1349 2694 σὸν
1380 2650 1638 2704 interponi⁶‘
1670 2648 1737 2692 Re

139 2721 164 2758 8
198 2722 328 2771 μῖσος
359 2716 419 2759 Μ
449 2716 531 2760 sed
564 2729 642 2764 σος
674 2714 767 2757 add
798 2713 867 2756 m³
1018 2719 1042 2753 9
1076 2707 1123 2755 δ’
1150 2710 1218 2753 Re
1376 2713 1429 2751 10
1461 2715 1585 2764 μισεῖ
1615 2707 1674 2750 Μ
1695 2707 1827 2763 Bong

199 2779 253 2817 13
286 2781 447 2830 κοῦροι
479 2775 525 2818 Β
553 2776 558 2830 Ι
587 2774 672 2817 οὐκ
705 2786 780 2815 om
807 2773 850 2814 V
982 2775 1035 2813 14
1069 2767 1242 2825 ἐλέγετο
1270 2769 1312 2810 V
1449 2772 1501 2809 15
1534 2772 1613 2821 τῆς
1644 2766 1710 2809 Ro
1772 2771 1825 2822 τῇ

137 2831 247 2876 libri
270 2833 403 2891 Bong
525 2837 578 2876 17
612 2829 694 2875 δία
720 2832 859 2875 ῙΒΜ
879 2829 969 2874 edd
998 2832 1002 2883 Ι
1033 2827 1141 2872 οὐδὲ
1166 2827 1232 2870 Re
1357 2830 1410 2870 18
1442 2825 1550 2870 οὐδὲ
1576 2826 1715 2869 IBM
1735 2825 1825 2868 edd

201 2903 254 2942 19
286 2898 606 2953 ἀλλακονήσας
631 2899 699 2953 Vl
730 2899 838 2940 ante
870 2894 1006 2950 ξίφος
1035 2908 1110 2937 ras
1144 2899 1169 2935 3
1202 2893 1281 2936 litt
1312 2894 1355 2936 A
1484 2895 1539 2934 20
1572 2883 1697 2950 α’ὓτῷ
1731 2891 1771 2933 Γ

140 2957 264 3001 αὐτῶ
297 2960 342 3002 Β
463 2963 519 3001 23
551 2964 604 3015 τῇ
638 2956 812 3000 inserui
844 2969 867 2998 e
896 2956 937 2998 Γ
993 2968 1068 2997 om
1099 2952 1268 3008 reliqui
1299 2950 1407 2995 libri
1440 2950 1531 2993 edd
