1992 3094
400 93 629 138 LIBANII
659 93 884 140 ORATIO
916 93 1162 139 CONTRA
1193 93 1590 138 FLORENTIUM
1730 93 1834 146 381

148 229 341 300 φέρειν
380 231 653 300 εἰρῆσθαι.
723 231 898 294 οὕτως
936 230 1093 300 ἠξίου
1132 236 1375 300 χρῆσθαι
1413 238 1529 292 τοῖς
1566 231 1714 299 παρὰ
1744 238 1840 298 τῆς

147 319 328 390 ἀρχῆς.
406 318 473 372 ὃν
519 321 621 388 γὰρ
671 320 774 373 οὐκ
820 319 890 373 ἂν
936 321 1112 383 ἄλλως
1154 319 1327 374 ἐποίει
1371 328 1571 388 κακῶς,
1619 319 1685 373 οὐ
1733 320 1838 389 γὰρ

147 405 310 478 εἶχεν,
352 407 438 462 ἐπὶ
477 417 679 462 τοῦτον
715 409 908 478 ἐχρῆτο
940 416 1015 482 τῷ
1046 410 1253 481 θρόνῳ.
1331 407 1381 461 5.
1428 409 1606 479 ἄνδρα
1644 410 1840 461 τοίνυν

148 496 332 561 δεξιὸν
401 497 488 551 ἐπὶ
548 502 810 552 πλεῖστον
862 499 1067 567 ἥκοντα
1127 506 1231 552 νοῦ
1292 496 1383 551 καὶ
1437 499 1671 566 βιβλίων
1734 496 1838 566 [τε]

149 586 387 656 γέμοντα
424 588 516 640 καὶ
553 591 782 641 πλεῖστα
822 589 1126 660 διῳκηκότα
1165 586 1256 640 καὶ
1297 588 1370 651 ὡς
1409 587 1511 640 οὐκ
1551 585 1620 640 ἂν
1659 586 1842 656 ἕτερος
1890 606 1910 639 5

147 676 237 728 καὶ
262 677 364 744 τὴν
388 675 599 746 ἀγορὰν
624 677 717 729 διὰ
747 677 972 729 πάντων
1000 676 1204 729 ἀμείνω
1229 677 1561 745 πεποιηκότα
1589 675 1841 748 ἐμπειρίᾳ

148 784 205 818 τε
251 773 315 834 τῇ
363 765 488 832 περὶ
538 773 710 818 ταῦτα
757 764 847 818 καὶ
902 766 1254 836 δικαιοσύνῃ,
1308 766 1406 818 τὸν
1462 766 1530 834 δὴ
1583 773 1841 818 τοιοῦτον

147 853 510 923 ὑβριζόμενον
556 854 617 906 ἐν
662 862 737 927 τῷ
775 856 995 926 θεάτρῳ
1042 856 1190 925 παρὰ
1235 863 1348 907 τῶν
1395 854 1597 917 αὑτοὺς
1635 872 1840 924 πεπρα-

147 944 325 996 κότων
369 951 485 1005 τοῖς
532 941 757 1013 ἐχθροῖς
801 953 917 1007 τοῖς
964 943 1176 997 ἐκείνου
1216 945 1541 1013 προῦδωκεν
1587 942 1840 1011 ἀσελγέσι

147 1030 238 1085 καὶ
277 1034 503 1102 τρόποις
548 1032 637 1084 καὶ
686 1032 887 1101 ῥήμασι
932 1031 1024 1086 καὶ
1070 1034 1262 1100 νόμοις
1301 1031 1584 1095 ἐναντίοις.
1661 1034 1840 1086 καίτοι
1866 1054 1908 1085 ιο

149 1129 288 1190 χρῆν
357 1119 654 1188 ἑπόμενον·
700 1121 984 1191 ἀρχόντων
1056 1123 1369 1190 εὐδοκίμων
1435 1123 1841 1191 παραδείγμασι

148 1212 446 1278 συλλαβεῖν
495 1229 649 1273 τινας
702 1220 814 1263 τῶν
866 1210 1171 1280 ὑβριστῶν,
1228 1211 1625 1280 ἀγανακτῆσαι,
1681 1212 1842 1280 δίκην

149 1301 340 1366 λαβεῖν
395 1307 496 1352 τοῦ
551 1300 802 1369 θράσους
854 1299 981 1369 παρ’
1027 1299 1345 1367 ἀνθρώπων
1403 1300 1512 1352 ὑπὸ
1576 1308 1670 1369 τῆς
1729 1310 1841 1352 τῶν

150 1387 436 1457 ὀρχηστῶν
473 1390 733 1462 πῦρνείας
763 1387 1135 1457 τρεφομένων,
1174 1390 1245 1458 μὴ
1285 1398 1398 1442 τῶν
1435 1386 1617 1459 ἔργων
1654 1404 1841 1443 πιστο-

148 1475 308 1546 τέρας
354 1479 580 1546 νομίσαι
627 1478 721 1539 τὰς
766 1479 1129 1547 βλασφημίας.
1206 1480 1385 1531 καίτοι
1430 1476 1521 1530 καὶ
1570 1484 1626 1531 εἴ
1664 1498 1716 1531 τι
1760 1480 1840 1532 δί-
1866 1499 1907 1531 15

148 1586 310 1619 καιον
340 1562 411 1634 ἦν
444 1564 504 1619 ἐν
534 1575 651 1629 τοῖς
681 1565 792 1619 κατ’
826 1567 998 1619 αὐτοῦ
1032 1567 1361 1636 λεγομένοις,
1401 1568 1469 1620 οὐ
1506 1568 1568 1620 τὸ
1598 1567 1842 1637 θέατρον

150 1651 220 1722 ἦν
266 1657 470 1724 χωρίον
517 1654 764 1708 τουτοισὶ
810 1664 926 1718 τοῖς
974 1658 1229 1722 δικαίοις,
1285 1655 1402 1709 ἀλλ’
1442 1661 1601 1726 ἴσμεν
1655 1653 1722 1709 οὗ
1775 1658 1843 1709 τὰ

150 1751 376 1796 τοιαῦτα
416 1742 723 1808 ἐξετάζεται.
791 1744 995 1796 τούτου
1033 1745 1099 1812 δὴ
1140 1746 1376 1813 λαχόντα
1417 1745 1578 1813 δίκην
1616 1744 1704 1798 ἐπὶ
1743 1746 1842 1798 τὸν

149 1829 376 1901 ἔλεγχον
428 1832 674 1900 βαδίζειν
727 1833 840 1885 ἔδει
899 1831 990 1885 καὶ
1053 1833 1393 1885 δεικνύντων
1449 1831 1551 1900 μὲν
1605 1833 1842 1903 ἀδίκημα

150 1921 321 1974 κακὸν
359 1922 604 1990 νομίζειν
634 1922 733 1974 τὸν
763 1919 1203 1989 ἐξεληλεγμένον,
1242 1922 1742 1991 καταψευσαμένων
1780 1920 1843 1976 δὲ
1867 1945 1910 1977 20

151 2011 319 2062 πάλιν
364 2008 614 2063 ἀπαιτεῖν
662 2011 824 2078 δίκην
862 2011 963 2078 τὴν
1008 2018 1103 2078 τῆς
1143 2014 1530 2079 συκοφαντίας.
1608 2012 1655 2063 6.
1713 2012 1741 2065 ὁ
1782 2011 1843 2065 δ’

152 2098 256 2152 ἀπὸ
279 2096 283 2169 Ι
305 2101 486 2162 ψιλῶν
516 2108 627 2151 τῶν
659 2101 851 2152 αἰτιῶν
881 2101 1012 2161 τοὺς
1046 2097 1148 2168 μὲν
1180 2100 1425 2163 Αἰακοὺς
1456 2099 1692 2170 ἐνόμισε,
1724 2113 1823 2156 RH
1843 2118 1929 2157 466

150 2187 248 2239 τὸν
298 2183 360 2239 δὲ
409 2187 743 2256 Εὐρύβατον
795 2187 886 2239 καὶ
938 2190 1071 2256 μήτε
1121 2187 1352 2251 καλέσας
1400 2187 1519 2258 μήτ’
1567 2188 1842 2258 ἐρωτήσας

271 2315 325 2353 23
359 2310 416 2354 cf.
444 2311 504 2354 ad
535 2326 579 2367 p.
607 2315 713 2365 37‚7

272 2434 327 2472 22
374 2433 416 2472 Α
430 2429 489 2472 ἰα
502 2446 529 2473 κ
543 2446 567 2473 ο
582 2429 609 2472 ‘b
624 2447 647 2480 ς
692 2428 794 2484 ἤτοι
841 2427 1072 2480 δικαίους·
1131 2433 1171 2473 Ε
1184 2430 1212 2474 ὐ
1225 2447 1250 2485 ρ
1264 2430 1291 2474 ύ
1305 2431 1334 2489 β
1347 2448 1376 2474 α
1389 2447 1415 2474 τ
1428 2447 1452 2475 ο
1467 2448 1494 2474 ν
1541 2430 1840 2487 συκοφάντην

152 2487 326 2543 δόλιον,
356 2496 566 2539 τοιοῦτος
596 2488 684 2546 γὰρ
718 2488 991 2547 Εὐρύβατος
1016 2488 1082 2533 V²

272 2604 300 2642 4
329 2615 379 2643 τε
412 2599 544 2643 omV
607 2598 863 2642 cancellavi
1006 2604 1031 2642 6
1063 2600 1142 2643 καὶ
1176 2600 1281 2644 del?
1424 2605 1450 2644 8
1483 2602 1653 2650 αὐτοὺς
1682 2602 1718 2645 Ι
1741 2601 1842 2644 Mor

155 2659 236 2702 sed
258 2659 308 2702 in
331 2659 420 2702 hoe
445 2675 499 2714 γρ
525 2658 669 2702 αὐτὸν
693 2658 743 2701 in
766 2671 901 2715 marg
1045 2663 1098 2702 13
1129 2666 1211 2716 τῆς
1233 2666 1324 2703 τῶν
1349 2660 1395 2702 Ρ
1416 2660 1496 2704 sed
1521 2666 1575 2716 ῆς
1598 2661 1646 2703 et
1669 2677 1734 2705 ων
1757 2659 1840 2714 m³‚

151 2734 177 2761 τ
201 2720 263 2792 (22
287 2720 369 2762 et*
395 2717 444 2760 in
469 2731 544 2760 ras
568 2717 638 2759 m⁸
760 2722 814 2760 14
846 2717 988 2774 μηδὲὶ>
1116 2723 1170 2761 15
1202 2719 1283 2762 καὶ
1308 2733 1379 2762 om
1406 2719 1509 2763 Mor
1630 2723 1684 2762 16
1718 2719 1767 2763 ἐν
1785 2745 1840 2751 —-

156 2782 209 2821 17
235 2795 294 2833 ην
317 2791 392 2820 om
416 2777 461 2819 B
584 2780 637 2818 18
670 2774 873 2835 λαχόντα
905 2777 1070 2833 scripsi
1101 2780 1290 2822 auctore
1322 2777 1389 2821 Re
1422 2777 1524 2822 coll.
1551 2794 1595 2835 p.
1617 2782 1782 2834 196‚20

153 2835 355 2894 λαβόντα
386 2835 496 2879 libri
529 2834 619 2878 edd
763 2840 819 2878 20
850 2836 1276 2893 καταψευδομένων
1310 2838 1355 2882 V
1490 2843 1543 2881 21
1579 2836 1603 2882 ὃ
1636 2839 1681 2882 Α
1744 2834 1767 2881 ὅ
1799 2839 1845 2882 Ρ

155 2895 237 2939 sed
262 2894 275 2910 '
299 2895 349 2938 e*
386 2908 487 2938 corr
509 2893 592 2949 ω’,
619 2895 719 2939 BV
833 2899 888 2937 23
922 2893 967 2940 δ’
997 2895 1064 2939 Re
