1992 3094
521 113 750 157 LIBANII
782 112 1007 157 ORATIO
1040 113 1159 158 PRO
1193 114 1449 158 TEMPLIS
1765 118 1836 169 93

146 258 220 324 τῷ
253 249 386 320 πρὶν
419 247 696 322 ἀπαντῴη,
754 250 955 302 τούτου
998 246 1057 301 δὲ
1089 251 1249 313 ὄντος
1287 251 1547 303 τοιούτου
1585 251 1835 305 πενέστε-

147 361 242 408 ρος
280 339 381 408 μὲν
419 338 448 392 ὁ
488 340 755 407 γεωργός,
810 337 870 390 ἐν
917 338 1094 408 βλάβῃ
1143 335 1203 391 δὲ
1244 338 1272 392 ὁ
1324 341 1512 409 φόρος.
1590 339 1679 393 καὶ
1731 343 1834 409 γὰρ

148 428 218 482 ἂν
257 428 475 496 σφόδρα
515 426 680 497 ἐθέλῃ
720 447 820 494 τις,
859 428 919 479 τό
960 446 1020 495 γε
1060 429 1132 496 μὴ
1174 428 1456 480 δύνασθαι
1494 429 1708 482 κωλύει.

260 517 342 568 11.
386 516 576 578 Οὕτως
615 514 702 568 ε’πὶ
741 516 807 568 τὰ
839 514 1068 583 μέγιστα
1105 525 1217 568 τῶν
1255 517 1591 585 πραγμάτων
1628 518 1833 584 βαδίζει

143 607 209 659 τὰ
255 606 346 658 διὰ
391 605 493 673 τὴν
537 605 751 657 τούτων
797 603 1086 672 ἀσέλγειαν
1135 606 1272 657 κατὰ
1317 614 1430 657 τῶν
1476 605 1662 674 ἀγρῶν
1713 612 1835 660 τολ-
1883 628 1902 660 5

145 696 390 764 μώμενα,
445 696 503 746 οἳ
554 692 690 762 φασὶ
737 690 839 761 μὲν
885 702 1002 755 τοῖς
1058 694 1227 763 ἱεροῖς
1278 698 1555 761 πολεμεῖν,
1611 697 1724 747 ἔστι
1776 696 1837 748 δὲ

132 778 306 846 οὗτος
344 782 373 836 ὁ
404 784 639 851 πόλεμος
678 784 846 851 πόρος
883 792 995 834 τῶν
1026 779 1127 848 μὲν
1158 791 1273 844 τοῖς
1304 791 1458 844 ναοῖς
1489 781 1836 852 ἐγκειμένων,

144 881 255 925 τῶν
302 868 361 924 δὲ
400 873 466 924 τὰ
514 873 648 925 ὄντα
695 881 811 934 τοῖς
857 873 1224 939 ταλαιπώροις
1270 871 1624 940 ἁρπαζόντων
1669 874 1735 924 τά
1781 893 1837 926 τε

146 963 365 1028 κείμενα
416 960 604 1023 αὐτοῖς
651 959 756 1013 ἀπὸ
804 968 900 1028 τῆς
945 968 1045 1028 γῆς
1090 959 1179 1012 καὶ
1229 960 1262 1013 ἃ
1308 959 1625 1029 τρέφουσιν.
1704 945 1829 1013 ὥστ’

147 1049 476 1119 ἀπέρχονται
531 1048 795 1128 φέροντες
846 1050 897 1102 οἱ
950 1048 1275 1112 ἐπελθόντες
1329 1050 1396 1101 τά
1445 1059 1557 1102 τῶν
1610 1048 1835 1102 ε’κπεπο-
1855 1072 1903 1103 -ιο

148 1137 537 1209 λιορκημένων.
613 1147 730 1200 τοῖς
770 1138 832 1190 δὲ
871 1139 974 1190 οὐκ
1014 1137 1168 1206 ἀρκεῖ
1205 1146 1394 1206 ταῦτα,
1434 1137 1570 1191 ἀλλά
1601 1137 1692 1191 καὶ
1733 1146 1837 1206 γῆν

149 1229 553 1296 σφετερίζονται
600 1228 702 1295 τὴν
748 1234 847 1279 τοῦ
896 1227 1077 1288 δεῖνος
1125 1227 1279 1296 ἱερὰν
1326 1223 1467 1279 εἶναι
1515 1226 1786 1294 λέγοντες,
1828 1238 1832 1298 ξ

146 1314 236 1369 καὶ
275 1316 468 1369 πολλοὶ
508 1325 620 1370 τῶν
651 1314 921 1388 πατρῴων
953 1314 1268 1385 ἐστέρηνται
1309 1313 1379 1368 δι’
1414 1315 1683 1384 ὀνόματος
1720 1328 1756 1371 Β
1780 1328 1924 1378 Π169

148 1405 249 1462 οὐκ
289 1404 548 1473 ἀληθοῦς.
619 1406 672 1458 οἱ
712 1403 759 1456 δ’
794 1403 852 1457 ἐκ
891 1413 1003 1457 τῶν
1039 1402 1240 1474 ἑτέρων
1270 1414 1522 1473 τρυφῶσι
1561 1413 1744 1457 κακῶν
1784 1406 1837 1457 οἱ
1879 1390 1882 1392 ’

146 1499 221 1566 τῷ
260 1501 474 1562 πεινῆν,
530 1495 603 1556 ὥς
650 1506 809 1562 φασι,
864 1494 964 1546 τὸν
1011 1493 1195 1546 αὑτῶν
1242 1494 1654 1562 θεραπεύοντες
1686 1495 1836 1546 θεόν.
1863 1515 1903 1546 15

147 1581 218 1650 ’ἢν
264 1581 313 1635 δ’
345 1584 398 1635 οἱ
447 1582 863 1652 πεπορθημένοι
917 1583 1063 1651 παρὰ
1117 1583 1215 1635 τὸν
1269 1581 1330 1634 ἐν
1384 1582 1534 1634 ἄστει
1589 1580 1838 1649 ποιμένα,

149 1674 379 1724 καλοῦσι
419 1672 524 1742 γὰρ
565 1671 738 1734 οὕτως
778 1671 954 1738 ἄνδρα
1002 1670 1067 1723 οὐ
1115 1671 1260 1723 πάνυ
1310 1672 1565 1740 χρηστόν,
1618 1669 1689 1738 ἢν
1736 1667 1839 1724 οὖν

151 1758 409 1823 ἐλθόντες
456 1760 770 1830 ὀδύρωνται
810 1759 1062 1829 λέγοντες
1108 1759 1140 1812 ἃ
1187 1760 1500 1828 ἠδίκηνται,
1555 1757 1583 1811 ὁ
1635 1759 1839 1827 ποιμὴν

151 1843 312 1912 οὗτος
350 1851 480 1912 τοὺς
517 1850 619 1916 μὲν
658 1847 912 1919 ἐπῄνεσε,
962 1851 1091 1911 τοὺς
1131 1845 1191 1901 δὲ
1241 1847 1520 1917 ἀπήλασεν
1559 1847 1632 1909 ὡς
1672 1845 1733 1900 ἐν
1770 1855 1845 1919 τῷ

151 1939 222 2006 μὴ
275 1940 433 2004 μείζω
486 1938 831 1992 πεπονθέναι
884 1938 1292 2007 κεκερδακότας.
1374 1937 1456 1988 12.
1510 1938 1689 1989 καίτοι
1744 1944 1838 2004 τῆς
1862 1957 1904 1989 20

150 2022 251 2093 μὲν
290 2035 388 2096 σῆς
419 2026 602 2097 ἀρχῆς,
643 2023 684 2080 ὦ
715 2029 964 2094 βασιλεῦ,
1002 2024 1094 2079 καὶ
1127 2021 1300 2093 οὗτοι,
1340 2025 1585 2096 τοσούτῳ
1618 2022 1679 2077 δὲ
1711 2045 1837 2093 χρη-

150 2116 441 2183 σιμώτεροι
479 2125 590 2168 τῶν
630 2115 975 2169 ἀδικούντων
1015 2115 1239 2182 αὐτούς,
1293 2114 1403 2185 ὅσῳ
1450 2123 1563 2166 τῶν
1601 2112 1839 2183 ἀργούν-

149 2222 260 2256 των
299 2205 352 2257 οῑ
391 2203 755 2274 ἐργαζόμενοι.
822 2205 875 2257 οἱ
914 2204 1015 2271 μὲν
1054 2204 1158 2272 γὰρ
1198 2211 1316 2265 ταῖς
1356 2204 1644 2271 μελίτταις,
1685 2203 1736 2254 οἱ
1778 2198 1838 2253 δὲ

271 2368 294 2407 7
327 2364 383 2408 cf.
409 2364 481 2408 t.1
506 2369 605 2419 248,
624 2370 678 2407 22
694 2379 763 2419 sq.
890 2369 941 2407 11
977 2364 1076 2407 zos.
1094 2363 1136 2407 V
1154 2367 1208 2406 23

271 2516 295 2554 2
330 2512 379 2556 ἐν
413 2511 577 2570 βλάβῃ]
613 2512 783 2571 ἐβλάβη
819 2513 863 2556 V
898 2511 903 2569 Ι
940 2508 1087 2569 φόβος
1118 2512 1163 2554 Β
1196 2511 1276 2555 sed
1310 2528 1335 2565 ρ
1368 2510 1416 2553 in
1440 2523 1573 2566 marg
1604 2525 1662 2551 m.
1689 2522 1777 2552 rec.

156 2573 182 2612 6
213 2570 306 2615 ἐστὶ
329 2571 397 2614 Re
520 2577 543 2614 7
576 2574 706 2622 λαοῖς
730 2571 820 2615 Got
944 2575 994 2613 11
1027 2567 1072 2614 δ’
1094 2570 1161 2613 Re
1286 2575 1338 2612 13
1372 2570 1488 2612 πολὺ
1514 2569 1583 2622 ΠΙ
1612 2568 1838 2620 πατρώων

153 2629 270 2673 ΡΙΒ
453 2635 507 2674 14
538 2629 584 2674 οἳ
607 2633 653 2675 A
738 2629 790 2674 οἴ
814 2632 860 2675 Ρ
889 2630 971 2673 sed
1001 2628 1012 2642 '
1046 2628 1095 2671 in
1119 2643 1194 2672 ras
1219 2628 1301 2683 m²‚
1334 2629 1524 2671 IBMV
1574 2628 1579 2684 Ι
1630 2626 1680 2670 δὲ
1712 2626 1779 2669 Re

157 2691 210 2730 15
241 2689 323 2733 τὸν
355 2690 508 2734 αὐτῶν
541 2704 615 2733 om
641 2689 732 2733 Got
821 2689 902 2732 τὸν
935 2690 969 2731 Ι
1002 2688 1083 2731 sed
1116 2688 1170 2731 ὸν
1202 2689 1251 2731 in
1276 2702 1350 2731 ras
1385 2700 1440 2730 ex
1471 2694 1535 2730 ῶν
1573 2688 1625 2728 ut
1657 2684 1840 2728 videtur

155 2759 256 2790 con·
277 2748 347 2790 m⁸
408 2749 559 2792 αὑτῶν
585 2751 617 2792 Ι
644 2749 726 2792 sed
750 2746 761 2762 ²
804 2762 858 2791 ex
886 2745 898 2761 '
936 2760 1038 2790 corr
1061 2746 1130 2788 m³
1191 2747 1343 2790 αὐτῶν
1371 2747 1415 2790 1⁷
1530 2750 1581 2788 16
1616 2742 1691 2802 ἣν]
1725 2743 1769 2787 οὶ
1795 2745 1839 2787 Β

158 2805 165 2861 Ι
200 2804 251 2850 δὲ
274 2806 341 2850 Re
463 2812 516 2851 17
551 2805 609 2863 ἢν
642 2805 727 2852 οὖν
760 2821 837 2850 om
863 2807 906 2850 V
1022 2809 1075 2848 18
1109 2805 1414 2856 συνελθόντες
1441 2805 1483 2848 V
1598 2807 1653 2845 20
1685 2818 1838 2857 κεκερ-

155 2862 357 2917 δακότας
387 2867 432 2909 Α
464 2867 543 2910 sed
575 2869 682 2923 post
707 2884 737 2909 α
761 2869 823 2923 (1)
854 2878 929 2908 ras
958 2870 979 2908 1
1006 2864 1085 2907 litt
1145 2863 1481 2919 κεκερδακότες·
1504 2863 1549 2906 Β
1671 2866 1723 2904 21
1759 2867 1841 2916 σῆς

156 2923 297 2967 Ised
329 2938 354 2968 σ
385 2938 410 2968 e
440 2941 465 2968 τ
496 2939 597 2969 corr
620 2926 690 2968 m3
