1992 3094
275 115 505 159 LIBANII
535 114 761 160 ORATIO
792 115 876 158 AD
907 115 1305 160 THEODOSIUM
1335 115 1454 160 PRO
1488 115 1683 160 CURIIS
1744 115 1853 169 459

156 259 268 306 νῦν
305 249 407 320 μὲν
445 259 641 321 σιωπῇ,
681 258 789 303 νῦν
828 251 890 305 δὲ
924 258 999 324 τῷ
1032 248 1207 319 μηδὲν
1247 253 1478 321 ἰσχυρὸν
1517 253 1693 306 εἰπεῖν
1733 252 1854 306 ἐθε-

159 345 322 409 λῆσαι
365 347 479 404 τοῖς
519 339 774 393 ἀδικοῦσι
821 341 922 408 τὴν
960 341 1174 409 βουλὴν
1213 340 1564 410 συνέπραξαν
1601 345 1855 411 μαλακῶς

155 427 662 498 συνηγωνισμένοι,
710 429 783 491 ὡς
821 426 995 498 μηδὲν
1034 428 1336 499 ὀνειράτων
1373 431 1435 483 τὸ
1474 438 1698 499 πρᾶγμα
1736 432 1854 484 δια-

160 517 368 588 φέρειν.
438 519 758 584 σπείραντες
798 515 858 570 δὲ
897 518 1154 580 τοιαύτας
1193 518 1416 587 χάριτας
1455 517 1516 571 ἐν
1554 527 1671 581 τοῖς
1702 520 1853 572 δικα-

154 608 401 675 στηρίοις
426 606 764 669 ἀπελθόντες
787 605 965 673 ἀμῶσι
996 614 1092 675 τῆς
1122 608 1427 676 προδοσίας
1450 609 1580 670 τοὺς
1612 610 1854 676 μισθοὺς
1901 631 1920 664 5

158 697 446 764 δεχόμενοι
487 694 740 763 λέγοντες
774 696 914 765 πρὸς
951 697 1081 758 τοὺς
1122 696 1513 764 διαφυγόντας,
1552 697 1625 759 ὡς
1656 698 1851 765 ἄριστα

152 785 494 854 προῦδοσαν.
565 785 619 836 οἱ
652 783 697 836 δ’
732 785 876 837 εἰσὶν
915 782 976 836 ἐν
1015 793 1130 847 τοῖς
1163 785 1269 854 πρὸ
1308 793 1408 837 τοῦ
1449 793 1512 855 τῇ
1545 786 1647 852 μὲν
1678 785 1851 838 αὑτοῦ

157 873 351 942 γαστρὶ
390 874 746 941 χαριζόμενος
783 872 1033 940 ἕκαστος,
1074 872 1434 942 βεβαιοτέραν
1473 874 1534 926 δὲ
1574 876 1714 943 ἔχων
1751 875 1853 942 τὴν

152 962 407 1015 ἀτέλειαν
437 969 501 1031 τῇ
534 963 727 1031 κρίσει.
807 961 892 1014 14.
938 964 1128 1030 γνοίης
1160 961 1210 1014 δ’
1242 963 1328 1030 ἄν,
1368 963 1439 1025 ὡς
1471 962 1652 1031 ἀληθῆ
1694 962 1853 1031 λέγω,

154 1052 251 1104 διὰ
300 1061 412 1104 τῶν
461 1060 632 1120 τριῶν
681 1060 793 1103 τῶν
844 1049 903 1103 ἐκ
953 1051 1056 1119 μὲν
1107 1050 1303 1104 ἑκατὸν
1352 1059 1416 1120 τῇ
1471 1054 1645 1122 βουλῇ
1697 1053 1852 1105 δεδο-
1879 1075 1920 1107 ιο

155 1140 356 1209 μένων,
401 1138 486 1208 ἐφ’
520 1133 563 1211 ᾧ
593 1132 675 1202 τίς
706 1149 818 1192 τῶν
850 1135 912 1192 εὖ
945 1141 1314 1209 φρονούντων
1353 1141 1455 1193 οὐκ
1495 1141 1854 1209 ἠγανάκτησε,

151 1238 303 1299 τρεῖς
349 1226 408 1281 ἐκ
454 1229 760 1293 τοσούτων;
807 1228 868 1280 τὸ
918 1229 1211 1296 βουλεύειν
1259 1229 1320 1281 δὲ
1365 1228 1456 1281 καὶ
1503 1229 1716 1282 τούτων
1763 1231 1855 1283 διὰ

156 1319 389 1380 τούτους
443 1317 917 1386 ἀποσεισαμένων,
979 1327 1091 1370 τῶν
1148 1318 1366 1380 τούτοις
1419 1319 1787 1386 βοηθούντων
1845 1318 1849 1389 Ι

152 1405 220 1460 ἐν
258 1407 479 1478 πλούτῳ
519 1406 719 1468 παῖδας
759 1405 826 1458 οὐ
874 1404 1219 1474 κεκτημένων
1264 1405 1355 1458 καὶ
1404 1407 1497 1458 διὰ
1539 1414 1704 1459 τοῦτο
1736 1420 1942 1464 RII579

152 1496 381 1565 χάριτας
403 1495 659 1558 τοιαύτας
684 1494 1012 1561 δυναμένων
1036 1496 1354 1563 λαμβάνειν.
1425 1487 1540 1547 εἶτα
1563 1497 1646 1558 τίς
1671 1496 1856 1548 αὐτῶν
1879 1498 1918 1564 Ἰ-

158 1582 340 1654 ἄρξων
369 1583 461 1637 καὶ
501 1581 572 1653 ἧν
610 1579 673 1637 εὗ
711 1593 891 1637 ποιῶν
930 1584 1164 1653 χαλεπὸς
1195 1592 1309 1646 τοῖς
1341 1584 1632 1652 ἀφεικόσιν
1670 1583 1732 1637 ἐν
1771 1578 1854 1648 οἷς
1879 1606 1921 1639 16

152 1672 386 1741 ἀφεῖντο
418 1682 531 1725 τῶν
562 1672 817 1741 ἀφέντων
847 1673 950 1741 τὴν
982 1673 1203 1725 ἀδικίαν
1236 1674 1387 1725 ἰδών.
1462 1672 1544 1724 15.
1587 1674 1704 1742 τὴν
1735 1675 1854 1744 γὰρ

156 1771 285 1814 τῶν
324 1761 757 1831 ἀμυνούντων
803 1761 1028 1824 αὐτοῖς
1073 1762 1359 1830 δύναμιν
1407 1760 1616 1828 ἄξιον,
1665 1766 1854 1831 φησίν,

157 1850 556 1919 ὑφορᾶσθαι.
641 1848 759 1903 ἀλλ’
799 1851 847 1902 εἰ
893 1849 1041 1903 τοῦτ’
1081 1847 1236 1902 ἔστιν
1276 1849 1504 1918 ἀληθές,
1553 1851 1654 1903 οὐκ
1701 1848 1855 1904 ἔστιν

154 1939 347 2002 αὐτοῖς
378 1938 556 1992 ἐκεῖνο
589 1937 788 2006 λέγειν,
820 1939 893 2002 ὡς
924 1938 1018 1991 ὑπ’
1050 1939 1234 1992 αὐτῶν
1266 1940 1331 1991 τὰ
1366 1948 1477 1991 τῶν
1508 1941 1855 1993 κλεπτόντων
1879 1961 1922 1993 20

154 2027 392 2090 ἑαυτοὺς
430 2027 671 2094 ὀνόματα
709 2037 825 2090 τοῖς
863 2028 1096 2097 ἄρχουσι
1136 2029 1352 2096 φανερὰ
1391 2029 1733 2080 καθίσταται.
1806 2030 1859 2080 εἰ

156 2117 263 2185 γὰρ
303 2116 407 2169 οὐκ
438 2116 608 2185 ἀδεές,
649 2117 702 2170 οἱ
741 2117 1039 2184 κηδόμενοι
1078 2117 1293 2169 τούτων
1332 2115 1452 2169 οὐδ’
1484 2115 1555 2168 ἂν
1585 2125 1700 2179 τοῖς
1731 2116 1856 2169 ὀνό-

152 2217 327 2271 μασιν
358 2204 606 2258 ἐλύπουν
638 2205 735 2268 οὓς
770 2204 1101 2273 ἐφοβοῦντο.
1165 2206 1232 2258 οὐ
1266 2206 1369 2274 γὰρ
1402 2210 1614 2273 μᾶλλον
1646 2204 1707 2258 ἐν
1739 2213 1855 2267 τοῖς

229 2355 232 2358 ’
281 2340 303 2378 1
338 2337 502 2392 μηδενὶ
527 2337 620 2380 ΙΜ
638 2336 773 2393 Bong
893 2341 918 2379 2
952 2339 1167 2393 μαλακῶς
1190 2337 1306 2393 αὐτῇ
1332 2334 1725 2393 συνηγωνισμένοι
1750 2334 1855 2379 coni

160 2394 228 2438 Re
350 2399 376 2438 6
409 2395 707 2452 διηγούμενοι
738 2395 807 2439 Re
838 2395 979 2438 Anim
1007 2400 1013 2451 Ι
1040 2395 1248 2451 λέγοντες
1272 2395 1436 2451 scripsi
1497 2397 1715 2451 γελῶντες
1744 2394 1856 2437 libri
1882 2392 1897 2397 '⁷

154 2453 253 2498 edd
375 2459 398 2498 7
432 2454 479 2498 οἳ
508 2456 554 2499 Α
617 2453 670 2498 οἵ
693 2455 739 2498 Ρ
767 2454 851 2499 sed
882 2453 894 2468 ‘
926 2454 1009 2509 m⁴‚
1042 2456 1183 2498 IBM
1209 2454 1342 2511 Bong
1362 2456 1367 2512 Ι
1389 2453 1440 2499 δὲ
1471 2454 1540 2498 Re
1566 2456 1569 2511 Ι
1598 2454 1743 2497 αὐτοῦ
1768 2454 1802 2496 Ι

162 2517 217 2555 10
241 2520 334 2557 τῶν
357 2512 431 2557 bis
456 2528 531 2557 om
555 2513 689 2570 Bong
710 2514 713 2569 Ι
738 2512 787 2557 ἐκ
812 2528 887 2557 om
913 2513 958 2556 B
1084 2518 1134 2556 11
1163 2513 1483 2569 ἠγανάκτησεν
1516 2511 1637 2566 ὁρῶν
1668 2520 1789 2567 τρεῖς
1812 2514 1858 2556 Ρ

160 2572 243 2615 Sed
274 2589 301 2616 ν
334 2571 455 2627 ὁρῶν
487 2586 714 2629 suprascr.
741 2571 823 2627 m²‚
856 2573 903 2616 B
1025 2577 1079 2615 14
1113 2574 1330 2616 διατοῦτο
1356 2573 1538 2616 ΡΙΒΜ
1657 2577 1710 2615 15
1742 2574 1854 2645 λαμ-

155 2629 343 2690 βάνειν]
369 2629 557 2675 διδόναι
581 2631 650 2674 Rc
673 2631 815 2675 Anim
835 2631 840 2690 Ι
860 2631 990 2675 locus
1022 2631 1179 2675 labem
1211 2631 1444 2674 contraxit
1503 2627 1574 2680 τίς
1605 2631 1765 2682 αὐτοῖς
1795 2648 1853 2687 ην

162 2689 186 2733 ὁ
218 2689 395 2748 ἅρχων,
433 2685 493 2746 ἦν
532 2687 600 2747 (εὖ
640 2693 808 2747 ποιῶν)
847 2690 1047 2748 χαλεπὸς
1086 2690 1191 2734 coni
1230 2690 1297 2732 Re
1336 2689 1477 2732 Anim
1516 2690 1658 2746 (quod
1698 2689 1854 2734 deleto

160 2743 218 2804 ἦν
251 2754 308 2799 (1)
339 2749 666 2806 probaverim),
698 2745 797 2794 εἶτα
830 2747 1098 2803 καθήπτετό
1131 2765 1200 2798 τις
1230 2749 1383 2793 αὐτῶν
1417 2748 1571 2805 α”ρχων
1602 2749 1652 2791 in
1684 2749 1739 2791 ed

223 2812 276 2851 17
310 2808 504 2863 ἀφεῖντο
538 2809 704 2864 scripsi
736 2810 925 2851 auctore
956 2808 1026 2851 Re
1058 2807 1157 2864 (scd
1190 2807 1240 2851 ἐν
1273 2805 1344 2857 οἷς
1374 2821 1467 2850 non
1499 2810 1572 2852 est
1603 2811 1654 2851 in
1684 2808 1744 2852 iis
1775 2808 1856 2864 qui

158 2867 244 2909 sed
275 2868 327 2910 in
358 2881 407 2911 eo
437 2868 573 2924 quod)
635 2868 802 2923 ἀφεῖτο
833 2866 944 2910 libri
976 2867 1068 2910 edd
1234 2871 1288 2908 22
1319 2865 1463 2917 ἀδαὲς
1492 2867 1527 2910 Ι
1685 2871 1741 2910 23
1774 2865 1856 2917 οὓς

160 2925 327 2981 scripsi
359 2929 549 2970 auctore
579 2926 647 2969 Re
710 2923 781 2976 οἷς
810 2924 921 2968 libri
953 2925 1045 2969 edd
