1992 3094
549 127 778 172 LIBANII
810 127 1034 173 ORATIO
1067 127 1148 172 DE
1180 128 1388 174 PACTIS
1708 130 1816 184 335

122 266 339 334 ὑπῆρχεν
387 262 456 334 (p.
492 269 615 328 345,
635 261 690 334 9)
737 284 895 330 usque
944 269 1006 317 ad
1052 269 1198 318 finem
1246 270 1507 331 orationis,
1553 287 1678 333 quae
1726 288 1815 334 pro

120 344 343 404 reliquiis
391 342 670 406 apographi
708 343 956 391 Allatiani
995 344 1200 392 Morello
1246 345 1385 393 missi
1423 344 1646 393 habenda
1686 349 1813 394 sunt.

125 416 195 465 Cf.
232 433 280 479 p.
318 418 421 465 122
442 432 514 478 sq.
555 419 605 464 et
643 419 678 464 t.
711 416 760 463 Π
803 418 906 464 417
927 432 998 479 sq.
1069 418 1335 480 Exemplar
1377 433 1492 467 vero
1540 420 1816 483 apographi

120 491 366 539 Allatiani
416 490 567 538 codex
604 490 878 540 Vaticanus
925 509 996 555 gr.
1032 493 1096 540 81
1148 493 1258 540 fuit.
1350 491 1420 540 Cf.
1461 508 1610 555 supra
1649 511 1694 556 p.
1729 495 1813 542 82.

122 564 346 614 Contulit
386 565 510 612 mihi
550 563 755 612 Carolus
796 563 974 612 Graux.

235 641 281 687 9.
321 638 808 686 Vindobonensis
851 639 992 701 phil.
1026 657 1104 703 gr.
1130 639 1294 688 XCIH
1334 634 1428 707 (=
1453 634 1521 707 V)
1562 656 1686 690 saec.
1718 642 1814 689 XII

121 713 205 761 fol.
234 714 355 761 241.
434 712 559 760 Vide
598 715 634 760 t.
659 712 685 760 I
723 730 770 775 p.
806 713 873 761 35
894 729 963 775 sq.
1044 713 1257 762 Contuli.
1302 731 1304 734 ·

231 786 327 834 Hic
359 802 556 848 quoque
596 786 722 834 duae
755 787 1132 852 distinguuntur
1170 789 1392 837 codicum
1424 789 1660 849 familiae,
1693 805 1813 852 qua-

118 878 231 910 rum
272 861 430 909 altera
473 860 638 909 codice
687 861 742 921 V,
788 861 926 923 prior
970 862 1172 924 reliquis
1220 863 1514 911 continetur.
1591 863 1660 911 Hi
1698 880 1812 912 vero

9 978 25 988 „
121 951 217 998 quo
257 935 633 983 necessitudinis
666 936 864 983 vinculo
903 937 1035 983 inter
1072 951 1123 985 se
1163 937 1413 985 coniuncti
1451 939 1567 998 sint,
1605 940 1814 986 stemma

118 1027 165 1073 p.
191 1011 260 1057 45
301 1010 612 1072 propositum
652 1011 910 1057 monstrat.

229 1083 397 1131 Unum
427 1083 590 1131 locum
615 1083 915 1132 Macarius
949 1083 1469 1147 Chrysocephalus
1482 1079 1522 1151 1)
1557 1086 1812 1148 excerpsit,

120 1174 264 1220 quem
309 1158 391 1206 hic
439 1173 633 1219 quoque
646 1144 687 1224 2)
730 1159 969 1206 orationis
1017 1162 1361 1222 argumentum
1407 1175 1583 1220 pamm
1623 1175 1811 1208 assecu-

0 1247 21 1293 (
117 1234 228 1280 tum
283 1247 386 1281 esse
440 1232 619 1279 titulus
674 1232 971 1294 praemissus
1025 1239 1111 1296 τῆς
1163 1231 1287 1298 πρὸς
1341 1231 1570 1296 μαθητὰς
1624 1230 1813 1296 ὁμιλίας

119 1306 351 1367 ostendit,
391 1321 488 1368 quo
528 1322 628 1354 non
660 1306 820 1354 solum
852 1305 1131 1354 Villoisono
1165 1300 1372 1372 (Anecd.
1406 1310 1440 1355 t.
1473 1306 1523 1354 Π
1554 1325 1600 1370 p.
1631 1310 1695 1355 15
1715 1303 1810 1373 sq.)

26 1441 31 1444 ἢ
120 1382 170 1429 et
211 1380 442 1428 Reiskiae
481 1382 515 1427 t.
556 1379 583 1428 I
619 1397 667 1442 p.
699 1380 858 1441 XXX,
909 1381 994 1429 sed
1041 1382 1193 1429 etiam
1232 1381 1609 1429 Westermanno
1658 1375 1810 1448 (Hist.

119 1454 365 1517 eloquent.
399 1452 569 1502 Graec.
601 1471 649 1516 p.
676 1448 808 1520 314)
859 1456 934 1502 ita
982 1456 1242 1516 imposuit,
1293 1458 1350 1503 ut
1399 1454 1671 1528 orationem
1721 1471 1811 1518 pro

27 1559 31 1567 ,
116 1528 308 1577 inedita
344 1528 596 1577 haberent.
612 1521 654 1594 3)

33 1647 37 1650 .
232 1601 404 1651 Oratio
459 1604 675 1666 primum
730 1618 859 1651 anno
918 1603 1060 1651 1614
1111 1618 1283 1667 graece
1336 1603 1524 1664 prodiit
1577 1602 1666 1651 sub
1720 1603 1813 1651 hoc

32 1727 35 1729 ,
119 1677 289 1725 titulo:
328 1677 533 1725 Libani&
569 1676 822 1738 Sophistae
861 1678 919 1725 de
948 1679 1126 1737 pactis,
1157 1691 1254 1737 pro
1292 1678 1552 1725 rectoribus
1585 1680 1628 1725 et
1655 1678 1811 1725 mode-

37 1772 41 1773 ⁷
119 1752 364 1799 ratorz'bus
394 1752 668 1799 scholarum
703 1751 884 1800 Oratio,
950 1751 1141 1799 Graeca
1172 1765 1302 1799 nunc
1323 1753 1545 1811 primum
1567 1752 1813 1811 prodeunt

33 1854 46 1886 =.
121 1840 176 1874 ex
230 1826 456 1874 Biblioth.
507 1826 760 1875 Vaticana.
844 1826 963 1874 Fed.
1011 1826 1251 1873 Morellus
1302 1825 1641 1884 Professor-um
1693 1825 1810 1887 Req.

33 1923 36 1925 Α
119 1900 351 1947 Decanus
382 1902 632 1957 recensuit,
664 1901 813 1948 latime
844 1901 996 1956 vertit,
1026 1900 1206 1947 notulis
1236 1899 1510 1947 illustravit.
1573 1899 1811 1955 Lutetiae,

33 1979 45 2026 ¹}
119 1973 272 2033 Apud
313 1973 663 2022 Federieum
701 1974 768 2021 M
772 1975 1018 2021 orellum
1056 1971 1560 2034 Architypoyraphum
1605 1973 1812 2033 Reyium

36 2080 49 2094 ·.
120 2046 369 2096 MDGXI
376 2048 430 2095 V.
492 2047 758 2096 Antecedit
796 2050 986 2095 textum
1026 2062 1255 2111 graecum
1293 2040 1362 2111 (p.
1392 2049 1456 2094 17
1463 2039 1615 2112 -31)
1650 2048 1809 2095 versio

38 2138 49 2193 g
120 2121 279 2169 latina
311 2115 381 2188 (p.
411 2119 616 2184 1—15),
656 2124 932 2184 sequuntur
966 2121 1036 2186 (p.
1066 2114 1158 2187 32)
1194 2116 1395 2168 ‘Notae'
1425 2136 1613 2182 paucae
1653 2136 1810 2182 neque

119 2195 270 2244 ullius
302 2190 534 2262 pretist).
606 2195 749 2253 Quod
786 2197 976 2243 textum
1013 2211 1037 2243 e
1070 2194 1234 2243 codice
1258 2194 1501 2243 Vaticano
1533 2196 1810 2242 manavisse

40 2278 54 2341 f,-
122 2269 261 2330 dixit,
299 2269 351 2317 id
389 2270 582 2318 ratione
623 2286 723 2332 qua
761 2285 911 2332 supra
949 2269 1051 2316 dixi
1090 2269 1377 2330 explicatur.

231 2343 374 2391 Hanc
422 2344 689 2392 editionem
737 2359 862 2405 quae
908 2343 1052 2391 hodie
1095 2343 1349 2391 rarissima
1389 2334 1538 2407 est5),
1577 2342 1810 2389 Morellus
1908 2379 1923 2385 ..

121 2418 172 2464 in
206 2417 422 2466 editione
454 2433 660 2480 operum
691 2416 890 2465 Libanii
920 2419 955 2465 t.
981 2417 1031 2463 Π
1063 2434 1109 2478 p.
1130 2417 1404 2463 610—617
1438 2408 1808 2481 repetendam⁶)

45 2489 61 2557 ξ
121 2493 327 2539 curavit.

243 2649 284 2700 1)
318 2645 385 2690 Cf.
410 2648 442 2690 t.
468 2647 490 2691 Ι
520 2662 565 2704 p.
585 2652 683 2691 351.
868 2648 910 2700 2)
945 2645 1012 2689 Cf.
1037 2647 1068 2688 t.
1095 2645 1135 2688 11
1167 2661 1211 2701 p.
1230 2650 1329 2688 495.

242 2708 284 2761 3)
319 2705 384 2750 Cf.
410 2706 528 2751 Ann.
554 2705 780 2751 Fleckeis.
808 2709 936 2757 1876,
963 2709 1061 2748 211.

160 2822 168 2830 1
241 2767 284 2832 4)
317 2763 607 2832 Documento
651 2767 722 2809 est
764 2764 889 2821 quod
932 2777 1174 2808 sermone-m
1217 2763 1280 2807 ad
1324 2763 1438 2807 cives
1475 2763 1680 2806 habitum
1722 2776 1812 2806 esse

121 2822 285 2938 mderg)
297 2822 428 2939 <1333
451 2882 706 2939 exemplari
737 2881 1053 2925 bibliothecae
1084 2880 1235 2925 Musei
1263 2880 1521 2924 Britannici
1553 2895 1662 2923 usus
1695 2895 1809 2923 sum.

243 2943 285 2996 6)
318 2940 470 2985 Notae
501 2944 685 2985 tantum
719 2941 918 2985 omissae
950 2942 1070 2984 sunt.
